3684 7259
854 1256 996 1327 Apologia.
1535 1265 1597 1323 tos

255 1433 324 1492 h'on
348 1438 381 1491 in
403 1434 436 1492 id
456 1443 514 1495 esse
537 1435 651 1495 dixeras
671 1436 866 1511 pyramidem
889 1441 985 1507 teram,
1008 1443 1045 1494 ut
1065 1439 1130 1509 ejus
1144 1440 1291 1496 materiae
1313 1436 1500 1496 identitatem
1524 1457 1598 1498 eon·

254 1522 471 1598 sidereremus5
502 1534 532 1580 at
560 1524 623 1599 jam
654 1522 691 1581 ad
721 1533 846 1582 mentem
876 1540 1013 1594 revocas,
1044 1526 1214 1599 pyramidis
1241 1526 1470 1584 mathematicae
1498 1544 1601 1586 omnes

173 1640 176 1654 ι
249 1617 353 1682 perles
377 1628 435 1668 esse
456 1611 588 1683 ejsudem
611 1614 770 1683 materiae,
793 1628 951 1684 unamque
973 1613 1036 1683 mes
1056 1620 1174 1688 partem
1197 1613 1409 1688 homoqerream
1433 1630 1503 1671 arm
1525 1615 1598 1685 elie,

253 1696 376 1771 ideoque
399 1697 442 1754 ad
463 1699 614 1757 meliorem
638 1700 760 1767 sirijecti
781 1700 1009 1772 explicationem
1034 1707 1061 1756 te
1079 1701 1182 1775 fecisse
1202 1707 1305 1773 partes
1328 1699 1477 1775 aequales.

342 1784 528 1861 Pyrarnidem
550 1795 630 1843 tuam
654 1785 722 1842 ditm
746 1785 831 1845 doces
853 1785 1040 1861 physicarum
1064 1787 1339 1863 contemplationum
1364 1804 1454 1846 cansa
1479 1803 1599 1864 expres-

254 1888 335 1938 sam,
367 1891 400 1929 cx
426 1873 573 1944 codicis,
608 1892 675 1930 eom
698 1875 794 1947 meeis
816 1890 874 1929 esse
893 1873 1072 1948 formalem,
1101 1892 1195 1949 quam
1227 1881 1263 1932 ut
1286 1874 1341 1932 suh
1363 1873 1601 1933 consideratione

254 1958 474 2037 mathematica
490 1960 701 2033 comprehendi
721 1962 820 2035 pessit.
867 1959 993 2018 Rursum
1016 1960 1129 2036 aiiqnid
1150 1960 1288 2036 proficio,
1323 1959 1402 2036 quod
1425 1962 1503 2019 enim
1525 1959 1599 2020 hae-

253 2052 337 2103 tenus
359 2046 477 2105 scholae
500 2055 671 2105 sorrentum
697 2045 837 2118 dixerunt,
862 2054 894 2104 tu
917 2046 1048 2124 appellas
1069 2049 1208 2124 formale.
1254 2046 1340 2107 Utere
1373 2048 1495 2115 vocibus
1517 2049 1598 2106 arbi-

254 2141 329 2189 trata
353 2144 418 2204 tuo,
451 2134 520 2192 mihi
546 2136 706 2192 formalitas
739 2135 832 2192 omnis
865 2151 899 2191 ex
922 2136 1082 2209 geometria
1111 2142 1169 2205 est,
1199 2134 1302 2194 saltem
1335 2135 1471 2208 mentali,
1504 2137 1598 2193 omnis

256 2220 414 2296 applicatio
438 2224 564 2296 partium
589 2238 765 2297 operumque
788 2219 909 2280 naturae
933 2221 971 2279 ad
994 2224 1144 2281 materiam
1167 2222 1263 2298 adque
1279 2223 1441 2297 subjeetum
1465 2222 1595 2281 retertur.

254 2308 308 2363 lna
322 2310 374 2365 rim
398 2311 563 2366 meminisse
587 2318 614 2367 te
638 2308 726 2366 velim
748 2308 889 2384 postulati
911 2312 969 2367 mei
985 2309 1098 2386 analysi
1115 2310 1298 2385 praecedenti
1318 2327 1389 2369 saue
1405 2325 1493 2385 qnam
1508 2312 1596 2385 aeqtd

254 2394 340 2452 thiu-1.
388 2396 465 2453 Dum
488 2398 565 2454 enim
588 2395 762 2473 persuadere
785 2399 839 2466 vis,
863 2400 895 2453 in
917 2397 971 2456 hoc
987 2399 1090 2469 Jaecre
1111 2414 1229 2455 emnem
1255 2400 1451 2470 intentionem
1474 2400 1597 2473 sapien·

253 2490 316 2538 tum
341 2482 521 2541 harmoniae
542 2487 775 2560 proportionum
798 2490 825 2541 et
839 2501 1065 2557 mensurarum,
1089 2492 1124 2542 ut
1143 2486 1346 2558 intelligamus
1357 2487 1597 2560 proqroesionem

250 2572 370 2644 hirneae
403 2570 445 2627 ed
474 2571 704 2645 depurationem
738 2574 974 2640 materiante,
1009 2580 1099 2629 restat
1128 2573 1217 2645 igitur
1247 2570 1303 2630 boc
1333 2572 1388 2629 tibi
1420 2569 1595 2646 addendum,

253 2658 330 2730 qnod
359 2659 446 2714 etiam
475 2676 563 2733 snpra
590 2658 737 2732 flagitavi,
769 2665 801 2716 ut
823 2657 931 2726 gradus
961 2659 1172 2734 progressionis
1202 2657 1290 2733 hujus
1314 2660 1399 2717 certis
1425 2660 1516 2736 signis
1542 2658 1596 2717 de-

252 2744 350 2810 tinins,
384 2762 418 2801 cx
443 2747 549 2819 quibus
579 2744 790 2820 intelligamus,
822 2744 940 2820 qnando
962 2744 1116 2820 deputatio
1148 2747 1289 2823 propositi
1313 2748 1451 2822 temporis
1480 2743 1518 2804 ad
1541 2745 1596 2804 de-

251 2833 435 2904 purationem
459 2833 619 2909 plenariam
642 2850 706 2891 sese
729 2831 837 2890 habent
860 2828 957 2912 (verbi
982 2834 1085 2906 musa)
1108 2840 1140 2891 nt
1164 2834 1181 2890 3
1206 2832 1243 2890 ad
1269 2834 1304 2906 t,
1336 2832 1454 2908 quande
1482 2832 1595 2892 scilieet

253 2921 341 2975 t'aeiat
372 2920 609 2978 concordantiam
638 2938 690 2978 acu
720 2918 898 2977 harmoniam
922 2918 1118 2991 diatessaron;
1148 2938 1216 2978 nant
1240 2919 1296 2979 hoe
1325 2937 1360 2978 ex
1391 2918 1594 2997 pyramidibus

254 3007 310 3061 tuis
335 3011 424 3081 negas
448 3006 513 3065 elici
536 3005 650 3065 debere.
697 3006 770 3064 hlihi
794 3006 925 3082 quidem,
959 3009 982 3063 si
1007 3006 1111 3065 liberet
1132 3005 1283 3081 indulgere
1306 3005 1466 3083 analogiis,
1498 3010 1594 3066 amnis

253 3095 308 3149 ista
340 3094 518 3168 imperiectio
551 3094 763 3170 deperationis,
797 3111 971 3170 quocunqne
1001 3109 1120 3152 nurnero
1151 3111 1203 3151 scu
1234 3094 1403 3162 harmonico
1439 3110 1492 3153 sen
1523 3092 1593 3168 alio,

253 3197 428 3254 qitntunque
452 3184 637 3258 proportione
660 3199 712 3239 seu
736 3181 843 3240 effabili
867 3199 919 3239 sen
941 3180 1080 3240 ineflabili
1104 3187 1256 3252 contenta,
1286 3180 1487 3241 dissonantiae
1510 3183 1594 3240 simi-

251 3266 306 3324 lior
330 3266 490 3342 rideretnr,
521 3278 621 3327 centra
650 3269 744 3326 omnis
768 3270 933 3342 conjunctio
963 3267 1071 3327 formae
1100 3285 1165 3325 eum
1188 3270 1311 3326 materia
1342 3271 1371 3325 iu
1404 3283 1459 3327 sno
1485 3285 1594 3346 genere

252 3355 389 3429 perlecta.
436 3356 543 3413 Verum
568 3360 643 3413 enim
667 3373 736 3414 vere
760 3374 805 3414 me
828 3356 987 3427 retraham,
1011 3372 1104 3431 neque
1128 3356 1205 3414 enim
1227 3355 1316 3430 hujus
1339 3363 1384 3414 est
1406 3354 1479 3429 loci,
1512 3364 1593 3416 tuam

251 3442 331 3499 illam
354 3441 551 3501 Hermeticam
573 3443 787 3520 philosophiam
810 3445 991 3519 penitissime
1014 3442 1060 3502 vel
1084 3440 1234 3502 addiscere
1257 3441 1304 3501 rel
1327 3451 1471 3503 excutere.

336 3529 391 3586 Ad
416 3532 597 3606 Analysin
621 3530 696 3591 XX.
742 3530 896 3605 Nunquam
927 3547 1008 3600 mea,
1041 3529 1183 3601 Roberte,
1213 3531 1318 3589 recitas
1348 3532 1410 3589 sine
1438 3531 1592 3606 anetari03

251 3618 369 3674 omnine
393 3616 520 3675 liberalis
544 3635 584 3676 es.
631 3619 730 3693 Egone
751 3618 841 3676 salsas
864 3618 1054 3693 pronunciari
1079 3619 1284 3675 consonantias
1301 3625 1367 3676 tuas
1383 3616 1594 3677 Hermetieasi

251 3704 340 3778 Atqui
364 3703 439 3763 adeo
463 3706 533 3761 nihil
558 3705 628 3761 mihi
661 3723 726 3764 enm
750 3707 784 3762 iis
807 3706 917 3779 negotii
942 3704 1022 3765 volni
1046 3721 1127 3774 esse,
1159 3712 1191 3763 ut
1218 3703 1403 3764 distinctione
1433 3722 1488 3765 sen
1509 3723 1592 3765 eom·
1693 3753 1695 3758 .

249 3794 400 3866 paratione
425 3792 586 3851 clarissima
609 3793 769 3851 certauerim
796 3792 862 3851 illas
892 3794 1005 3851 ameis
1031 3790 1267 3850 summovendae.
1314 3791 1379 3850 Non
1408 3792 1505 3852 refuto
1527 3792 1592 3852 ao-

250 3879 330 3935 berte
354 3887 419 3950 tua,
453 3879 503 3938 sed
528 3897 664 3954 compare
687 3898 768 3949 urea,
793 3889 824 3937 ut
847 3882 920 3937 sciat
943 3880 1047 3951 lector,
1067 3879 1148 3957 Ιιιιιὶιί
1174 3895 1265 3955 penes
1288 3886 1317 3938 te
1348 3885 1487 3956 queant,
1520 3873 1596 3961 qnid
1696 3896 1709 3912 ··

249 3982 339 4042 penes
370 3984 426 4027 me.
472 3965 567 4040 Quam
600 3970 688 4040 igitur
715 3978 744 4025 tu
777 3967 824 4025 ltie
853 3967 938 4025 affers
969 3966 1195 4043 explicationem
1227 3965 1442 4026 harmoniarum
1471 3972 1594 4028 inrum

249 4053 443 4129 physicarum,
468 4072 541 4129 quas
565 4066 595 4111 tu
620 4053 686 4113 laxe
710 4057 790 4113 vocis
814 4072 868 4113 usu
892 4054 1102 4129 complecteris,
1126 4070 1191 4112 eam
1213 4051 1369 4113 lectoribus
1392 4055 1452 4114 tnlr
1471 4053 1590 4116 rentem

250 4140 490 4217 commendoque.
534 4141 639 4198 Mirum
663 4151 768 4212 tamen,
792 4159 843 4200 eur
865 4144 892 4197 in
916 4140 973 4201 hee
995 4157 1061 4199 meo
1077 4147 1158 4199 textu
1181 4142 1370 4216 repugnantis
1392 4139 1591 4202 etrtintnntis

250 4229 381 4286 oratione
410 4232 516 4300 utaris,
548 4246 613 4287 eum
641 4238 737 4288 tamen
760 4231 823 4305 ipse
844 4226 923 4286 idem
953 4229 988 4286 de
1019 4238 1046 4287 te
1078 4230 1141 4303 ipso
1174 4219 1260 4286 dieas
1278 4228 1375 4288 verbis
1403 4225 1591 4308 pentomis.
1672 4265 1675 4270 -

253 4315 418 4375 Consentes
441 4319 536 4391 inquis
558 4317 677 4392 formae
701 4325 727 4374 et
749 4319 895 4374 maurice
917 4318 1100 4391 quantitates
1122 4315 1238 4373 easdem
1261 4332 1325 4375 non
1348 4313 1489 4389 edrrffit,
1510 4331 1592 4394 qun·

248 4410 334 4459 tenus
362 4403 465 4478 forma
497 4395 651 4462 emnmuni
680 4406 859 4478 peometriac
887 4421 1033 4461 mensure
1066 4420 1130 4460 non
1160 4410 1372 4474 mensuratur,
1409 4401 1463 4462 sed
1488 4401 1590 4476 ideali,

247 4492 395 4564 quoniam
415 4492 518 4567 forma
547 4492 632 4547 lineis
653 4493 836 4566 geometricis
862 4490 985 4565 depinqi
1012 4507 1074 4548 non
1099 4496 1203 4564 potest.
1250 4489 1288 4547 Fa
1309 4492 1406 4564 pergis
1435 4488 1604 4566 explicare,

249 4577 397 4651 quomode
420 4579 529 4637 termae
553 4595 687 4635 urensnra
710 4584 907 4653 competetet
931 4576 1078 4653 quomode
1098 4574 1325 4650 intelligendum,
1350 4575 1429 4653 qued
1451 4578 1591 4637 materiae

246 4662 378 4745 diversas
401 4665 509 4724 lormee
533 4667 680 4741 portiones
704 4666 852 4741 recipiant.
899 4663 982 4740 Quae
1006 4666 1104 4723 omnia
1135 4666 1281 4740 pertinent
1304 4681 1356 4738 eo,
1386 4671 1418 4722 nt
1439 4663 1592 4742 iutellige-

244 4768 322 4823 mus,
353 4760 380 4808 tc
408 4770 471 4810 rem
501 4760 617 4811 encore
645 4753 878 4810 diversissimam
907 4771 927 4809 a
954 4754 1015 4810 mei
1043 4754 1141 4826 operis
1168 4753 1330 4828 proposito.
1375 4750 1450 4814 Nam
1474 4752 1528 4811 etsi
1558 4759 1588 4809 tu

247 4856 391 4913 provocas
425 4840 461 4899 ad
490 4840 586 4899 locum
619 4858 653 4897 ex
677 4857 741 4898 mee
772 4838 846 4897 libre
869 4838 924 4896 111.
952 4855 1015 4915 cap.
1040 4840 1074 4911 4,
1105 4838 1153 4897 ubi
1183 4855 1228 4897 me
1256 4837 1312 4898 hoe
1335 4839 1430 4913 ipsum
1459 4839 1503 4898 ais
1534 4856 1589 4914 ag·

244 4943 384 4999 noscere,
415 4939 445 4984 at
468 4931 542 4985 seire
565 4935 697 5001 peteras,
729 4925 780 4983 ilia
812 4943 898 4985 ame
922 4944 957 4985 ea
978 4925 1183 5003 Pythagoricis
1206 4942 1270 4984 esse
1294 4924 1385 4985 relata
1408 4922 1467 4987 κατ’
1493 4921 1589 5003 doctr,

245 5031 302 5070 non
335 5022 368 5071 nt
391 5019 479 5074 θεσιι.
524 5014 644 5072 Rectius
674 5015 710 5072 ad
743 5012 802 5071 aiia
831 5012 897 5072 loea
928 5012 993 5072 libri
1024 5014 1081 5072 mei
1103 5012 1155 5069 lV.
1181 5011 1358 5072 Harmoniae
1387 5029 1589 5092 provocasset.

247 5100 322 5158 Nam
346 5102 386 5159 ibi
409 5120 483 5178 pene
507 5102 543 5159 ad
568 5102 688 5158 verbum
719 5109 813 5160 tecum
844 5097 976 5159 invenies
999 5100 1167 5176 loquentem
1197 5097 1232 5158 de
1255 5098 1329 5157 ideis
1352 5117 1446 5159 rernm
1469 5117 1590 5177 geome-

244 5191 380 5246 triearnm
409 5193 436 5246 in
462 5191 620 5247 arrimarnm
644 5188 831 5264 penitissimis
854 5189 997 5247 essentiis.
1043 5187 1108 5245 Non
1136 5194 1180 5245 est
1203 5171 1301 5244 tamin
1332 5204 1369 5245 ne
1392 5187 1439 5247 hie
1470 5186 1589 5265 quidem
1622 5249 1624 5254 ,
1732 5241 1736 5252 ,

247 5276 322 5333 idem
346 5278 432 5335 nobis
457 5279 590 5350 utrinque
613 5294 726 5333 sensus.
770 5274 842 5332 Mihi
868 5277 944 5335 enim
969 5273 1027 5332 dno
1052 5274 1182 5347 termini,
1205 5291 1276 5349 pure
1298 5274 1437 5333 mentalis
1459 5284 1590 5352 uterque,

244 5363 402 5421 mentalem
426 5364 555 5433 effigiant
577 5362 769 5426 harmoniam,
792 5379 868 5438 qrrae
892 5364 931 5420 sit
952 5361 1020 5420 idea
1034 5359 1212 5419 sensualium
1228 5363 1425 5435 terminumn,
1450 5362 1509 5423 dno
1532 5366 1590 5422 it'e·

243 5468 305 5508 rum
331 5453 443 5510 termini
474 5450 624 5509 sensuales
653 5452 853 5525 requiruntur,
885 5451 913 5506 in
938 5449 1045 5526 quibus
1074 5446 1177 5506 eadem
1206 5449 1245 5505 sit
1268 5464 1406 5525 expressa
1431 5452 1589 5529 proportio,

244 5554 320 5613 qnae
343 5537 451 5597 relucet
475 5542 502 5594 in
526 5544 642 5609 mente3
667 5546 698 5596 at
721 5537 772 5595 tibi
797 5536 905 5596 termae
929 5539 1010 5613 ipsae
1033 5535 1106 5592 finnt
1128 5533 1202 5594 alter
1217 5538 1365 5609 terminus,
1389 5541 1513 5599 materia
1530 5545 1590 5598 ter-

245 5627 341 5684 minus
365 5625 501 5702 reliquus.
549 5623 614 5682 Hoc
637 5633 697 5697 est,
721 5622 800 5699 qnod
824 5622 968 5695 indicari,
982 5616 1144 5682 ¹discrimen
1167 5630 1330 5693 nostrarum
1356 5629 1599 5716 conceptionum.
