3684 7259
254 1187 317 1247 tte
723 1186 887 1255 appendicis
905 1186 1127 1241 Harmonicorum

209 1381 211 1387 ⁴
253 1365 342 1422 niam
372 1366 557 1437 invenimus,
588 1363 640 1422 sed
660 1372 882 1439 comparantur
900 1365 1027 1442 murae.
1070 1366 1135 1424 Non
1157 1374 1230 1443 puto
1252 1383 1299 1425 me
1323 1364 1469 1425 iacturum
1493 1379 1603 1440 operae

253 1453 393 1528 pretium,
426 1453 450 1508 si
478 1457 506 1508 te
530 1450 665 1529 adhorter
692 1449 730 1509 ad
753 1451 907 1526 legendum
936 1454 1041 1511 librum
1066 1454 1248 1531 diligentius,
1282 1468 1339 1510 uon
1364 1455 1441 1511 enim
1472 1452 1596 1529 parebis,

256 1538 351 1597 solum
374 1537 510 1596 lectorem
534 1554 652 1597 moneo:
675 1557 733 1596 uon
756 1538 828 1614 legit
850 1539 1004 1613 liebertus,
1033 1558 1089 1599 nou
1113 1542 1280 1619 pensitavit,
1305 1546 1356 1597 aut
1378 1542 1402 1597 si
1426 1541 1592 1615 pensitavit,

253 1624 329 1685 ludit
352 1642 420 1700 ergo
445 1633 495 1683 aut
518 1625 680 1684 cavillatur.
725 1626 758 1683 In
782 1628 970 1703 praeambulo
1001 1627 1096 1687 indico
1126 1646 1227 1687 causas
1250 1628 1464 1686 harmoniarum
1493 1633 1596 1704 peten-

254 1712 307 1771 das
331 1726 366 1770 ex
390 1715 558 1787 geometria,
582 1732 617 1771 ex
642 1713 787 1772 divistone
811 1715 922 1787 circuli,
947 1732 1022 1790 quac
1045 1716 1078 1774 iit
1100 1734 1151 1791 per
1172 1717 1281 1791 figuras
1303 1714 1452 1792 regulares
1476 1712 1598 1773 demon·

254 1784 404 1870 strabiles,
437 1798 511 1858 liber
532 1803 594 1876 ipse
618 1800 725 1876 figuras
753 1789 879 1860 exhibet.
923 1802 1060 1861 Nondum
1090 1821 1160 1862 sane
1191 1803 1299 1879 figurae
1321 1808 1390 1876 ,suut
1412 1800 1488 1860 idem
1519 1800 1597 1875 quod

254 1886 426 1957 harmonia,
450 1897 518 1945 suut
541 1895 637 1947 tamen
663 1890 710 1946 via
733 1888 770 1947 ad
794 1879 883 1959 illam.
931 1888 1017 1964 Quid,
1041 1892 1065 1946 si
1090 1891 1157 1949 dum
1181 1890 1288 1968 sponsa
1312 1891 1442 1961 comitur,
1471 1888 1598 1946 nondum

254 1983 322 2033 aunt
344 1977 473 2050 nuptiae,
496 1974 569 2032 nihil
592 1994 660 2051 ergo
683 1987 791 2052 spou'sa
814 1978 882 2034 iacIt
904 1976 941 2034 ad
965 1976 1102 2054 nuptias?
1148 1980 1207 2036 Aut
1229 1980 1254 2035 si
1283 1976 1355 2034 nibli
1378 1976 1439 2051 agit
1461 1975 1598 2034 Euclides

254 2062 331 2121 libro
354 2062 406 2119 IV.
432 2061 467 2120 de
490 2065 665 2138 corporibus>
682 2062 797 2133 solidis,
826 2063 877 2122 sed
901 2065 995 2123 solum
1019 2064 1054 2123 de
1077 2065 1176 2139 riguus
1199 2064 1312 2140 planis,
1343 2062 1414 2120 uthil
1438 2079 1508 2139 ergo
1530 2063 1598 2122 lacit

255 2149 330 2208 liber
353 2148 405 2206 IV.
438 2149 475 2207 ad
505 2149 663 2210 solidorum
695 2152 823 2226 quinque
850 2144 1050 2210 sarmationem
1079 2152 1153 2211 libro
1183 2151 1271 2209 XIII.
1305 2148 1496 2225 sequentem?
1541 2150 1597 2209 Sed

246 2237 353 2308 rideo,
381 2235 451 2311 quid
475 2235 616 2312 volueris,
639 2237 780 2297 Roberte:
804 2241 832 2295 iu
857 2242 951 2297 sinum
974 2239 1101 2314 gaudes,
1121 2239 1202 2315 'quod
1226 2256 1271 2296 me
1294 2240 1499 2311 commoveris,
1523 2237 1598 2297 rides

256 2324 454 2383 defensionem
477 2341 534 2382 non
557 2326 761 2384 necessariam.
807 2325 904 2401 Quare
928 2325 999 2384 nihil
1022 2325 1127 2384 addam
1150 2326 1284 2402 amplius.

344 2403 432 2469 Libro
455 2429 520 2469 meo
543 2413 669 2471 secundo
699 2412 802 2471 tribuIs
825 2414 912 2486 mihi,
948 2413 1026 2489 quod
1056 2407 1183 2483 credam,
1215 2415 1242 2470 in
1267 2415 1395 2488 quinque
1429 2411 1597 2487 corporibus

255 2499 437 2575 regularibus
465 2501 622 2559 consistere
653 2501 710 2557 vim
741 2500 910 2560 harmoniae
949 2501 1120 2560 mundanae.
1172 2501 1297 2558 Rursum
1333 2501 1461 2575 praepeti
1481 2499 1596 2585 zqolatq

254 2581 339 2645 turb'o
363 2589 531 2645 transcurrit
553 2589 656 2662 igneus
679 2589 787 2662 ingenii
812 2592 854 2646 tui
879 2587 1016 2660 volatilis,
1041 2588 1119 2664 quod
1142 2588 1230 2646 fixum
1253 2587 1347 2646 iacere
1365 2587 1451 2661 jubet
1473 2583 1597 2647 Hermes

255 2683 331 2731 tuus.
376 2675 464 2732 Liber
486 2691 568 2732 meus
590 2673 735 2734 secundus
758 2674 853 2734 adhuc
877 2678 904 2732 in
928 2675 1027 2749 figuris
1050 2681 1197 2741 versatur,
1222 2674 1393 2751 quae‘libro
1416 2674 1503 2734 tertio
1526 2685 1602 2733 con=

255 2764 375 2820 stituent
398 2762 634 2837 coaptabuntque
655 2767 873 2839 proportionum
897 2763 1127 2821 harmonicarnm
1147 2766 1293 2821 terminos.
1340 2751 1477 2838 Agnosco
1498 2766 1598 2822 umen

255 2849 350 2927 ldeam
367 2836 520 2924 'quandam
544 2849 758 2914 harmoniarum
782 2850 1009 2922 mundanarum,
1038 2853 1205 2927 praesertim
1227 2849 1455 2920 radlationum,¹
1472 2851 1501 2905 ln
1524 2853 1597 2921 obtr-

189 2929 193 2942 '
255 2928 390 3011 gruentia
418 2936 573 3011 figurarum
604 2940 793 3013 geometrica,
828 2938 897 2996 dum
921 2937 990 2997 illae
1013 2938 1109 2996 adbuc
1138 2939 1167 2993 iu
1192 2938 1338 2995 abstracto
1370 2925 1598 2996 considerantur.

257 3024 301 3081 le
323 3024 379 3082 hae
402 3027 597 3100 congruentia,
623 3042 698 3098 quae
722 3024 843 3092 Graecis
866 3035 910 3084 est
933 3021 1067 3103 ἁρμοσις,
1092 3026 1304 3102 primapetitur
1328 3026 1410 3099 origo
1434 3026 1515 3081 vocis
1531 3023 1599 3081 har-

255 3115 361 3169 monIa.
408 3110 515 3169 Verum
538 3112 585 3169 hic
609 3129 710 3170 seusus
734 3115 815 3172 vocis
839 3112 934 3173 adhuc
956 3113 1118 3189 generalior
1141 3120 1198 3183 eat,
1223 3130 1310 3187 quam
1333 3114 1480 3189 proprium
1504 3112 1598 3187 ope'ris

256 3201 310 3257 mei
335 3197 513 3273 subjecturn3
537 3200 682 3277 sIgniticat
704 3203 780 3258 enlm
803 3200 911 3258 uudam
934 3200 1159 3278 applicationem
1184 3198 1304 3257 laterum
1328 3201 1357 3256 lu
1381 3199 1497 3274 figuris,
1525 3216 1600 3273 qua·

255 3304 317 3343 rum
348 3287 447 3361 anguli
479 3285 574 3345 locum
604 3286 728 3345 solidum
759 3287 805 3345 vel
835 3289 954 3365 planum
978 3287 1106 3362 implent.
1153 3285 1270 3360 Quanto
1299 3288 1392 3362 magis
1425 3287 1599 3361 Improprina

256 3382 300 3432 est
332 3372 512 3447 significatus
543 3378 640 3448 vocis,
674 3393 739 3434 cum
764 3377 828 3450 quis
859 3379 946 3434 etiam
969 3376 1054 3433 orbes
1077 3374 1216 3433 coelestes
1249 3377 1322 3432 inter
1346 3391 1377 3431 ae
1407 3381 1598 3449 congruentes

243 3453 294 3520 'ad
317 3478 448 3519 normam
472 3461 583 3519 orbium
606 3465 860 3537 geometricorum,
891 3464 940 3537 qui
965 3469 993 3520 et
1016 3462 1115 3536 figuris
1146 3460 1246 3522 solidis
1269 3461 1464 3519 inscribuntur
1485 3468 1520 3518 'et
1543 3462 1599 3517 cir·

256 3548 502 3621 cumscribuutur,
535 3552 560 3607 si
590 3549 665 3611 bane
694 3552 811 3626 inquam
842 3552 1059 3625 congruentiam
1092 3550 1157 3624 quis
1188 3547 1367 3606 harmoniam
1400 3548 1495 3606 dicere
1518 3547 1598 3604 velit.

165 3651 169 3661 ·
256 3636 319 3712 Ego
343 3637 459 3711 quidem
488 3637 688 3711 ambIguitatis
716 3637 852 3696 vitandae
876 3654 965 3697 causa
989 3654 1136 3711 nunquam
1165 3635 1194 3692 ld
1218 3614 1286 3693 dixi.
1331 3635 1396 3693 Non
1427 3638 1503 3693 enim
1531 3634 1599 3691 har·

257 3726 384 3781 moutam
409 3727 482 3783 inter
505 3725 662 3782 Saturnum
685 3732 714 3782 et
736 3725 853 3788 dorem.
877 3724 934 3782 hoc
957 3724 1074 3798 quidem
1098 3724 1210 3782 orbimn
1233 3730 1375 3800 respectu,
1402 3721 1453 3782 aed
1476 3739 1599 3799 propor-

236 3798 364 3868 'tiouem
388 3813 500 3869 orbium
525 3812 592 3869 cubi
615 3830 666 3869 reu
689 3812 838 3887 figuralem
862 3811 927 3870 dico
951 3814 1097 3870 iuteresse.
1143 3810 1288 3885 Scapham
1310 3809 1427 3886 appello
1450 3810 1598 3885 scapham.

155 3957 157 3962 ,
262 3898 337 3956 Vide
360 3899 458 3972 lector,
483 3898 551 3973 quid
576 3901 696 3971 Intersit,
721 3918 755 3958 err
779 3917 843 3957 meo
866 3900 941 3957 libro
966 3898 1001 3957 de
1025 3900 1168 3957 sententia
1192 3897 1284 3971 deque
1307 3896 1504 3956 locutionibus
1527 3898 1599 3954 mels

194 4033 199 4043 ,
253 3985 385 4061 Judices,
415 4004 452 4044 uu
482 4003 516 4043 ex
545 3988 699 4061 interprete
722 3987 860 4045 Roberto.
906 3987 1098 4061 Nequaquam
1127 3987 1214 4060 Igitur
1245 3988 1272 4041 in
1296 3984 1371 4042 cubo
1398 3986 1531 4043 consistit
1555 3986 1599 4040 vis

256 4073 424 4131 harmoniae
447 4072 611 4132 mundanae
635 4076 709 4132 inter
731 4073 940 4132 Saturnumset
962 4073 1087 4145 Jovem3
1111 4071 1183 4131 alias
1207 4090 1261 4147 ego
1286 4071 1377 4129 doceo
1397 4073 1599 4148 proportiones

256 4160 439 4219 harmonicas
463 4163 535 4219 iuter
557 4169 654 4219 motus
676 4161 777 4220 horum
800 4160 991 4237 planetarum,
1014 4178 1090 4235 quac
1114 4162 1167 4218 etsi
1184 4162 1386 4235 cognationem
1402 4159 1510 4217 babere
1534 4176 1600 4216 cum

258 4249 334 4307 cubo
358 4246 518 4307 debuerunt
540 4246 659 4328 (quippe
685 4249 771 4324 juxta
794 4251 917 4308 invicem
942 4247 1131 4306 habitandum
1163 4247 1217 4303 iuit
1239 4255 1268 4305 et
1290 4245 1350 4303 illis
1379 4256 1407 4304 et
1429 4246 1512 4315 huic,
1547 4262 1600 4305 nec

257 4335 457 4412 impediendus
480 4335 527 4393 hic
550 4337 588 4394 ab
610 4333 693 4411 illis),
723 4353 780 4394 non
804 4344 900 4394 tamen
933 4336 1000 4394 illae
1023 4336 1182 4392 formantur
1212 4335 1344 4405 acubo,
1372 4334 1464 4410 ligura
1493 4331 1597 4404 solida,

258 4422 358 4482 seda
379 4424 479 4498 figuris
501 4422 610 4499 planis3
642 4441 695 4482 noc
718 4424 791 4482 libro
820 4423 947 4482 secundo
977 4422 1059 4480 locus
1088 4431 1132 4479 est
1156 4420 1342 4496 explicationi
1372 4420 1494 4496 plenarii
1519 4429 1597 4479 ortus

189 4518 191 4522 ’
258 4510 486 4581 harmoniarum,
510 4510 561 4569 scd
585 4510 658 4570 libro
680 4514 778 4583 tertio,
810 4528 863 4569 nec
885 4520 952 4568 ante
976 4512 1107 4585 quintum
1132 4510 1234 4567 librum
1258 4508 1435 4581 harmoniae,
1464 4510 1598 4583 quamvls

254 4599 318 4673 jam
346 4598 502 4669 formatae,
532 4604 689 4673 potuerunt
715 4598 855 4674 applicari
886 4597 994 4655 mundo
1025 4614 1076 4655 scu
1099 4596 1281 4672 planetarum
1305 4597 1440 4654 motibus.
1486 4594 1544 4656 Sed
1569 4603 1600 4652 tu

258 4677 361 4743 salsam
392 4687 426 4744 de
450 4703 536 4744 sensu
559 4702 624 4743 rnen
653 4688 875 4760 persuasionem
899 4694 1068 4761 conceptam
1091 4683 1256 4761 (propterca
1286 4683 1362 4758 quod
1385 4682 1519 4759 Mystarii
1543 4684 1599 4741 mei

258 4773 496 4849 Cosmographici
526 4775 675 4832 materiam
706 4776 892 4848 praecipuam
926 4790 990 4831 esse
1022 4772 1269 4849 interpositionem
1296 4787 1446 4846 corporum
1478 4785 1600 4845 eamque

257 4862 287 4934 tn
304 4860 497 4918 Harmonicis
522 4861 595 4918 llbro
620 4860 656 4918 V.
684 4864 835 4935 repetitam
859 4858 985 4937 vidIsti),
1014 4859 1088 4916 hanc
1111 4861 1228 4933 inquam
1251 4860 1482 4935 persuasionem,
1512 4855 1601 4915 semel

258 4955 438 5023 conceptum,
460 4936 624 5023 pertulum
649 4957 728 5005 tunm
753 4947 912 5006 dimersum
937 4946 1114 5023 analyticum
1136 4948 1242 5005 retines
1241 4991 1259 5029 θ
1286 4962 1420 5020 magnam
1444 4945 1508 5019 ejus
1529 4961 1599 5021 par-

258 5046 314 5095 tem
338 5037 566 5107 intermissurus,
589 5037 614 5092 si
637 5034 714 5093 hunc
737 5053 861 5093 errorem
886 5034 1149 5093 animadvertisses.

344 5123 432 5181 Libro
455 5139 519 5180 meo
544 5124 628 5180 terno
649 5122 722 5180 nihil
745 5124 788 5180 ais
811 5124 949 5195 Inveniri,
973 5123 1029 5178 nisi
1051 5123 1191 5179 musIcam
1214 5137 1321 5178 meram
1344 5119 1540 5190 artificialem,
1565 5136 1599 5177 ex

257 5208 382 5285 plurium
417 5217 547 5273 veterum
580 5217 731 5268 auctorum
758 5190 838 5269 libris
871 5209 1049 5285 decerptam,
1082 5207 1153 5266 nihil
1185 5225 1219 5266 er
1252 5210 1378 5284 proprio.
1430 5206 1461 5266 St
1490 5208 1600 5263 musica

257 5293 417 5356 artidcialis
440 5295 515 5355 idem
545 5298 598 5355 tibi
624 5306 667 5355 est
697 5297 773 5371 quod
797 5297 937 5368 humana,
969 5287 1098 5372 prolecto
1121 5295 1194 5353 haec
1216 5294 1280 5352 libri
1303 5298 1380 5353 tertii
1403 5296 1525 5352 materia
1547 5299 1598 5364 est,

153 5429 159 5438 .
257 5386 300 5443 sie
321 5392 428 5459 minen,
452 5385 584 5444 ut'circa
607 5393 699 5443 ortum
721 5385 953 5445 harmonicorum
976 5401 1047 5461 prop
1146 5400 1195 5441 um
1210 5399 1352 5456 moneam,
1376 5380 1601 5455 subintelligen-

259 5470 326 5528 durn
351 5489 415 5531 esse
437 5472 573 5548 generale
596 5474 755 5549 quippiam,
780 5473 858 5546 quod
882 5475 919 5530 sit
936 5472 1015 5531 abstr
1169 5471 1302 5543 vocibus,
1326 5477 1465 5545 tauquam
1488 5486 1507 5527 a
1529 5468 1600 5525 sub·

254 5557 334 5632 jecto
357 5558 481 5636 physico
505 5559 552 5618 vel
575 5563 705 5618 materia.
751 5558 801 5617 Sin
825 5568 922 5619 antem
954 5577 1012 5620 vox
1190 5558 1271 5615 cialie
1301 5567 1369 5616 ate
1401 5559 1428 5613 iu
1452 5554 1482 5613 id
1515 5571 1599 5613 usur-

256 5653 351 5722 patur,
374 5655 408 5706 ut
430 5645 568 5736 excludas
590 5656 734 5721 naturam,
753 5646 816 5722 jam
840 5646 949 5706 dudum
972 5659 1076 5724 respon
1168 5623 1262 5720 haec,
1286 5645 1472 5705 artificiorum
1495 5644 1600 5703 huma·
