3684 7259
241 1219 305 1279 aas
374 1201 376 1203 ’
758 1210 907 1274 ronnas
925 1209 1080 1268 amosa

241 1399 388 1458 torumque
405 1386 526 1459 species,
549 1403 617 1455 quas
636 1386 779 1454 odoratus,
802 1404 870 1456 quas
887 1388 980 1455 lingna
1002 1402 1056 1441 uon
1074 1387 1198 1457 percipit
1234 1387 1349 1442 Puerills
1367 1389 1449 1456 igitur
1471 1397 1515 1443 est
1531 1406 1594 1444 con·

239 1468 353 1533 tractio,
372 1465 485 1536 puerilia
503 1465 715 1521 accommodatio
734 1468 838 1520 numeri
851 1483 978 1522 ausuum
991 1467 1026 1521 ad
1039 1484 1181 1521 numerum
1193 1468 1344 1536 specierum
1361 1467 1448 1536 ipsius
1459 1467 1595 1537 diapente.

325 1546 399 1600 Nota
415 1545 450 1600 K
486 1544 549 1599 Nou
571 1542 706 1599 absimilia
732 1545 784 1599 dici
808 1556 922 1615 possent
948 1547 981 1601 de
1008 1555 1113 1614 septem
1136 1547 1235 1600 muniis
1259 1546 1414 1601 intellectus
1437 1546 1473 1601 ad
1490 1556 1595 1617 septem

240 1624 347 1695 species
366 1625 498 1694 diapason
516 1622 734 1678 accommodatis.
770 1625 892 1679 Primum
903 1627 983 1693 enim,
1001 1625 1211 1693 imagmatiaasi
1226 1626 1340 1693 eripitur
1352 1626 1498 1686 ιιιιιιιιιι
1509 1633 1595 1679 traua·

242 1703 381 1775 iubarque
399 1703 435 1758 ad
452 1702 678 1770 intellectualem,
706 1719 803 1759 sensus
822 1721 877 1758 non
895 1712 975 1758 erunt
991 1703 1110 1771 mimae,
1130 1702 1179 1758 sed
1195 1718 1286 1760 merae
1303 1705 1447 1773 passiones
1464 1705 1594 1772 eorporis.

241 1782 354 1845 Deinde,
370 1791 401 1837 ut
418 1783 540 1837 omittam
558 1780 624 1849 alia,
642 1780 713 1835 dnae
733 1783 872 1838 ιιιιιιιιιι
891 1782 997 1852 species
1015 1787 1091 1850 sunt,
1112 1781 1231 1850 opinatio
1251 1792 1279 1837 et
1296 1783 1483 1846 ratiocinatio,
1501 1793 1529 1837 et
1547 1798 1595 1836 eae

240 1861 349 1932 quidem
367 1861 575 1927 subordinatas,
600 1876 654 1916 uon
679 1862 816 1931 expressis
839 1862 983 1932 limitibus,
1009 1860 1108 1916 nedum
1132 1861 1341 1929 quantitatibus,
1368 1871 1400 1917 ut
1422 1862 1596 1917 harmonicae

238 1941 429 2034 propoftiones
447 1941 605 2007 distinctae;
624 1938 693 1993 adeo
712 1948 739 1995 et
761 1942 882 2010 opinatio
901 1941 928 1995 in
947 1941 1012 1996 citio
1031 1946 1081 2008 est,
1101 1939 1169 1993 adeo
1188 1951 1216 1995 et
1227 1941 1359 2009 perfectio
1371 1941 1594 2009 mb‘ocinationis,

189 2022 192 2027 ⁴
241 2028 272 2076 ιιι
288 2019 423 2091 opinionis
441 2019 562 2076 scienda
597 2015 760 2073 Diifernnt
752 2029 805 2075 rsta
825 2022 974 2076 seeundum
993 2019 1077 2104 magis
1095 2019 1232 2086 etminns,
1252 2019 1346 2087 logicis
1358 2018 1450 2088 potius
1468 2024 1595 2088 etgram·

240 2100 346 2155 maticis
364 2098 557 2155 vocabulorum
575 2096 825 2172 significationibus,
845 2115 926 2166 quarn
942 2115 1034 2154 rerum
1051 2093 1171 2167 ipsarum
1187 2098 1288 2153 finibus
1301 2098 1456 2167 conspicuis
1468 2105 1497 2152 et
1508 2098 1594 2152 facul

240 2178 342 2236 tatibus
360 2178 530 2235 naturalibus
548 2179 684 2237 (ιιιιιιιιι
719 2178 774 2233 Cur
796 2195 851 2233 uon
875 2178 946 2233 iuter
963 2176 1109 2233 facultates
1132 2186 1257 2234 recenset
1279 2178 1361 2232 etiarn
1387 2176 1546 2238 stultitiam
1569 2170 1593 2233 ιῐ
1617 2209 1622 2220 ·

240 2259 280 2313 ita
296 2257 397 2313 vult?

326 2338 400 2393 Nota
417 2337 464 2394 XI.
502 2337 573 2392 Dum
596 2353 661 2393 vero
684 2335 782 2391 transit
805 2335 839 2389 ad
859 2334 1026 2391 Platonicum
1053 2338 1158 2391 animae
1181 2333 1415 2401 distributionem,
1444 2352 1515 2404 quae
1538 2335 1597 2390 fere

217 2416 327 2493 ,ροιιιι
350 2415 444 2472 baberi
467 2432 518 2485 pro
541 2414 725 2471 subdivisione
749 2413 859 2468 moralis
884 2413 1022 2469 facultatis
1046 2431 1093 2469 seu
1119 2413 1279 2482 voluntatis,
1306 2429 1342 2468 ex
1362 2413 1468 2468 intento
1487 2413 1596 2481 quidem

239 2490 376 2564 Platonis,
403 2494 455 2550 etsi
473 2493 646 2550 Ptolemaeus
665 2493 761 2547 miscet
783 2508 856 2547 mere
875 2490 1084 2562 intellectualia,
1111 2495 1227 2563 primum
1250 2508 1285 2547 ne
1303 2509 1336 2548 ea
1359 2493 1468 2562 quidem
1485 2494 1596 2562 allegat,

239 2587 310 2641 qnae
328 2587 379 2627 nos
404 2588 487 2642 supra
509 2588 544 2626 ex
567 2570 696 2632 Platone.
719 2572 817 2627 deinde
841 2572 960 2641 explicat
983 2574 1010 2627 in
1027 2580 1119 2642 parte,
1148 2572 1221 2641 quod
1247 2579 1290 2624 est
1310 2571 1436 2627 omnibns
1454 2585 1618 2627 commuue·

239 2649 478 2707 distributiombos
497 2650 592 2741 animi,
618 2649 692 2720 quod
711 2651 825 2705 ιιιιιιιιι
842 2651 1027 2720 respondeant
1050 2651 1203 2719 concinnis,
1231 2651 1296 2705 ritis
1314 2651 1497 2720 inconcinnis;
1526 2666 1595 2720 quae

240 2731 444 2801 generalissima
460 2730 593 2797 omnium,
609 2727 675 2794 boni
691 2745 730 2785 sc.
750 2736 778 2783 et
799 2728 862 2783 mab
880 2730 1060 2799 comparatio,
1080 2738 1122 2784 est
1139 2745 1174 2784 ex
1192 2738 1309 2798 utroque
1326 2746 1435 2800 genere.

326 2810 399 2865 Nota
416 2808 478 2863 ΧΠ
513 2803 677 2876 Quaerere
702 2807 880 2863 facultatibus
906 2807 1035 2862 irascrbili
1060 2816 1087 2863 ιι
1109 2808 1312 2881 concupiscibili
1336 2811 1456 2879 assignat
1482 2814 1595 2888 species,

240 2904 302 2955 eae,
319 2889 347 2944 in
366 2893 497 2956 quantum
515 2883 576 2939 ad
567 2900 642 2956 ipsas
660 2886 806 2955 pertinent,
824 2891 913 2941 motus
934 2893 1011 2955 sunt,
1031 2890 1179 2944 secundum
1198 2905 1266 2956 quos
1283 2891 1441 2957 agnoscitur
1458 2889 1596 2959 quaelibet

239 2968 370 3037 facultas,
392 2972 423 3021 ut
440 2981 504 3020 vero
522 2963 567 3018 hic
585 2962 789 3033 describuntur,
815 2973 879 3020 sunt
902 2966 994 3034 potius
1021 2969 1135 3023 virtutes
1158 2970 1264 3023 animae
1290 2969 1431 3024 rationalis
1453 2970 1526 3025 circa
1550 2969 1595 3023 do·

239 3049 352 3105 mandes
370 3054 398 3101 et
416 3044 550 3113 regendos
566 3043 618 3098 bos
636 3052 739 3108 motus,
765 3059 826 3099 cum
843 3053 934 3099 ιιιιιι
958 3045 986 3099 iu
1009 3046 1062 3101 boc
1080 3048 1170 3117 capite
1186 3047 1358 3103 Ptolemaeus
1376 3046 1466 3102 adhuc
1489 3055 1594 3102 tantum

240 3126 358 3196 deipsis
377 3122 554 3178 facultatibus
572 3128 643 3190 agat.
681 3122 740 3176 Etsi
764 3122 834 3176 enim
852 3121 938 3177 utitur
956 3124 1058 3179 voculis
1077 3124 1170 3195 dperq,
1199 3147 1288 3194 ιακια,
1313 3125 1482 3194 intelligendi
1505 3135 1597 3182 ιιιιιιι

239 3214 304 3263 suut
322 3221 376 3260 non
395 3203 503 3258 babitus
522 3200 716 3257 exercitatione
734 3200 893 3269 comparati,
912 3200 960 3254 sed
979 3202 1111 3273 principia
1129 3206 1222 3273 potius
1241 3206 1275 3260 ad
1293 3204 1369 3272 illos,
1387 3204 1527 3260 naturales
1546 3205 1594 3258 sci·

241 3285 305 3342 lteet
330 3283 470 3354 potentiae
491 3286 519 3335 et
541 3277 724 3348 impotentiae.
761 3278 837 3333 llaec
863 3279 903 3333 vis
931 3289 973 3334 est
997 3280 1155 3339 Graecismi.
1191 3284 1246 3340 Sed
1270 3292 1360 3340 ιιιιιιι
1382 3285 1488 3340 videbar
1506 3281 1594 3337 Ptole·

238 3377 332 3418 maeus
351 3361 403 3417 bac
420 3357 642 3430 aequivocatione
662 3373 691 3411 se
709 3356 799 3426 ipsum
818 3358 993 3415 confundere.
1031 3361 1254 3430 Concupiscibilis
1272 3372 1344 3419 certe
1358 3381 1412 3418 nou
1424 3369 1595 3433 potestque

176 3458 180 3465 ·
238 3440 311 3510 talis,
329 3457 384 3495 non
402 3445 492 3509 potest
510 3435 562 3490 nisi
581 3435 657 3504 sequi
676 3436 847 3506 voluptates3
866 3439 981 3508 quodsi
1001 3440 1109 3496 desinat
1127 3440 1230 3501 facere.
1253 3442 1491 3513 concupiscibilem
1510 3437 1594 3498 facul·

237 3527 321 3576 tatem
340 3519 438 3574 desinit
456 3529 592 3582 exercere,
611 3528 661 3567 ιιι
679 3513 761 3568 babet
776 3516 918 3584 judicium,
938 3535 992 3589 qna
1011 3513 1074 3573 talis
1082 3518 1174 3588 ,quid
1192 3529 1272 3590 turpe
1290 3523 1338 3588 ιιι,
1357 3521 1422 3591 quid
1439 3522 1594 3591 honestum,

239 3597 291 3652 aad
306 3598 394 3652 solum
413 3595 477 3664 quid
496 3609 587 3661 suave,
607 3592 672 3660 quid
689 3594 875 3663 injucundum.
911 3598 950 3651 Et
968 3598 1063 3665 virtus,
1082 3615 1153 3668 quae
1171 3602 1334 3656 verecundia
1352 3600 1393 3654 vel
1412 3615 1481 3669 quae
1493 3608 1593 3667 tempe

151 3703 154 3708 ·
238 3677 327 3732 maa
343 3676 451 3743 dicitur,
469 3674 596 3731 definitur
613 3687 642 3726 re
660 3680 774 3740 utraque
797 3682 825 3728 et
842 3676 977 3743 positione
996 3676 1151 3745 cupiditatis
1178 3686 1205 3731 et
1222 3678 1283 3746 ejus
1302 3679 1485 3751 dominatioue
1509 3685 1537 3732 ιι
1554 3689 1594 3730 ιι·

237 3756 336 3825 ειιιιιι
360 3752 509 3810 sednndurn
531 3758 632 3807 rectam
652 3749 792 3808 rationem.
828 3754 949 3811 Laborat
973 3763 1001 3809 et
1026 3757 1160 3811 ternarius
1180 3757 1257 3817 r.itio
1279 3758 1352 3827 quod
1378 3757 1537 3827 plerumque
1555 3754 1592 3812 fit

239 3837 263 3894 si
287 3834 510 3892 constitutionem
537 3848 627 3887 rerum
647 3832 899 3900 comparabilium
892 3850 952 3903 ipsa
975 3834 1150 3902 comparandi
1171 3834 1304 3904 cupiditas
1322 3842 1482 3890 antevertat.
1518 3834 1594 3888 Duae

238 3914 346 3987 quidem
369 3921 433 3969 sunt
455 3913 558 3968 classes
582 3908 774 3999 cupiditatum,
798 3927 882 3966 venus
909 3919 937 3966 et
960 3911 1031 3981 gula
1054 3920 1082 3966 et
1099 3913 1262 3968 verecundia
1285 3914 1389 3982 reneri,
1415 3912 1594 4003 temperantis

237 3993 319 4063 gulae
341 4001 415 4048 recte
438 3991 605 4061 praeficitur,
630 3986 677 4040 sed
702 3987 727 4039 ei
748 4005 803 4044 non
827 3988 947 4058 leg'time
973 3990 1130 4059 adjungatur
1152 3992 1284 4060 patientia
1308 3991 1350 4045 vel
1374 3992 1542 4047 continentia
1566 3990 1592 4045 ιι

237 4072 414 4133 nessitatibus
437 4087 485 4126 seu
511 4069 581 4126 fame
605 4077 632 4122 et
655 4064 708 4119 siti
744 4066 814 4122 Nam
838 4085 873 4123 ex
895 4087 951 4124 una
975 4070 1044 4125 duae
1068 4069 1138 4125 fiunt
1159 4071 1309 4126 secundum
1337 4071 1423 4139 magis
1446 4079 1474 4126 et
1496 4072 1592 4141 minus,

236 4156 393 4221 temperans
410 4165 448 4205 so.
466 4149 564 4204 fruitur
582 4151 700 4221 modice,
725 4149 847 4203 esuriens
865 4165 930 4205 vero
954 4158 980 4205 et
999 4151 1094 4205 sitiens
1114 4167 1167 4204 non
1186 4150 1298 4220 fruitur,
1323 4157 1443 4204 autnon
1461 4157 1593 4216 quantum

238 4244 307 4301 opus
325 4229 416 4286 habet.
452 4230 489 4284 Et
506 4236 571 4284 tunc
595 4245 625 4284 se
648 4230 803 4299 despectam
827 4228 900 4284 dicet
916 4230 1011 4284 Venus
1028 4228 1246 4297 indignabunda,
1271 4230 1314 4285 cui
1337 4235 1446 4298 praeter
1464 4243 1591 4281 verecun-

238 4307 310 4365 atam
328 4307 424 4364 eodem
437 4308 500 4376 jure
519 4306 613 4364 debuit
630 4308 742 4377 atbungi
760 4308 909 4378 virginitas,
928 4307 1047 4377 castitas,
1066 4306 1232 4362 continentia
1250 4307 1379 4362 maritalis
1397 4312 1448 4361 etc.
1485 4305 1529 4360 lta
1546 4305 1592 4359 fiet
1654 4335 1656 4340 ·

236 4389 425 4459 quaternarius
444 4402 492 4457 pro
512 4389 638 4443 ternario.
653 4434 658 4445 .
675 4388 712 4445 Ut
729 4404 784 4443 non
802 4388 900 4455 dicam,
919 4388 992 4457 quod
1010 4403 1095 4455 genus
1123 4387 1345 4450 transscenditur,
1365 4386 1428 4441 dum
1446 4384 1479 4439 dc
1499 4384 1592 4453 volup-

235 4465 337 4522 tatibus
357 4465 521 4536 specialibus
536 4467 649 4537 agimus,
668 4475 696 4523 et
713 4467 820 4525 interim
835 4467 869 4521 ad
882 4467 1004 4522 dolorem
1018 4466 1178 4537 generalem,
1199 4468 1245 4535 qui
1256 4466 1467 4522 destructionem
1478 4474 1592 4520 naturae

236 4544 366 4615 continet,
392 4544 548 4602 transimus.
583 4543 709 4615 Denique
737 4563 792 4601 uon
817 4547 870 4602 tria
888 4545 1057 4603 diatessaron
1082 4546 1225 4603 intervalla
1247 4547 1352 4602 faciunt
1375 4560 1475 4614 genera
1493 4544 1609 4613 volup·'

237 4624 302 4679 tati's
320 4632 348 4680 et
366 4624 483 4695 doloris,
508 4624 557 4681 ssd
579 4626 641 4694 ipaa
660 4634 761 4681 natura
778 4626 911 4695 corporis.
948 4626 1017 4680 Nam
1041 4626 1075 4681 ad
1098 4627 1306 4683 sustentandum
1340 4624 1367 4679 id
1389 4624 1453 4693 gula
1476 4629 1532 4692 est,
1555 4621 1589 4677 ad

235 4706 353 4776 speciem
371 4703 431 4774 ejus
448 4704 652 4774 propagandam
671 4720 764 4760 venus.
800 4707 863 4761 Duo
886 4706 940 4761 ista
966 4723 1127 4764 conservare
1145 4723 1245 4777 corpus
1268 4713 1297 4760 et
1315 4704 1433 4776 speciem
1452 4702 1511 4772 ejus
1529 4718 1590 4771 pro-

235 4801 336 4857 pagare
354 4802 409 4840 uon
428 4784 559 4840 desumsit
575 4792 682 4842 meant
700 4801 733 4840 ιι
752 4786 909 4854 harmoniis,
928 4794 1019 4841 essent
1038 4786 1108 4843 enirn
1126 4786 1205 4854 plura
1222 4800 1348 4853 numero,
1368 4791 1398 4838 ut
1416 4793 1481 4837 sunt
1498 4779 1590 4852 plures

235 4864 400 4933 barmoniae,
414 4862 463 4918 sed
476 4878 510 4917 ex
521 4862 684 4933 ipsam!
695 4864 852 4924 conditione
861 4863 1087 4933 mortalitatisque
1101 4864 1300 4919 consociatione
1309 4877 1370 4917 eum
1379 4860 1589 4917 immortalitate

321 4946 396 5000 Nota
413 4943 487 4999 Xlll
523 4942 562 5000 lu
572 4947 690 5016 quattor
706 4942 849 4998 irascibilis
868 4942 1013 4997 virtutibus
1026 4959 1075 4997 seu
1088 4943 1237 4997 secuudum
1249 4957 1291 4996 ιιι
1305 4933 1490 5009 ιιιιιιιιιιιιιιι,
1512 4954 1589 5009 prae·

234 5034 358 5095 terquam
382 5022 456 5093 quod
474 5022 569 5078 eadem
585 5019 641 5080 dici
656 5019 775 5111 possunt
793 5020 852 5075 de
844 5036 897 5087 ιιι,
916 5027 999 5087 metu,
1017 5020 1126 5090 timore,
1150 5021 1258 5087 dolore,
1283 5018 1353 5075 adde
1379 5026 1406 5073 et
1429 5017 1589 5074 verecundia

234 5119 284 5161 aen
301 5104 405 5175 pudore
423 5115 571 5172 eorumque
587 5098 702 5162 ἰιιιιιιι
720 5099 833 5166 ratione,
852 5090 919 5151 illud
937 5113 1045 5152 rursum
1065 5102 1198 5163 occurrit
1218 5060 1305 5170 qdod,
1325 5114 1395 5167 quae
1414 5106 1478 5153 sunt
1497 5113 1587 5164 unum,

235 5180 321 5238 duaa
339 5182 383 5237 bic
401 5189 549 5250 apparent
582 5177 765 5234 Tolersntiam
784 5176 854 5232 euim
873 5175 998 5230 laborum
1021 5177 1073 5232 hic
1084 5180 1166 5235 infert
1188 5188 1215 5235 et
1234 5195 1316 5269 supra
1334 5178 1493 5249 patientiam
1516 5177 1588 5233 dolo·

234 5277 307 5330 rum,
330 5277 392 5316 cum
408 5259 486 5313 labor
502 5274 558 5313 non
576 5257 656 5313 aliam
675 5258 710 5313 ob
729 5273 786 5313 rem
804 5254 963 5312 tolerandus
982 5255 1100 5326 dicator,
1122 5274 1203 5327 quam
1226 5259 1291 5328 quia
1314 5256 1395 5312 dolet.
1432 5258 1471 5312 Et
1488 5272 1588 5328 quare

236 5337 327 5396 differt
344 5337 476 5394 fortitudo
495 5338 529 5394 ab
547 5339 727 5407 animositate,
746 5337 799 5394 nisi
817 5351 858 5403 eo,
877 5333 951 5403 quod
969 5333 1069 5390 malum
1087 5337 1229 5392 ιιιιιιιιιι
1247 5337 1292 5391 bic
1308 5336 1442 5390 incertum
1461 5347 1516 5404 est,
1534 5335 1588 5390 illic

236 5425 351 5487 certum;
370 5408 484 5472 adderet
502 5418 600 5486 aliquis
618 5417 663 5473 uie
681 5417 802 5473 futurum
820 5414 876 5468 illic
893 5427 1031 5482 praesens,
1050 5414 1094 5470 bic
1112 5416 1227 5471 militare
1245 5416 1301 5471 illic
1314 5413 1399 5485 civile,
1418 5431 1489 5484 quae
1500 5414 1589 5469 omnia

125 5546 129 5553 .
235 5495 472 5552 ιιιιιιιιιιιιιιιιιι
492 5504 567 5559 sunt,
590 5496 709 5567 speciem
727 5498 814 5565 ipsam
832 5508 880 5548 seu
894 5492 1058 5552 facultatem
1081 5512 1134 5550 non
1158 5497 1319 5565 alterantes,
1342 5500 1374 5551 ιιι
1390 5509 1445 5549 non
1464 5494 1586 5551 inventu

235 5573 381 5630 facultates
400 5582 539 5644 comparet
556 5583 665 5642 auctor,
689 5573 737 5628 sed
756 5580 870 5642 quaerat
887 5573 979 5649 potius
997 5572 1113 5631 sollicite
1126 5585 1153 5632 et
1170 5576 1252 5646 plane
1265 5573 1496 5640 comminiscetur,
1515 5570 1586 5642 quod

235 5665 391 5722 comparare
408 5653 504 5724 possit.
539 5654 579 5710 Et
595 5653 728 5709 Ιιιιιιιιιι
747 5651 889 5706 facultates
907 5650 979 5722 illae,
997 5669 1067 5722 quae
1084 5663 1227 5713 versantur
1245 5657 1317 5711 circa
1333 5654 1451 5711 morales
1464 5653 1585 5709 virtutes.
