3684 7259
284 1203 347 1264 ³80
798 1199 948 1257 Ptolemaei
964 1198 1117 1257 ilumonia

284 1374 659 1443 emendicatarum
683 1376 766 1445 inira,
794 1377 840 1432 ubi
865 1378 900 1432 de
925 1375 1038 1445 singulis
1065 1376 1154 1446 agitur
1171 1376 1301 1447 planetis,
1324 1376 1386 1446 ipse
1408 1374 1526 1433 hiando
1543 1381 1631 1433 motae

283 1454 427 1526 euinque)
450 1453 649 1525 comparandus
674 1461 718 1511 eet
741 1455 917 1514 successioni.
931 1471 1072 1524 sonorum,
1096 1455 1212 1525 primum
1231 1454 1339 1524 quidem
1364 1463 1392 1511 et
1408 1459 1519 1529 proprie
1544 1458 1577 1513 ab
1593 1461 1632 1516 iu·

283 1535 361 1595 inito
383 1534 506 1591 mumius
528 1549 636 1605 semper
655 1551 749 1593 verens
772 1537 896 1604 mauors
917 1535 1056 1605 usquead
1080 1535 1279 1604 graviaumure,
1302 1535 1348 1604 qni
1372 1541 1462 1591 tamen
1485 1552 1548 1593 eum
1565 1553 1632 1598 saec

283 1614 369 1673 totu
386 1612 506 1670 chordae
525 1612 609 1670 facua
626 1614 759 1685 diapason
777 1631 871 1671 uersus
890 1624 1014 1687 acutum,
1033 1614 1096 1669 inde
1116 1615 1212 1669 iterum
1228 1628 1323 1676 uersus
1341 1621 1421 1670 acute
1438 1616 1466 1670 in
1484 1616 1632 1688 infinitum

285 1698 314 1750 et
331 1691 385 1748 boc
403 1691 513 1764 quidem
531 1692 743 1763 comparandum
762 1703 901 1766 segmento
919 1693 1014 1751 mreuli
1033 1711 1050 1750 a
1067 1693 1173 1749 duabus
1191 1691 1279 1751 stellis
1296 1693 1453 1766 intercepti,
1470 1697 1545 1767 quod
1562 1712 1632 1754 crae

284 1772 322 1832 eit
339 1790 356 1828 a
374 1771 484 1828 minimo
502 1771 537 1828 ad
555 1772 716 1829 semicirculi
734 1776 947 1844 magnitudinem
965 1775 1046 1844 inque
1064 1773 1190 1844 opposita
1207 1771 1299 1828 mouri
1317 1778 1396 1843 parte
1412 1772 1510 1831 iterum
1529 1776 1632 1833 annihi-

283 1851 369 1922 letur3
396 1845 494 1909 deinde
512 1865 576 1907 sero
595 1861 624 1907 et
641 1851 663 1907 si
682 1858 757 1908 totns
774 1852 890 1911 circulus
908 1867 1015 1909 mersum
1034 1858 1206 1921 comparetur
1223 1864 1289 1905 sono
1308 1850 1479 1922 gradasimo,
1497 1869 1635 1925 compara-
1731 1910 1734 1917 ,

283 1931 359 1987 bitur
375 1931 429 1987 iste
446 1931 581 2003 reparatio
600 1932 726 2002 planetae
744 1933 824 1989 unius
842 1932 877 1990 ab
899 1925 953 1989 alio
971 1932 1025 1988 nori
1044 1938 1170 2002 respectu
1188 1931 1320 1999 sementi
1342 1930 1497 2004 intercepti,
1525 1932 1575 1990 sed
1591 1950 1633 1991 re·

283 2018 379 2081 spectu
397 2009 499 2065 residui
516 2012 544 2066 in
562 2011 672 2081 circulo,
691 2014 776 2070 motui
794 2014 868 2070 vocis
887 2030 903 2069 a
921 2013 1078 2083 gravissima
1102 2025 1197 2065 versus
1214 2009 1361 2065 acutiorem
1383 2021 1471 2082 usque
1487 2013 1522 2068 ad
1541 2011 1632 2085 diepe-

169 2122 174 2134 ·
282 2106 346 2161 son,
363 2089 436 2146 'inde
453 2090 550 2146 iterum
569 2107 663 2147 versus
681 2093 803 2160 muare
821 2108 909 2162 usqae
926 2092 960 2148 ad
980 2105 1072 2146 rocem
1091 2076 1234 2155 iniuriam,
1259 2087 1403 2156 quiscum
1423 2090 1552 2161 planetae
1569 2100 1633 2149 sunt

278 2170 381 2241 jurii,
406 2182 471 2240 para
493 2172 643 2240 intercepta
667 2169 761 2225 circuli
787 2180 830 2227 ost
853 2170 933 2242 nihil,
958 2187 1022 2243 pere
1040 2169 1149 2224 residua
1171 2176 1213 2223 ast
1228 2169 1289 2238 ipse
1305 2176 1380 2223 totus
1404 2168 1534 2237 ewulm
1561 2187 1632 2242 quae

283 2249 413 2321 paulatim
433 2257 591 2306 manetur
608 2267 696 2321 nsque
723 2253 757 2307 ad
776 2251 927 2320 dimidium3
951 2258 1017 2308 tunc
1037 2250 1107 2305 anim
1131 2248 1249 2318 planetis
1275 2249 1311 2304 ab
1329 2246 1502 2317 oppositione
1519 2248 1631 2307 tandem

282 2328 357 2385 tibur
374 2327 410 2384 ad
429 2328 660 2397 conjunctionem.
680 2345 742 2399 pars
760 2329 871 2385 residue
888 2332 986 2401 migret
1003 2329 1031 2382 in
1041 2327 1206 2397 oppositum
1223 2327 1377 2394 iterumque
1395 2332 1522 2399 augam,
1546 2345 1633 2399 neque

284 2406 349 2464 dum
366 2406 415 2464 iet
432 2414 506 2462 totru
524 2407 650 2464 circulus
688 2409 780 2466 Sexto.
816 2408 878 2462 Jem
896 2408 1039 2464 discrimen
1057 2420 1106 2459 seu
1118 2402 1302 2472 dherepentia
1312 2402 1478 2461 indiceretur
1490 2406 1633 2477 utriusque

283 2492 456 2557 comparatae
479 2486 519 2540 rei
536 2485 604 2555 ista,
633 2487 705 2555 quod
729 2490 865 2557 separatio
891 2488 1058 2556 planetarum
1078 2487 1112 2540 ab
1131 2484 1244 2539 invicem
1263 2482 1348 2554 (inira
1371 2484 1454 2541 etiam
1470 2486 1587 2542 intensio
1605 2495 1634 2543 ct

283 2566 405 2624 remissio
423 2571 512 2620 motus
530 2565 711 2636 unguerem)
729 2566 765 2621 sit
784 2568 926 2635 continue,
951 2574 1046 2622 cantus
1066 2580 1128 2619 vero
1147 2562 1284 2619 saltuatim
1306 2561 1415 2619 incedat
1433 2578 1482 2632 par
1499 2563 1633 2621 discretos

283 2659 380 2715 sonos,
407 2661 439 2700 ac
458 2645 480 2697 si
499 2643 542 2699 rel
560 2657 643 2699 sonus
662 2644 805 2701 eliceretni
822 2660 856 2700 ex
874 2644 977 2701 chorda
999 2644 1127 2699 continue
1145 2641 1250 2696 minuta
1272 2640 1315 2696 vel
1334 2649 1428 2708 aucta,
1453 2650 1484 2699 ut
1501 2640 1533 2698 iit
1550 2643 1632 2701 inter-

283 2718 348 2782 dum
369 2724 398 2780 in
422 2721 511 2779 uersis
533 2723 685 2792 pandurae,
713 2740 774 2780 curu
798 2724 907 2792 sinister
931 2724 1031 2794 digitius
1056 2724 1185 2779 chordam
1208 2730 1324 2793 tangens
1349 2728 1473 2776 movetur
1504 2727 1532 2775 et
1554 2722 1632 2779 simul

284 2801 384 2860 dextre
400 2816 496 2858 manus
514 2816 606 2857 arcum
625 2810 652 2855 ot
670 2809 756 2858 aetam
775 2818 824 2872 per
842 2803 969 2859 chordam
988 2804 1079 2869 trabit,
1098 2811 1146 2857 aut
1164 2810 1194 2857 ut
1206 2802 1246 2868 tit,
1265 2816 1326 2856 cum
1338 2801 1457 2856 chordae
1470 2800 1512 2855 vel
1525 2802 1634 2859 fistulae

283 2883 312 2940 in
334 2882 463 2939 wetinus
487 2881 612 2936 tensione
635 2892 788 2946 aversantur,
814 2882 921 2938 iuterim
939 2884 1056 2938 sonitum
1081 2882 1123 2937 sui
1141 2886 1273 2951 perpetuo
1293 2879 1449 2937 dissimilem
1469 2879 1565 2949 edunt,
1592 2884 1633 2939 vel

283 2975 317 3019 ec
333 2961 358 3018 ei
375 2976 391 3016 a
409 2958 544 3016 termedo
562 2958 643 3029 plane
662 2978 678 3015 a
696 2962 841 3016 semisexto
860 2960 985 3017 tardioris
1004 2958 1130 3031 planetae
1148 2958 1239 3015 subito
1253 2958 1367 3015 saltaret
1385 2960 1419 3015 ad
1439 2959 1552 3018 duellem
1565 2964 1632 3032 eius,

284 3037 347 3108 inde
364 3038 399 3094 ad
417 3037 554 3108 saitilem,
582 3055 635 3095 non
655 3041 765 3096 verricus
784 3041 818 3096 ad
836 3039 937 3111 gradus
955 3038 1142 3102 intermedius,
1170 3047 1218 3095 aut
1236 3055 1269 3094 ac
1287 3038 1310 3094 si
1328 3037 1469 3094 celerrimo
1486 3050 1563 3098 motu
1581 3052 1633 3099 tre-

277 3117 376 3188 cheret
400 3118 450 3173 lros
477 3133 556 3173 arcus
578 3118 766 3175 intermediae.
802 3121 828 3173 ia
855 3119 921 3190 ipsis
948 3134 1011 3172 vero
1037 3116 1193 3186 aspectibus
1219 3115 1384 3186 aliquamdiu
1407 3117 1570 3177 subsiiteret
1586 3122 1633 3178 im·

283 3196 398 3254 mohilis.
436 3196 538 3252 Similia
556 3197 590 3252 de
608 3199 760 3254 intensione
786 3205 812 3252 ot
831 3199 988 3254 remissione
1010 3195 1164 3267 cogitanda.
1201 3197 1246 3252 Sic
1267 3198 1338 3251 eninr
1361 3205 1390 3251 et
1407 3196 1480 3251 vocis
1503 3213 1633 3255 aecensus

283 3273 318 3333 ab
335 3291 390 3331 uuo
409 3276 541 3332 concinno
561 3276 594 3331 ed
614 3276 687 3333 alind
705 3278 732 3332 iu
750 3285 886 3332 momento
905 3277 944 3345 iit,
964 3293 1013 3332 nec
1036 3275 1081 3329 ilie
1099 3282 1189 3330 motus
1208 3275 1324 3330 sonitum
1351 3275 1463 3343 emittit3
1488 3283 1517 3331 at
1534 3276 1581 3332 ubi
1599 3278 1633 3335 ed

283 3349 373 3412 locum
397 3355 557 3409 concinnum
581 3356 669 3425 venit,
693 3357 748 3423 tem
772 3358 799 3410 in
824 3373 857 3411 eo
880 3364 964 3411 tanto·
981 3367 1103 3424 tempore
1120 3355 1290 3418 immoratur,
1316 3353 1486 3422 aequabilem
1509 3355 1633 3412 emittm

286 3435 390 3505 abnam,
407 3442 537 3502 quantum
557 3435 680 3491 venusti
699 3444 727 3490 et
744 3437 886 3507 quantitati
905 3444 1030 3491 notarum
1055 3434 1221 3504 singularum
1244 3431 1406 3502 praescribit
1422 3432 1566 3504 rhythmus
1585 3450 1633 3492 eeu

164 3546 168 3553 -
284 3520 385 3567 tactus.
422 3509 545 3581 Inferius,
565 3512 610 3567 ubl
630 3514 664 3569 de
682 3513 894 3583 planetariorum
912 3522 1033 3569 motuum
1053 3511 1248 3568 intrusionibus
1271 3519 1298 3565 et.
1316 3504 1519 3567 remissionibus
1537 3512 1633 3583 agitur,

283 3582 348 3637 loea
368 3582 524 3651 systematis
546 3584 679 3640 concinna
702 3584 973 3654 definientplauetae
992 3593 1112 3640 motuum
1132 3591 1313 3639 extremorum
1334 3581 1511 3637 diuturnitate
1529 3592 1558 3639 et
1575 3600 1637 3639 eon·

281 3660 391 3726 mutia
409 3677 470 3716 cunr
488 3662 662 3718 intermedioa'
680 3664 806 3720 celeriter
824 3664 993 3731 pervolitant.
1031 3662 1163 3731 Septimo.
1192 3663 1268 3717 Sicut
1281 3670 1371 3717 motus
1384 3660 1429 3715 ille
1447 3663 1522 3717 vocis
1535 3663 1634 3721 surdus

283 3739 319 3794 ab
336 3755 391 3794 uno
409 3741 524 3796 arteriae
542 3742 643 3797 circulo
662 3744 696 3797 ad
716 3742 809 3808 alium,
835 3752 882 3797 aut
902 3743 1000 3813 plectri
1019 3743 1238 3813 plectrorurnqne
1257 3741 1284 3795 in
1302 3740 1361 3809 lyra
1378 3748 1407 3796 et
1425 3742 1548 3811 organiu
1568 3743 1633 3814 digi
1666 3774 1669 3777 -

283 3828 371 3875 torum
390 3820 417 3874 iu
434 3821 572 3876 testudine
590 3831 618 3876 et
634 3821 759 3890 pandura
778 3823 812 3876 eh
832 3837 885 3875 uno
903 3822 962 3876 ioco
980 3819 1099 3877 chordae
1116 3821 1150 3876 ad
1163 3821 1253 3890 alium,
1273 3820 1350 3889 sicut,
1369 3822 1488 3891 inquam,
1507 3837 1537 3876 ee
1551 3823 1635 3880 hebet

283 3898 328 3954 hic
345 3906 435 3955 motas
453 3899 495 3953 vei
514 3898 599 3954 saltus
617 3899 653 3954 ad
671 3901 886 3969 percussionem,
913 3915 985 3970 quae
1007 3900 1040 3958 iit
1056 3900 1173 3971 plectro,
1193 3901 1227 3955 ad
1246 3900 1460 3969 asperationem,
1484 3917 1555 3970 qnae
1574 3909 1633 3960 sete

291 3995 380 4049 emus,
405 3980 490 4035 etsie
513 3980 548 4032 ed
567 3980 769 4048 expressionem
793 3980 858 4033 clari
879 3979 938 4033 soni
962 3981 988 4034 in
1007 3979 1120 4048 singulis
1145 3994 1259 4050 asperae
1277 3979 1392 4034 arteriae
1410 3978 1518 4035 circulis
1541 3989 1589 4040 aut
1606 3983 1633 4038 in

250 4085 252 4089 ⁷
284 4057 399 4128 degulis
424 4058 534 4115 chordis
557 4059 762 4122 immorantem,
790 4059 829 4111 sic
855 4074 998 4129 possemus
1025 4058 1115 4114 dicere
1141 4074 1172 4113 aa
1197 4057 1298 4112 habere
1323 4057 1502 4113 remanerem
1531 4060 1634 4116 stimuli

284 4133 373 4206 Ιιιιιιι,
391 4152 462 4205 quae
479 4144 522 4190 est
539 4152 589 4205 par
607 4144 679 4191 totos
697 4150 776 4192 arcus
794 4136 951 4205 aspectibus
969 4137 1133 4206 iuterjectos,
1152 4138 1186 4192 ed
1204 4139 1388 4207 operationem
1407 4151 1456 4191 aen
1474 4137 1633 4207 efficaciam,

282 4230 353 4285 quae
371 4215 506 4285 sequitur,
524 4214 635 4284 planata
651 4215 679 4268 iu
698 4222 838 4283 aspectum
854 4214 1005 4271 incedente.
1048 4268 1049 4271 ,

297 4330 299 4333 -
353 4296 492 4365 Denique,
521 4294 586 4361 quia
605 4292 662 4360 jam
679 4293 748 4349 haec
766 4294 935 4363 comparatio
953 4293 1075 4359 finietur,
1100 4295 1254 4350 addendum
1272 4304 1322 4364 est,
1341 4294 1413 4365 qnod
1432 4295 1566 4351 hacteuus
1584 4298 1635 4355 luit

285 4375 398 4432 dilatum
419 4384 448 4430 et
464 4374 513 4441 iia,
538 4389 609 4442 quae
635 4373 730 4427 ultimo
758 4374 831 4429 dicta
854 4374 898 4430 hic
922 4382 999 4443 suut,
1028 4375 1174 4445 praecipue
1198 4374 1285 4430 lucem
1316 4373 1408 4442 effen,
1435 4372 1508 4442 quod
1534 4375 1639 4434 sellim

285 4463 343 4511 tato
360 4471 460 4525 genere
479 4454 587 4510 differat
610 4471 627 4509 a
645 4471 705 4509 urea
724 4455 897 4525 philosophia
916 4456 1097 4512 Ptolemaeus.
1133 4454 1203 4510 Nam
1225 4454 1271 4508 iile
1289 4461 1414 4509 versatur
1434 4453 1463 4506 in
1481 4466 1533 4506 aua
1550 4453 1634 4526 hypo-

284 4532 364 4598 theu,
382 4542 550 4595 ostensurus
570 4534 644 4603 quod
662 4535 820 4591 bumoniea
837 4534 1068 4604 comparationum
1087 4534 1182 4590 harum
1200 4533 1378 4590 fundamenta
1390 4538 1536 4603 propterea
1553 4534 1635 4593 insint

284 4611 374 4679 coele,
402 4613 467 4681 qnia
484 4613 511 4667 id
536 4613 572 4669 sit
590 4614 797 4682 praestantioris
824 4622 944 4669 naturae.
981 4614 1041 4683 Ego
1059 4629 1122 4669 vero
1141 4613 1216 4680 dico,
1243 4612 1399 4669 harmonica
1415 4612 1469 4667 iate
1490 4619 1636 4687 propterea

270 4692 471 4750 'tautummodo
496 4692 609 4761 reperiri
633 4692 660 4747 in
685 4692 903 4763 separationibus
926 4693 1096 4763 planetarum
1120 4691 1303 4762 abinvicem,
1331 4691 1396 4761 qnia
1411 4693 1481 4747 haee
1499 4694 1635 4761 ammata

285 4778 376 4829 reotue
394 4770 488 4827 localis
507 4779 550 4827 ast
566 4770 731 4840 coniicitque
749 4778 850 4826 certam
868 4770 985 4840 aliqdem
1004 4770 1213 4842 longitudinem,
1236 4777 1303 4839 puta
1320 4771 1415 4828 cinari
1432 4774 1536 4832 rodiam
1553 4791 1635 4848 eppe·

283 4858 384 4910 rent«.
421 4850 480 4920 Ille,
498 4849 522 4904 si
539 4857 628 4905 ortnnr
648 4849 740 4905 merndi
757 4850 900 4919 receperit,
918 4851 1072 4919 contendet,
1090 4849 1219 4917 angulari
1238 4848 1328 4905 studio
1341 4849 1511 4910 introductas
1528 4856 1555 4910 in
1574 4870 1635 4911 een

284 4934 335 4990 hae
352 4931 551 5002 proportiones
571 4946 622 4999 epo
641 4945 709 4998 nego
728 4928 858 4998 possibile
875 4928 971 4992 luisse,
995 4936 1025 4983 ut
1043 4928 1261 4990 excluderentur,
1280 4926 1345 4982 data
1362 4930 1446 4985 semei
1463 4933 1636 5003 separatione

283 5011 455 5082 metuam
479 5011 506 5065 in
530 5009 649 5079 longum.
672 5007 741 5064 adeo
764 5015 795 5063 ιιι
818 5010 872 5064 sint
894 5007 1002 5064 soboles
1027 5007 1197 5063 necessitatis
1215 5006 1362 5063 materialis
1381 5009 1418 5077 (id
1438 5019 1482 5068 eat
1504 5013 1558 5069 boc
1575 5013 1636 5069 loco

283 5087 504 5158 qemtitatirae),
523 5104 579 5142 non
597 5086 709 5154 conulii.
747 5085 796 5142 lile
814 5093 904 5158 putat,
921 5087 989 5156 ipsis
1007 5087 1088 5142 etiam
1107 5087 1264 5143 coeiaau'um
1283 5086 1427 5157 corporum
1443 5089 1540 5147 iormis
1558 5106 1634 5162 pree

284 5166 389 5223 u‘drhue
407 5166 503 5222 insites
522 5181 583 5223 esse
599 5168 764 5237 harmoniae,
783 5167 847 5235 quie
864 5174 981 5224 testatur
998 5166 1180 5237 experientia,
1199 5165 1290 5222 radios
1309 5181 1403 5223 eorum
1421 5168 1496 5225 velut
1512 5171 1589 5240 ipsos
1606 5186 1637 5245 aa

283 5246 430 5318 ipsicius
456 5243 537 5301 aliter
560 5245 687 5304 efficaces
712 5261 786 5317 esse,
813 5262 893 5316 quam
916 5244 1072 5302 immodice
1089 5252 1283 5313 congruentem
1311 5261 1362 5315 eqo
1383 5262 1465 5318 napo,
1492 5249 1652 5338 propterq

283 5324 351 5396 ipsis
369 5324 530 5382 coelestium
550 5325 644 5382 iormis
662 5325 758 5380 insitae
775 5325 886 5395 probari
904 5324 1072 5393 monier,
1091 5324 1155 5394 quia
1173 5325 1339 5395 operationis
1357 5325 1429 5398 ejus,
1448 5344 1518 5397 quae
1537 5329 1636 5400 allega·

283 5412 330 5460 tnr
346 5405 382 5461 ah
398 5403 578 5474 experientia,
597 5403 732 5475 principia
749 5403 863 5460 ostendo
882 5404 953 5472 elia,
977 5405 1080 5461 animas
1097 5403 1267 5474 sublunares,
1294 5406 1547 5477 congruentiaram,
1566 5423 1637 5477 quae

284 5481 446 5553 emingunt
468 5482 495 5537 in
517 5482 589 5539 binis
611 5482 782 5553 planetarum
809 5482 908 5551 radiis,
936 5482 1132 5540 cumcuim
1155 5492 1183 5540 et
1200 5484 1399 5554 percepericcs,
1427 5484 1527 5554 quibua
1544 5487 1636 5554 etiem

274 5560 392 5633 ,quoties
409 5562 584 5633 confingunt,
607 5563 635 5617 in
653 5561 780 5632 operibus
800 5559 856 5617 suia
875 5561 1081 5633 sublunaribna,
1104 5562 1132 5618 in
1151 5578 1262 5619 auorum
1285 5562 1394 5631 iuquam
1418 5578 1563 5633 corporum
1581 5579 1636 5620 me·

1292 5834 1323 5902 Q
