3684 7259
317 1226 380 1286 460
784 1225 949 1294 appendicis
967 1225 1189 1282 Harmonicorum

318 1400 447 1460 tionibus
476 1400 614 1478 legitimis
646 1403 791 1479 cxpiieare
822 1422 879 1463 nou
909 1406 981 1468 vult.
1024 1406 1086 1465 Neo
1109 1422 1237 1480 unquam
1267 1405 1377 1480 crimini
1409 1402 1490 1475 dodi,
1523 1400 1661 1479 mysteria

318 1487 447 1561 trsdcr03
477 1507 566 1564 quara
590 1509 646 1549 non
670 1499 728 1561 cst,
760 1508 811 1550 eur
834 1491 950 1551 doleam
972 1495 1137 1569 exprobrari
1161 1493 1231 1551 mihi
1255 1492 1384 1551 libellum
1408 1508 1505 1549 meum
1538 1491 1661 1567 primum

318 1574 375 1635 hoc
405 1576 490 1636 titulo
514 1579 661 1654 scriptum.
709 1578 897 1638 Futilitatem
927 1581 1004 1638 illius
1027 1581 1119 1640 libelli
1149 1588 1217 1638 tunc
1240 1596 1414 1655 agnoscam,
1447 1579 1496 1637 ubi
1528 1577 1662 1635 suillam

318 1662 471 1723 detexeris.
520 1665 658 1724 luciaci
681 1667 874 1735 tenebrarum
897 1668 1016 1745 effectus
1037 1668 1193 1728 nonnullos
1213 1669 1347 1743 ignorare
1363 1682 1491 1743 possum,
1515 1665 1662 1740 abnegavi

317 1768 469 1828 nunquam
492 1752 545 1811 ore
564 1752 644 1815 duro.
689 1752 835 1812 Mathesin
859 1757 884 1811 si
914 1765 944 1813 tu
968 1755 1055 1814 aliam
1078 1758 1153 1815 nosti
1179 1758 1307 1831 (praetor
1332 1754 1482 1829 vulgarem
1513 1752 1611 1824 illam,
1645 1769 1663 1810 a

318 1855 377 1914 qua
400 1837 579 1898 denominati
610 1843 738 1914 suerunt,
770 1848 915 1916 quotquot
945 1842 1086 1902 haetenus
1109 1843 1306 1901 mathematici
1338 1835 1552 1920 celebrantur),
1587 1856 1662 1915 quae

319 1925 432 1985 scilicet
454 1928 493 1984 sit
514 1930 668 1986 naturalis
690 1935 717 1986 et
737 1929 896 2004 formalis,
928 1948 992 1989 eam
1017 1948 1071 2005 ego
1103 1931 1194 1989 fateor
1224 1946 1388 2005 nunquam
1418 1928 1573 2001 delibasse,
1608 1927 1663 1984 nisi

316 2012 355 2072 ad
385 2014 632 2089 generalissimam
663 2017 744 2074 vocis
776 2017 916 2091 originem
948 2016 1142 2093 confugimus,
1176 2017 1302 2075 dimissis
1335 2014 1560 2091 quantitatibus.
1615 2014 1660 2072 De

318 2099 369 2158 ills
391 2102 479 2175 igitur
507 2104 657 2172 scitome
687 2103 735 2161 hic
765 2119 823 2161 uon
853 2122 916 2163 esse
941 2106 1087 2178 locutum;
1118 2105 1229 2163 habeas
1260 2104 1312 2162 tibi
1336 2103 1464 2162 Robcrte
1493 2099 1610 2160 laudem
1634 2108 1661 2159 et

319 2187 397 2246 iilius
421 2197 449 2246 et
473 2188 752 2249 demonstrationum
776 2192 804 2247 in
820 2190 880 2263 iila,
905 2209 981 2267 quae
996 2209 1083 2266 quam
1108 2196 1165 2251 sint
1180 2199 1344 2262 accuratae,
1367 2208 1454 2266 quam
1470 2197 1577 2261 certae,
1600 2194 1661 2246 tute

318 2285 413 2333 toeum
433 2270 583 2351 judicabis
611 2280 673 2337 sine
696 2295 741 2336 me
765 2279 882 2336 arbitro.
929 2278 1028 2337 Motus
1057 2297 1112 2356 ego
1144 2280 1241 2355 cogito
1264 2277 1397 2338 visibiles
1428 2293 1575 2352 sensuque
1599 2277 1661 2351 ipso

319 2362 563 2433 determinabiles,
587 2373 617 2422 tu
642 2372 727 2423 actus
748 2367 882 2424 internos
904 2367 1093 2427 considerato
1114 2367 1250 2442 deque'
1233 2383 1268 2422 ns
1290 2368 1319 2422 in
1343 2364 1451 2441 gradus
1478 2363 1662 2438 distinguen-

318 2449 362 2506 dis
386 2450 538 2525 laborato;
561 2451 692 2511 caudam
714 2460 864 2528 epoteneo
886 2453 1050 2527 sedmanu,
1075 2462 1215 2529 tucaput
1236 2453 1428 2529 amplectaris
1444 2458 1550 2518 mente
1576 2450 1661 2508 modo

317 2555 364 2597 ue
377 2540 545 2613 sornniaus3
579 2556 634 2613 ego
662 2548 814 2598 contentus
837 2556 900 2598 sum
924 2541 1031 2618 effectis
1060 2559 1112 2601 seu
1136 2541 1318 2619 planetarum
1347 2539 1493 2610 motibus,
1526 2548 1557 2595 tu
1585 2539 1610 2595 si
1629 2540 1660 2593 in

317 2626 390 2702 ipsis
415 2629 511 2708 causis
535 2629 670 2684 invenisti
692 2627 859 2685 harmonias
887 2628 962 2686 adco
985 2628 1127 2704 liquidas,
1159 2647 1246 2704 quarn
1269 2638 1336 2685 sunt
1364 2643 1446 2685 meae
1471 2628 1498 2682 in
1523 2626 1659 2695 motibus,

318 2729 445 2786 aequum
468 2716 539 2785 erit,
568 2725 600 2772 ut
622 2731 677 2788 ego
700 2723 729 2774 et
752 2714 871 2773 tibi'de
894 2717 1063 2774 inventione
1093 2716 1213 2776 etmihi
1244 2715 1280 2774 de
1306 2715 1492 2792 perceptione
1520 2712 1661 2789 gratulor,

267 2808 271 2816 '
317 2800 367 2858 ubi
390 2804 514 2875 primum
537 2803 686 2877 percipere
709 2809 819 2880 potero.
1287 2871 1291 2884 1

404 2887 563 2948 Inhaerere
586 2907 644 2958 me,
668 2889 756 2961 dieis,
787 2907 876 2949 coeno
898 2897 927 2948 et
947 2890 1012 2950 luto
1033 2891 1385 2968 impossibl'yfffq'lee
1408 2889 1579 2963 doctrinm,-
1607 2903 1662 2944 non

316 2992 380 3032 suru
404 2974 491 3051 hujus
514 2976 714 3052 perplexitatis
737 2977 806 3035 mibi
830 2978 975 3071 conscius,
999 2995 1064 3053 age,
1094 3003 1127 3041 ιι·
1146 2957 1263 3039 -cddo
1277 2971 1323 3036 ds
1352 2977 1376 3035 ‘s
1390 2977 1545 3052 angustiis,
1568 2974 1663 3076 tidelis

219 3072 226 3087 ·
316 3064 456 3135 oronttor,
489 3063 622 3122 diaubi
656 3064 744 3141 quid,
777 3056 1192 3139 quomodomexrttfiiet
1208 3057 1404 3140 otuei‘s·
1483 3066 1489 3078 '

315 3152 386 3207 tatis
405 3151 664 3225 perplexissima?
708 3152 816 3210 Verum
840 3154 947 3212 crimen
970 3170 1002 3210 ar
1022 3156 1047 3209 'a‘
1061 3149 1101 3225 ”,
1105 3153 1139 3211 si
1162 3153 1302 3211 materiae
1325 3147 1510 3226 in'ontiam
1544 3152 1662 3207 novita-

192 3265 196 3273 ·
254 3258 257 3264 ·
316 3244 443 3315 tamquo,
467 3239 491 3294 si
515 3255 608 3296 morea
632 3237 720 3314 hujus
743 3239 848 3309 seculi,
884 3241 908 3297 si
938 3241 1017 3310 negas>
1050 3263 1097 3291 oo·
1126 3239 1387 3312 matbematum,
1384 3249 1409 3296 ι’
1441 3247 1592 3313 stuporem
1615 3239 1662 3293 in·

316 3326 469 3399 geniorum
492 3328 670 3402 respicimus.
716 3325 781 3384 Non
806 3327 833 3384 id
859 3327 1118 3420 tameopv'etum
1134 3345 1229 3386 meum
1253 3312 1392 3388 crimene
1453 3323 1662 3383 socioshabso

321 3411 473 3489 Pappum,
499 3412 654 3484 Serenum,
680 3414 869 3490 Apollonium
893 3425 921 3472 et
946 3403 1015 3494 (pro
1037 3422 1065 3474 ts
1089 3413 1220 3490 quidem,
1252 3411 1399 3474 obscuras
1459 3405 1662 3489 aestimatore)

159 3539 169 3549 ‚
276 3564 279 3568 ⁴
316 3500 410 3573 ipsum
434 3500 507 3559 adeo
532 3500 691 3561 Euclidem
736 3501 781 3558 Τιι
805 3518 874 3560 vero
898 3502 970 3560 cedo
994 3502 1062 3559 mihi
1087 3500 1270 3576 cathedram,
1304 3498 1381 3594 codo
1441 3498 1579 3557 ditorium
1603 3500 1659 3557 irc-

317 3603 422 3660 quens,
455 3588 603 3646 assiduum
626 3595 835 3661 studentum,
866 3589 938 3648 cedo
957 3589 1144 3666 juventutem
1167 3555 1400 3667 philosophias?
1441 3596 1586 3646 orantem.
1620 3586 1662 3644 ei-

316 3674 410 3731 heiam
441 3691 506 3732 cum
531 3676 594 3734 Deo
624 3677 699 3733 intra
729 3684 883 3748 semestre,
919 3686 951 3734 ut
982 3676 1026 3733 illi
1049 3674 1150 3756 (tuque
1181 3673 1255 3735 adeo
1285 3671 1366 3774 ipse*
1388 3685 1451 3733 uter
1474 3682 1604 3746 ceteros,
1637 3674 1660 3730 si

318 3759 461 3839 volueris)
489 3780 526 3821 eu
547 3764 663 3839 laqueis
684 3764 747 3821 istis
772 3762 1051 3840 difficultatibusque
1075 3763 1255 3844 liberemini,
1285 3779 1344 3826 non
1367 3765 1463 3820 minus
1487 3769 1576 3863 atque
1601 3762 1661 3835 ipse

317 3858 518 3907 consummato
547 3850 620 3908 libro
651 3868 733 3909 meae
755 3849 948 3910 Harmonices
979 3851 1097 3909 tandem
1121 3847 1265 3924 erneisi.
1279 3849 1396 3910 Interim
1425 3849 1531 3907 dum
1523 3866 1553 3904 ιιι
1577 3850 1662 3929 igno·

320 3939 432 3994 tantiae
456 3940 570 4013 gurgite
602 3946 684 3995 natat
707 3937 901 4015 pulcherrima
932 3938 1081 4011 doctrina,
1114 3938 1185 4008 nihii
1207 3949 1263 4013 ego
1286 3938 1322 3996 de
1340 3938 1436 3995 salute
1459 3937 1582 3994 honoris
1602 3937 1660 3992 mei

320 4041 383 4082 sum
407 4024 561 4103 sollicitus,
585 4028 633 4100 qui
656 4042 703 4082 me
726 4028 786 4084 scio
813 4026 867 4085 Dei
891 4028 1029 4085 creatoris
1051 4025 1155 4085 honori
1179 4024 1360 4102 propalando
1383 4023 1562 4082 destinatum
1587 4040 1660 4081 esse.

405 4113 455 4170 Ad
479 4111 614 4171 XXVII.
645 4129 706 4171 seu
732 4114 1033 4189 complementum
1063 4116 1195 4171 numeri
1226 4112 1438 4188 analysoon.
1484 4110 1541 4168 Per
1566 4110 1660 4168 Deum

295 4199 508 4268 immortalem
533 4206 560 4258 te
583 4216 664 4274 rogo,
688 4200 837 4260 abstineas
860 4218 978 4260 inanum
1001 4203 1191 4259 asunrmario
1208 4201 1302 4276 operis
1319 4202 1374 4259 mei
1395 4197 1557 4267 scribendo,
1583 4197 1660 4272 quod

319 4288 417 4343 mitius
447 4286 546 4345 dixero
570 4294 599 4346 te
627 4304 685 4345 non
710 4287 885 4362 intelligere,
916 4290 1050 4363 quamsi
1076 4288 1170 4347 dicam
1194 4295 1221 4345 te
1245 4286 1341 4345 studio
1364 4292 1540 4363 pervertere.
1589 4284 1660 4341 hlihi

321 4390 376 4431 ιιοιι
402 4382 445 4430 est
468 4373 547 4431 aliud
571 4375 750 4433 barmoniae
772 4376 954 4447 subjeetum,
985 4392 1072 4450 quam
1097 4376 1156 4432 bini
1180 4375 1321 4449 cujusque
1345 4374 1513 4432 harmoniae
1536 4373 1660 4431 termini.

317 4460 396 4518 Situs
420 4478 489 4519 vcro
511 4461 694 4538 planetarum
717 4464 745 4519 in
770 4462 852 4521 coelo
876 4481 933 4520 non
957 4472 1024 4520 suut
1046 4463 1261 4520 harmoniarum
1284 4480 1412 4520 mearum
1437 4460 1583 4542 termini,
1602 4477 1660 4517 uon

318 4549 405 4620 igitur
435 4548 568 4624 subjecta
594 4543 819 4609 harmoniarum.
871 4550 901 4608 Si
931 4567 1001 4607 varo
1039 4548 1074 4609 de
1107 4550 1172 4608 libri
1205 4552 1261 4607 mei
1292 4552 1384 4625 quinti
1417 4549 1660 4606 Harmonicornm

317 4635 459 4710 subjecto,
483 4635 513 4694 id
536 4646 581 4695 est
603 4639 725 4695 matoria
747 4655 798 4695 seu
822 4638 968 4714 capitibus
991 4637 1113 4712 intelligi
1139 4640 1191 4707 vis,
1218 4636 1338 4711 loquere
1354 4639 1441 4711 igitur
1457 4635 1604 4703 distincte,
1629 4644 1661 4692 ut

317 4739 353 4780 ne
377 4726 405 4779 in
430 4723 560 4781 fraudem
582 4742 677 4782 meam
701 4720 874 4799 intelligaris
896 4743 914 4782 a
937 4724 1104 4782 lectoribus.
1151 4723 1267 4783 Partem
1288 4727 1363 4783 enim
1388 4723 1517 4799 aliquam
1542 4723 1609 4780 libri
1625 4722 1661 4779 V.

318 4811 387 4869 iacit
410 4810 462 4868 iila
485 4811 650 4869 distributio
674 4813 761 4887 spatii
783 4812 884 4870 mundi
908 4812 1024 4870 mobilis
1047 4814 1121 4871 inter
1143 4812 1285 4886 planetas,
1309 4813 1387 4870 iacta
1410 4809 1577 4871 seeundum,
1591 4826 1661 4885 pro-

240 4908 244 4918 ‘
315 4900 479 4974 portionem
512 4899 624 4956 orbium
652 4898 816 4974 figuralium
846 4902 1097 4973 geometricorum.
1143 4899 1245 4974 Neque
1272 4899 1342 4956 mihi
1371 4900 1522 4958 collocatio
1551 4896 1661 4956 Terrae

315 4987 395 5044 inter
423 4985 521 5044 sidera
551 4986 800 5059 complectentem
835 4996 877 5044 est
896 4988 1077 5045 barmoniae
1103 4989 1209 5058 ipsius,
1242 4985 1293 5046 scd
1315 4988 1390 5045 burro
1422 4988 1540 5044 extremi
1564 4984 1661 5042 motus

316 5071 440 5130 Telluris
464 5080 532 5130 aunt
555 5072 797 5150 complementum
826 5077 938 5132 nrrmeri
962 5076 1162 5146 terminorum,
1194 5075 1299 5149 quihus
1332 5075 1516 5132 continentur
1538 5089 1662 5148 propor-

316 5163 412 5220 tiones
435 5160 623 5219 harmonic'ae
643 5162 795 5221 coelestes.
843 5162 874 5218 ln
906 5161 1012 5219 sitibus
1034 5160 1216 5236 planetarum
1239 5163 1310 5236 ipsis
1341 5161 1435 5220 nullas
1465 5151 1564 5218 statuo
1581 5176 1661 5219 con·

316 5251 476 5319 sonantius,
500 5248 605 5304 trustra
629 5250 705 5307 enim
728 5251 784 5319 fni,
816 5266 880 5307 cum
904 5250 933 5306 in
958 5250 1015 5306 illis
1038 5249 1091 5307 has
1116 5265 1293 5324 quaererem.
1341 5249 1441 5324 Neque
1465 5246 1659 5323 philosopho-

315 5349 377 5393 rum
408 5334 487 5394 dicta
516 5342 655 5410 torqueo,
692 5354 756 5395 eum
789 5337 901 5419 voculis
932 5343 997 5394 utar
1027 5336 1199 5395 dubitativis
1230 5338 1321 5413 sorte,
1355 5336 1461 5411 quibus
1495 5337 1588 5394 omnis
1618 5338 1661 5391 vis

317 5430 523 5482 tormentorum
546 5432 702 5481 enervatur
725 5432 754 5482 et
775 5426 940 5484 remittitur.
988 5424 1055 5484 Tibi
1078 5441 1204 5499 namque
1227 5428 1390 5499 ceterisque
1406 5422 1563 5482 lectoribus
1585 5421 1661 5480 libe-

315 5525 377 5569 ιιιιιι
400 5509 541 5585 relinquo,
566 5509 636 5584 quid
660 5509 761 5570 credas
784 5511 997 5587 Pythagoricos
1020 5514 1167 5592 insinuare
1191 5509 1327 5569 voluisse.
1371 5510 1435 5568 Nec
1459 5528 1507 5569 me
1529 5520 1661 5569 coutem-

316 5597 462 5673 plationes
484 5596 671 5657 harmonicae
695 5598 810 5657 ‹lemrrm
833 5599 1022 5671 induxerunt,
1055 5608 1088 5658 ut
1109 5599 1229 5659 Terram
1251 5600 1327 5656 inter
1350 5596 1446 5656 sidera
1467 5599 1659 5669 numerarem,
1751 5665 1753 5677 Ι

313 5686 376 5762 jam
407 5684 516 5743 dudum
545 5682 601 5743 boc
629 5683 737 5760 dogma
768 5688 881 5761 magnis
914 5688 1063 5763 magistris
1095 5680 1249 5763 acceptum
1279 5684 1359 5760 iero;
1400 5688 1579 5769 ethonomica
1607 5692 1660 5758 est,
