3684 7259
853 1202 995 1272 Apologia.
1079 1187 1083 1194 ⁵
1400 1169 1403 1176 Ι
1460 1267 1463 1273 ,
1535 1206 1598 1265 447

249 1365 397 1439 temporis.
443 1362 633 1439 Quinetiam
663 1362 723 1422 alia
745 1366 864 1441 ingenia
891 1366 949 1439 illis
973 1364 1141 1441 Orphaicis,
1170 1361 1230 1422 alia
1252 1362 1296 1421 his
1324 1362 1507 1438 geometricis
1531 1369 1601 1437 apta

248 1461 326 1524 sunt,
350 1461 382 1508 ut
404 1462 545 1526 quantum
568 1453 687 1522 tuebes
710 1453 999 1529 acomprehensione
1022 1451 1202 1512 certitudinis
1225 1448 1459 1521 mathematicae,
1486 1455 1599 1507 tantum

250 1540 381 1615 egotibi
404 1541 533 1598 vicissim
556 1538 658 1597 cedern
682 1542 709 1595 in
737 1539 937 1615 coniectandis
960 1540 1018 1598 illis
1041 1539 1266 1614 aenigmatibus.

336 1624 421 1699 Quod
450 1643 520 1685 reru
544 1619 678 1701 quiaque
706 1645 835 1702 corpora
864 1646 884 1687 a
905 1628 1103 1704 spmbolismts
1129 1625 1215 1683 nudis
1241 1624 1448 1701 Pylhaqoricis
1478 1622 1515 1682 ad
1546 1622 1598 1683 de-

249 1717 473 1771 monstrationes
507 1716 718 1772 astronomicas
747 1724 778 1772 et
803 1713 1025 1774 mathematicas
1053 1713 1183 1784 traduxi,
1219 1711 1266 1771 hic
1289 1729 1357 1787 ergo
1382 1711 1433 1770 tibi
1458 1725 1597 1789 pernego,

249 1818 270 1859 a
291 1818 365 1857 veru
386 1801 577 1875 philosophia
599 1800 642 1861 ud
661 1801 792 1875 fictiones
814 1809 842 1861 ct
864 1802 974 1862 deliria
996 1820 1045 1861 me
1066 1795 1293 1882 transivisseffi)
1614 1873 1618 1882 Ι

335 1887 389 1945 Ad
413 1886 692 1964 AnalysinXV.
737 1887 826 1963 Quod
853 1890 931 1961 dixi,
962 1892 990 1947 in
1020 1888 1286 1966 comparationibus
1317 1903 1405 1962 saepe
1434 1886 1598 1960 usuvenire,

252 1982 284 2031 ut
307 1976 434 2032 crinibus
457 1974 598 2032 trahenda
621 1978 687 2047 sint,
712 1992 788 2051 quae
812 1994 869 2035 non
893 1977 970 2035 ultre
989 1985 1162 2052 sequuntur,
1188 1974 1216 2031 id
1239 1974 1376 2051 probrum
1392 1969 1504 2031 nullum
1527 1989 1600 2032 oon-

249 2064 340 2133 tinet,
375 2062 453 2137 quod
483 2061 530 2119 vet
562 2065 589 2118 in
623 2071 670 2140 te,
698 2062 841 2136 Robcrte,
876 2064 923 2123 rel
954 2067 982 2120 in
1007 2078 1072 2122 tuos
1094 2062 1277 2121 Hermeticos
1310 2060 1473 2136 conjectum
1506 2058 1599 2119 videri

248 2152 350 2224 possit.
396 2149 453 2226 Res
483 2152 548 2226 ipsa
568 2150 698 2224 loquitur
726 2152 901 2226 experienti,
932 2151 1044 2210 nullum
1073 2154 1160 2226 igitur
1190 2165 1285 2226 neque
1308 2148 1377 2220 mihi
1401 2149 1455 2206 abs
1479 2154 1507 2206 te
1531 2146 1601 2207 licet

250 2240 323 2294 irato
353 2238 492 2312 probrum
522 2248 669 2311 regestum
702 2248 788 2313 puto,
821 2238 890 2296 dum
917 2247 1084 2315 retorques,
1119 2254 1166 2295 me
1198 2236 1389 2296 intentionem
1412 2233 1599 2311 Pythagorae

252 2319 335 2403 (nam
360 2323 532 2382 Aristoteles
555 2341 591 2381 ex
615 2342 669 2383 suo
692 2341 780 2383 sensu
808 2344 865 2384 nen
889 2320 1034 2406 loquitur)
1059 2325 1187 2384 crinibus
1215 2325 1349 2402 traxisse.
1371 2322 1599 2402 „Conjectrrratu

255 2413 331 2484 dixi,
357 2412 479 2469 vocibus
498 2414 607 2486 „terte,
631 2415 772 2472 tortasse*
799 2414 908 2489 ubique
925 2414 1117 2489 interspersis.
1161 2409 1228 2470 Huc
1250 2419 1312 2470 erat
1338 2412 1480 2469 intentum
1503 2419 1600 2468 textus

251 2500 325 2568 mei,
350 2515 437 2573 quem
460 2500 507 2556 hic
530 2498 677 2573 dissolvis,
703 2500 873 2570 ostendere,
898 2513 926 2559 te
949 2503 977 2558 in
1002 2500 1194 2577 occupatione
1218 2499 1326 2557 versan'
1350 2498 1417 2572 tali,
1442 2515 1517 2573 quae
1542 2496 1599 2555 dii-

248 2584 394 2643 ficultates
425 2590 533 2660 pariat,
566 2604 620 2644 nec
649 2584 798 2663 depelletur
826 2588 1061 2648 mathematicam
1089 2589 1224 2663 patiatur.
1275 2585 1322 2644 Tu
1354 2603 1423 2644 vero
1455 2587 1597 2660 pervertis

248 2690 371 2747 scopum
394 2691 521 2731 mearum
546 2694 765 2750 arnaginensem
795 2692 854 2734 non
877 2686 943 2733 sunt
967 2676 1034 2733 illae
1057 2684 1243 2752 comparatae
1273 2681 1306 2732 ut
1331 2673 1523 2749 Pptlruporue
1545 2675 1596 2730 irt-

250 2764 404 2829 tcrrtienes,
428 2760 479 2817 sed
504 2769 535 2818 ut
557 2778 617 2818 rem
641 2764 743 2836 ipsam,
768 2765 897 2837 quinque
920 2762 1032 2822 scilicet
1054 2779 1185 2838 corpora,
1209 2759 1247 2819 ad
1270 2762 1494 2819 astronomicam
1520 2762 1597 2818 veri-

251 2855 340 2905 tatem
375 2848 604 2906 accommedent.
657 2849 787 2907 Gratiani
821 2859 918 2908 tamen
949 2850 1061 2923 habeo,
1097 2847 1176 2925 quod
1210 2847 1473 2908 demonstrationes
1507 2864 1598 2920 meas,

250 2950 428 3009 quamquam
452 2938 616 3009 incogitaus
639 2946 668 2993 et
691 2937 870 3011 obtrectans,
894 2940 1005 2995 ornasti
1029 2936 1140 3011 elegio,
1165 2935 1244 3012 quod
1267 2938 1330 2993 uirn
1352 2937 1380 2993 et
1401 2952 1506 3008 arma,
1530 2951 1599 2993 mu-

237 3013 349 3079 nuum
368 3022 543 3098 pedumque
564 3026 673 3082 nisum
697 3026 843 3097 agnoscis.
889 3024 934 3081 'lu
960 3027 1053 3082 virum
1076 3034 1104 3083 te
1118 3032 1245 3101 praesta,
1269 3020 1362 3081 nodos
1376 3021 1443 3081 iilos
1458 3021 1597 3094 dissolve,

250 3119 283 3165 ut
306 3111 401 3166 irrites
432 3108 485 3168 hos
515 3110 600 3167 nixus
629 3110 817 3169 demonstres.
870 3111 1021 3170 Violentic
1051 3119 1093 3170 est
1119 3128 1176 3170 non
1208 3128 1287 3181 mea,
1318 3108 1369 3168 sed
1394 3108 1546 3185 Copemici
1570 3119 1599 3168 et

252 3199 445 3253 vetustissimi
470 3198 640 3267 Aristarchi,
665 3216 724 3272 qua
746 3206 874 3273 urqetur
897 3215 955 3256 rien
978 3208 1092 3271 natura,
1116 3197 1168 3256 sed
1189 3197 1340 3273 popularis
1363 3195 1481 3255 humani
1505 3214 1598 3271 gene·

248 3285 288 3340 ris
312 3286 410 3358 opinio
436 3283 645 3359 oculorumque
670 3287 890 3361 deceptionibus
918 3287 1038 3344 nimium
1066 3295 1175 3361 agnata
1197 3286 1331 3360 ingenia,
1364 3284 1444 3360 quod
1472 3283 1598 3343 Terram

247 3373 327 3427 inter
361 3378 446 3428 astru
474 3373 547 3430 leuo.
592 3372 694 3447 Neque
727 3381 823 3432 umen
853 3391 948 3448 qruue
977 3381 1012 3431 ut
1039 3390 1161 3431 sursum
1193 3372 1296 3430 undet
1319 3375 1452 3447 cogitur,
1484 3370 1537 3430 sed
1565 3380 1598 3430 ut

247 3456 339 3533 Terra
362 3460 465 3516 inertia
488 3476 543 3516 sua
565 3459 685 3531 fruatur,
709 3469 742 3517 ut
764 3462 913 3534 regionem
929 3464 1116 3534 assignatam,
1141 3473 1222 3519 motu
1239 3475 1349 3532 carens,
1373 3461 1438 3535 ipsa
1455 3477 1488 3519 se
1504 3462 1598 3536 ipsam
1642 3473 1644 3480 ’

249 3545 390 3616 obtineat,
414 3548 596 3621 permittitur.
645 3548 710 3604 Vim
734 3564 821 3605 unam
844 3565 984 3621 agnosco,
1009 3547 1126 3624 qualem
1149 3556 1210 3606 tute
1233 3546 1361 3606 Robcrte
1384 3556 1452 3605 tuae
1476 3539 1598 3618 intulisti

250 3635 365 3699 manui,
389 3633 458 3690 dum
480 3635 538 3691 ista
559 3634 717 3705 scriberes,
750 3652 838 3709 quam
861 3635 974 3694 scilicet
996 3634 1105 3694 Terrae
1128 3635 1213 3693 iniert
1234 3637 1332 3694 anima
1355 3634 1447 3710 ipsius
1470 3636 1547 3691 intus
1571 3641 1600 3692 et

248 3722 361 3795 species
386 3722 514 3794 corporis
538 3720 650 3778 Solaris
673 3725 810 3793 exterius,
836 3731 959 3798 utraque
982 3722 1062 3782 illam
1086 3739 1215 3781 movens.
1261 3720 1348 3797 Quod
1371 3722 1467 3780 lumen
1490 3720 1598 3782 Terrae

247 3807 343 3864 tribue
369 3810 567 3865 mutuatitium
595 3826 631 3865 ex
654 3808 737 3880 Sole,
769 3809 799 3867 id
823 3826 881 3867 nen
909 3808 968 3867 alia
991 3813 1036 3867 vis
1060 3820 1117 3883 est,
1151 3828 1239 3885 quam
1262 3812 1286 3867 si
1309 3808 1419 3868 homini
1444 3808 1596 3867 dormienti

247 3897 313 3968 quis
336 3895 492 3969 palpebras
517 3913 568 3969 per
592 3899 649 3952 vim
673 3895 805 3967 divellat,
830 3906 861 3955 ut
885 3895 984 3955 Solem
1004 3898 1066 3973 Jam
1091 3904 1185 3955 ortum
1215 3896 1403 3972 lucentesque
1427 3914 1463 3955 ex
1486 3896 1597 3953 illumi-⁴

245 3984 363 4039 natione
387 3980 464 4039 Solis
494 3991 607 4040 montes
630 3986 799 4058 conspiciat.
845 3984 876 4044 Si
901 3986 945 4041 vis
977 3993 1020 4043 est
1047 3983 1185 4056 dicenda,
1215 4002 1295 4060 quae
1327 3979 1511 4058 tempestates
1533 3987 1597 4056 ciet,
1646 3971 1650 3988 '

246 4073 312 4125 uiri
336 4077 363 4126 et
386 4072 474 4142 cquis
498 4073 643 4143 imperat,
674 4089 708 4128 ea
731 4084 812 4129 tauto
835 4072 930 4146 major
954 4082 998 4130 est
1021 4089 1055 4130 cx
1079 4079 1144 4145 tua,
1176 4089 1265 4148 quam
1295 4089 1330 4128 ex
1353 4089 1418 4129 mea
1442 4073 1598 4147 sententia,

185 4204 188 4210 .
246 4167 357 4230 quanto
381 4156 474 4231 major
500 4158 543 4212 vis
568 4165 637 4227 est,
662 4160 685 4215 si
710 4156 881 4231 Germania,
905 4160 930 4214 si
953 4158 1106 4216 Britannia
1129 4168 1293 4217 exterorum
1316 4159 1485 4235 tyrannide,
1518 4156 1596 4234 quod

206 4289 210 4305 .
248 4244 334 4314 absit,
359 4246 547 4319 opprimatur,
574 4263 660 4319 qunm
684 4247 707 4302 si
734 4247 882 4320 quaelibet
905 4234 1059 4322 provincia
1081 4244 1397 4321 indigenacantiquae
1420 4247 1518 4321 stirpis
1542 4244 1597 4303 do-

247 4332 359 4388 minatu
384 4340 525 4388 tenentur.
570 4332 673 4406 Neque
697 4342 794 4391 tamen
826 4334 897 4391 mihi
920 4336 1019 4392 anima
1041 4332 1148 4392 'l'errae
1177 4336 1234 4391 ciet
1257 4333 1405 4406 aetherea,
1435 4335 1598 4393 auctarium

246 4418 302 4476 hoc
326 4427 406 4475 tuum
431 4418 482 4476 tibi
507 4418 624 4478 habeto.
1123 4492 1127 4502 Ι

333 4504 410 4563 Solis
444 4515 539 4562 motus
570 4525 589 4563 a
610 4524 655 4564 mc
687 4506 769 4565 nulla
791 4509 820 4563 vi
844 4508 1033 4579 cohibentur,
1064 4506 1160 4566 nullos
1191 4508 1267 4585 enim
1296 4524 1360 4565 esse
1387 4516 1483 4566 motus
1506 4511 1596 4568 centri

225 4590 346 4674 doceo.
393 4590 432 4651 Ut
455 4601 550 4650 tamen
574 4596 599 4650 is
622 4611 673 4668 per
696 4596 823 4668 speciem
847 4611 995 4670 egressam
1026 4597 1120 4653 etsie
1144 4612 1221 4654 mero
1245 4605 1318 4654 nutu
1345 4590 1428 4675 (ecce
1452 4594 1597 4671 tranquil·

247 4675 374 4759 litatem)
398 4680 531 4754 planetes
561 4698 678 4740 movere
707 4684 817 4756 possit,
849 4680 1031 4740 volutionem
1061 4682 1102 4739 illi
1135 4685 1263 4759 corporis
1290 4684 1367 4742 circa
1388 4699 1473 4740 stram
1501 4700 1594 4756 axem,

249 4775 408 4826 attestante
432 4785 518 4825 sensu
542 4769 620 4844 ipse,
645 4769 760 4843 largior.
1095 4785 1098 4794 ·

339 4852 393 4910 Ad
417 4855 597 4931 Analysin
620 4855 706 4913 XVI.
760 4856 902 4931 Nuspiam
934 4857 1039 4916 clarius
1070 4866 1208 4933 apparet,
1241 4874 1288 4916 me
1320 4860 1348 4914 in
1380 4857 1597 4933 comparatione

247 4944 358 4999 versari
382 4950 545 5000 nestrorum
569 4960 707 5018 operum,
740 4960 796 5000 non
821 4946 849 5000 in
875 4945 1100 5018 obtrectatione,
1124 4962 1211 5021 quarn
1235 4943 1296 5017 hic,
1327 4946 1376 5002 ubi
1401 4963 1455 5018 ege
1478 4945 1596 5021 subjec-

244 5036 306 5086 tum
329 5047 411 5087 meac
435 5029 616 5089 harmonicen
640 5033 668 5087 in
692 5040 847 5104 angustum
871 5031 1021 5105 contrahe,
1045 5032 1124 5109 quod
1144 5041 1321 5091 contemtum
1344 5031 1414 5110 quid
1437 5042 1489 5103 est,
1514 5039 1597 5106 tuum

245 5133 328 5186 vero,
361 5116 506 5194 Robcrte,
537 5118 656 5192 ampliu.
702 5117 780 5192 Quid
808 5136 866 5177 non
895 5120 995 5178 turbat
1023 5119 1087 5178 ira‘l
1132 5119 1175 5177 Nc
1206 5105 1265 5178 hoc
1285 5119 1403 5196 quidem
1427 5122 1596 5196 concoquis,

245 5206 361 5279 quaeris
385 5203 463 5279 qued
487 5215 588 5263 mutuo
612 5222 751 5281 reponas,
785 5206 889 5281 objicis
912 5209 1087 5265 contrariam
1110 5206 1347 5282 amplitudinem,
1370 5208 1597 5285 exprobraturus

247 5293 347 5365 utique
371 5294 530 5350 contrarias
555 5296 715 5369 angustias,
739 5295 763 5349 si
786 5295 914 5371 spatium
932 5311 986 5367 ego
1010 5294 1105 5369 majus
1121 5292 1296 5353 harmonicis
1312 5298 1384 5354 meis
1404 5311 1596 5373 arrogassem.

333 5379 484 5449 Causaris,
518 5398 564 5439 me
588 5380 722 5440 coelestis
745 5381 914 5439 harmoniae
940 5380 1110 5439 descensum
1134 5380 1171 5439 ad
1195 5397 1248 5440 nos
1279 5381 1357 5441 nolle
1379 5385 1521 5459 respicere
1546 5389 1597 5441 aut

244 5465 404 5524 attendere.
452 5464 527 5539 Quid
552 5457 654 5538 dicas,
679 5484 736 5526 non
761 5470 861 5545 capiu;
892 5485 951 5526 non
975 5486 1039 5526 sum
1070 5470 1146 5527 enim
1179 5467 1255 5527 lilius
1283 5471 1446 5548 sapientiae
1468 5465 1594 5528 Herme-

246 5553 331 5622 ticae,
355 5571 408 5612 nec
431 5555 549 5611 assuevi
571 5554 768 5614 locutionibus
791 5556 1001 5630 aenigmaticis.
1047 5554 1123 5613 Nam
1146 5553 1182 5614 de
1197 5554 1491 5617 lamblicht'oracnlo
1507 5551 1596 5635 supra

244 5642 317 5699 satis
340 5644 421 5714 cavi,
446 5640 595 5716 quomodo
619 5641 649 5700 id
672 5645 760 5702 etiam
783 5659 839 5720 ego
862 5642 1034 5720 intelligam.
1083 5644 1132 5702 list
1154 5659 1214 5703 una
1236 5663 1308 5707 sene
1332 5647 1422 5721 ratio,
1454 5660 1514 5722 qua
1536 5661 1621 5714 non.
