3684 7259
746 1256 750 1265 ·
850 1217 1010 1297 apologia(
1493 1232 1599 1293 'lot

249 1426 271 1466 c
293 1406 360 1467 Deo
381 1408 565 1483 sapientiam
588 1408 773 1481 missamque
793 1406 938 1480 mintium
959 1407 1025 1479 aas
1047 1424 1062 1464 a
1082 1407 1195 1464 sancus
1216 1404 1325 1465 coelis?
1365 1404 1432 1466 Non
1454 1408 1551 1485 igitur,
1574 1410 1600 1469 sl

249 1495 384 1573 diffinba
411 1509 493 1555 meae
522 1489 800 1564 demonstrationes,
832 1499 986 1570 propterea
1013 1500 1042 1551 et
1072 1492 1239 1566 instabiles,
1273 1509 1328 1552 nec
1356 1494 1382 1552 si
1408 1494 1458 1555 rel
1487 1501 1519 1553 tu
1550 1494 1600 1556 rel

250 1585 405 1659 qnisquam
428 1581 503 1640 alius
525 1598 583 1640 non
603 1581 684 1640 ultra
706 1582 928 1655 opinationes,
957 1578 1083 1656 legendo
1106 1598 1203 1640 meum
1226 1596 1314 1658 opus,
1346 1581 1485 1659 profecit,
1508 1599 1600 1661 prop·

235 1678 329 1729 terea
350 1672 394 1727 rei
417 1672 542 1729 veritate
563 1687 626 1731 non
649 1663 861 1744 confirmabam
883 1664 914 1725 id
936 1666 1038 1727 haberi
1059 1666 1156 1728 debet.

338 1755 414 1832 Quid
438 1773 507 1816 vero
531 1755 656 1834 denique
679 1764 708 1815 te
730 1763 843 1814 sunere
864 1753 968 1827 dicam,
993 1750 1071 1831 quod
1094 1754 1284 1832 astrologiam
1306 1754 1386 1818 illam
1410 1774 1518 1817 vanam
1535 1759 1599 1819 slve

249 1847 307 1904 tuis
331 1848 394 1903 sive
418 1842 615 1903 Mirandulani
649 1844 746 1903 verbis
769 1859 875 1916 vexas,
910 1858 999 1919 quam
1027 1858 1082 1920 ago
1116 1842 1280 1902 libramen
1307 1846 1404 1920 operis
1423 1844 1597 1906 Harmonici

252 1941 356 2008 quarto
386 1932 430 2012 (ui
450 1949 510 1995 nou
540 1931 635 1993 dicam
665 1931 701 1991 de
724 1931 792 1990 aliis
814 1931 887 1988 meis
909 1928 1004 2009 libris)
1036 1918 1189 1990 asiricera
1216 1930 1403 2009 philosophia
1424 1932 1599 2011 ,longissime

249 2022 377 2093 scotavi,
406 2037 495 2096 quam
524 2026 554 2076 tn
583 2031 698 2090 mmen,
727 2020 895 2077 comitatam
924 2017 1117 2077 chiromantia
1147 2024 1176 2077 et
1203 2022 1372 2093 geomantia
1403 2020 1597 2098 pedissequis,

248 2124 386 2183 magnam
410 2109 505 2183 operis
528 2107 570 2164 tui
592 2114 706 2184 partem
729 2107 837 2177 lecini,
860 2112 949 2180 quatu
971 2107 1029 2164 non
1052 2122 1110 2165 nno
1132 2104 1198 2164 loco
1224 2105 1311 2181 hujus
1334 2108 1429 2184 ipsius
1452 2106 1520 2169 tu'ae
1543 2109 1598 2169 de·

252 2195 420 2254 clarationis
443 2212 495 2254 seu
519 2198 596 2253 reris
619 2211 672 2253 seu
695 2194 776 2252 lalsls
803 2191 942 2251 laudibus
972 2188 1175 2252 ebuccinastiz'
1197 2196 1398 2271 oppositiones
1421 2194 1544 2256 lethales
1566 2203 1598 2256 et

249 2283 395 2341 violentas
425 2282 638 2359 pronunciasti,
668 2282 783 2340 animae
811 2279 912 2339 muudi
940 2282 1039 2339 vanos
1070 2282 1190 2340 effectus
1219 2280 1409 2359 astrologiam
1431 2286 1597 2363 permisisti,

250 2379 364 2429 veteres
388 2386 406 2427 a
429 2368 603 2429 certitudine
625 2367 857 2446 praedictionum
880 2367 1121 2444 astrologlearum
1144 2367 1369 2442 commendasti,
1388 2369 1456 2431 hoe
1478 2374 1544 2449 ipso
1567 2375 1596 2450 in

249 2457 335 2517 titulo
358 2457 447 2533 paulo
470 2453 604 2534 superins
627 2458 803 2517 electionum
825 2455 1068 2531 astrologicamm
1090 2455 1243 2533 sortilegia
1262 2456 1301 2515 ad
1323 2459 1430 2518 tribum
1445 2458 1597 2538 Issaschar
1680 2482 1686 2493 ·

250 2544 348 2620 adque
369 2547 450 2621 ipsas
472 2546 631 2620 scripturas
653 2543 799 2604 retulisti:
834 2545 879 2601 An
902 2560 958 2619 ego
981 2551 1012 2612 te
1033 2545 1178 2622 somniare
1201 2560 1238 2603 an
1261 2546 1360 2621 potius
1382 2546 1596 2623 inmodicam,

250 2636 300 2708 qui
324 2643 356 2691 ιιι
378 2648 424 2691 me
448 2649 622 2710 quacunque
644 2636 757 2692 ratione
779 2630 945 2705 ulciscaris,
975 2640 1027 2691 tua
1048 2632 1119 2692 mihl
1142 2629 1262 2691 crimina
1285 2629 1466 2709 exprobras?
1511 2636 1596 2696 Anne

252 2723 340 2780 etiam
371 2722 592 2780 excusationem
619 2719 702 2799 'apud
733 2718 869 2784 cordatos
900 2735 964 2777 sum
987 2719 1172 2793 iuventamn,
1206 2718 1285 2794 quod
1313 2720 1515 2782 examinandis
1538 2726 1597 2783 tols

251 2808 439 2884 analysibus,
463 2805 571 2886 oppido
595 2823 682 2884 quam
705 2806 855 2866 dissolutis
876 2814 907 2864 st
930 2805 1074 2879 conlusio,
1098 2815 1213 2882 tempus
1236 2806 1356 2882 aliquod
1378 2808 1516 2885 perdidi?

310 2895 396 2954 -Sed
424 2912 490 2954 ecca
521 2912 632 2955 rursum
663 2912 785 2955 excusso
815 2910 918 2953 somno
942 2893 980 2954 ad
1000 2894 1194 2969 objectionem
1219 2893 1406 2971 difficultatis
1432 2900 1594 2972 reverteris,

252 2984 490 3058 exprobrationes
512 2986 693 3057 ignorantiae
715 2983 860 3041 humanae
882 2998 918 3040 ex
940 2980 1029 3042 Johis
1053 2982 1104 3040 ³8.
1128 2983 1180 3042 39.
1202 2997 1266 3058 cap.
1293 2981 1395 3042 ultimo
1418 2993 1526 3044 conatu
1548 2989 1595 3043 in·

248 3073 389 3145 geminas,
413 3087 467 3129 nec
490 3070 708 3144 animadvertis,
732 3070 788 3129 hoc
811 3068 914 3129 eodem
937 3070 1077 3128 orationis
1099 3076 1167 3128 tuae
1191 3076 1317 3129 torrente
1340 3086 1454 3132 omnem
1478 3074 1595 3133 Aristo·

250 3158 315 3216 telis
339 3158 567 3232 disputationem
598 3159 633 3219 de
664 3166 759 3233 motu,
794 3157 830 3217 de
861 3156 961 3228 coelo,
995 3154 1030 3215 de
1057 3158 1244 3232 generatione
1275 3164 1305 3215 et
1327 3157 1525 3234 corruptione,
1559 3161 1595 3221 de

248 3247 401 3317 mateoris,
434 3244 470 3304 de
500 3250 612 3318 anima,
646 3245 681 3305 de
713 3245 836 3303 historia
865 3243 1050 3317 animalium,
1084 3260 1184 3303 omnes
1218 3242 1385 3318 Hermetea,
1421 3255 1472 3305 tua
1502 3250 1595 3324 ipsius

249 3354 435 3410 κιιυχηματα,
467 3348 569 3394 omnes
591 3334 729 3391 Platones
760 3334 913 3408 ipsumque
946 3330 1020 3391 adeo
1050 3339 1132 3390 tuum
1159 3340 1219 3389 tam
1241 3330 1476 3393 Macrocosmum
1507 3352 1595 3411 quam

249 3419 483 3491 Mica-ocosmum,
507 3428 567 3481 tam
590 3430 723 3479 naturam
746 3429 844 3493 tuam,
875 3436 964 3495 quam
987 3417 1159 3478 insidentem
1182 3418 1223 3476 illi
1248 3420 1378 3494 simiam,
1402 3438 1461 3481 uno
1483 3425 1594 3500 impetu

248 3511 319 3584 rapi,
344 3506 496 3584 provolvi,
527 3512 557 3568 in
579 3509 718 3586 abyssum
741 3507 879 3584 demergi.
924 3506 1090 3566 Audientur
1111 3507 1210 3582 potins
1236 3508 1408 3584 interpretes
1436 3508 1494 3569 loci
1515 3510 1595 3571 illius

247 3594 371 3671 legitimi
394 3604 424 3652 et
445 3595 546 3656 sobrii.

335 3683 400 3740 Non
430 3700 466 3740 en
492 3687 565 3742 maia
586 3683 673 3741 lineis
696 3685 925 3757 qnonntctiois,
958 3680 1102 3754 Roberte,
1135 3680 1187 3741 aad
1219 3700 1255 3741 ex
1277 3678 1401 3763 {aeterno
1431 3685 1593 3761 sapientiae

251 3787 329 3847 penu
354 3769 505 3844 depromta
527 3778 595 3829 sunt
618 3771 669 3828 illa
693 3773 711 3828 5
735 3787 882 3846 corpora,¹
903 3771 1010 3846 quihus
1039 3768 1186 3828 coelorum
1210 3769 1276 3830 idea
1298 3777 1428 3846 constat,
1457 3789 1511 3832 nec
1540 3789 1593 3833 ne-

249 3859 345 3935 gabis,
369 3866 502 3916 neteroas
525 3876 590 3918 esse
612 3860 739 3916 rationes
762 3859 967 3933 geometricas,
991 3860 1086 3932 ipsum
1108 3856 1220 3917 scilicet
1243 3860 1333 3938 loyor,
1357 3859 1441 3934 cujus
1463 3862 1593 3937 imagini,
1641 3855 1642 3860 ’

248 3952 281 4003 ut
303 3963 391 4022 saepe
416 3944 540 4016 dictum,
570 3962 624 4005 nos
647 3945 779 4004 homines
802 3961 917 4005 omnem
946 3953 1074 4003 nostram
1097 3946 1186 4003 animi
1209 3945 1371 4006 naturalem
1400 3946 1593 4023 aptitudinem

248 4032 287 4091 ad
312 4033 499 4109 percipienda
522 4035 707 4110 geometrica,
731 4049 832 4092 omnes
853 4034 973 4100 notitias
996 4040 1164 4091 concreatae
1187 4042 1323 4111 acceptas
1346 4037 1449 4093 merito
1464 4036 1592 4094 serimus.

248 4120 315 4178 Non
341 4121 428 4195 igitur
450 4121 516 4180 idco
539 4120 647 4180 debilia
670 4131 755 4192 sunt,
778 4127 830 4179 aut
849 4120 918 4197 ficta
941 4117 1129 4178 lundamanta
1154 4119 1384 4196 disputationum
1406 4125 1592 4198 geometrica,

247 4209 320 4283 quia
342 4206 372 4264 iu
395 4218 491 4268 mente
514 4208 655 4281 hominis,
677 4207 729 4267 sed
752 4207 848 4280 firma,
872 4210 942 4283 quia
965 4225 1000 4267 ex
1023 4208 1157 4282 imaginis
1180 4207 1237 4266 Dei
1259 4210 1482 4284 participatione
1504 4219 1592 4269 natu·

248 4294 304 4353 rali
328 4293 506 4372 dependent3
538 4313 591 4355 nec
613 4299 638 4354 si
660 4294 748 4354 homo
771 4298 961 4354 ratiocinator
987 4310 1023 4353 ex
1052 4295 1160 4354 lumine
1183 4301 1318 4369 naturae,
1349 4296 1420 4373 quid
1445 4296 1591 4357 coelorum

246 4380 379 4441 aedilicio
403 4384 574 4455 conveniat,
605 4391 758 4461 propterea
781 4382 929 4443 coelorum
950 4380 1125 4441 architectus
1149 4382 1291 4442 humanas
1320 4383 1438 4460 respicit
1462 4384 1589 4463 regulas,
1637 4392 1639 4395 ’

246 4468 299 4528 sed
323 4471 393 4546 quia
415 4471 489 4531 tales
519 4472 583 4547 ipse
605 4467 721 4546 regulas
752 4489 787 4530 ex
816 4487 847 4529 se
870 4472 934 4547 ipso
962 4468 1103 4529 desumsit
1130 4469 1262 4547 struendi
1284 4472 1400 4547 mundi,
1434 4482 1591 4550 propterea

248 4558 349 4633 imago
375 4560 466 4633 ipsius
488 4558 689 4617 ratiocinando
711 4574 769 4615 non
792 4557 866 4616 alias
888 4559 1009 4616 invenit
1477 4615 1480 4624 ,

335 4645 387 4702 Ad
418 4647 636 4705 testimonla
664 4662 726 4722 pro
754 4646 956 4704 harmoniis
980 4643 1135 4704 Roberti
1163 4643 1205 4704 de
1227 4644 1427 4705 Fluctibus.
1473 4645 1536 4705 Etsi
1560 4647 1589 4704 in

245 4730 302 4790 hac
325 4741 472 4809 postrema
502 4734 673 4810 repetitione
703 4731 908 4809 philosophiae
931 4739 1017 4807 tuae,
1050 4749 1138 4808 quam
1165 4739 1197 4790 tu
1220 4731 1314 4809 plenis
1345 4750 1452 4793 norem
1475 4735 1591 4811 paginis

246 4820 343 4893 inlata,
361 4821 433 4897 plus
458 4820 554 4881 decies
576 4823 684 4879 inserta
705 4822 823 4879 invenio
846 4820 893 4880 vel
909 4837 1015 4880 nomen
1031 4819 1078 4878 vel
1095 4821 1214 4879 crimina
1227 4837 1301 4893 mea,
1324 4820 1355 4879 id
1370 4828 1468 4881 umen
1484 4838 1590 4882 causae

246 4923 304 4965 non
329 4911 432 4985 putavi
458 4912 531 4967 satis
554 4925 629 4986 esse,
653 4925 703 4967 cur
724 4907 864 4985 prolixior
885 4924 980 4967 essem
1003 4906 1099 4966 inille
1123 4900 1326 4968 examinanda
1371 4908 1421 4969 Sic
1435 4910 1512 4969 enim
1526 4912 1590 4969 exi·

246 4996 350 5070 stimo,
376 4998 425 5053 vix
448 5013 624 5071 quamquam
648 4995 803 5069 lectorum,
827 4997 890 5054 sive
914 4996 1135 5055 mathematicus
1157 4995 1207 5055 ille
1230 4998 1282 5069 sit,
1309 4997 1374 5056 sive
1395 4995 1591 5075 Hermetieus,

245 5082 468 5157 perduraturum
498 5085 527 5140 in
549 5083 604 5142 hac
627 5082 751 5142 lectione
782 5100 875 5158 usque
903 5082 1066 5157 adfinem,
1098 5084 1197 5159 itaque
1227 5099 1333 5142 nomen
1355 5101 1452 5144 meum
1483 5087 1511 5143 in
1534 5083 1591 5143 hoc

247 5169 323 5229 chao
347 5170 432 5230 lacile
454 5169 655 5245 latitaturnm3
679 5169 784 5246 quodsi
808 5173 895 5229 etiam
918 5172 1092 5243 inveniatur,
1116 5172 1214 5228 omnia
1236 5178 1333 5229 tamen
1358 5170 1474 5246 objecta
1498 5170 1591 5231 diluta
1617 5203 1625 5221 ·

245 5268 313 5316 sunt
336 5259 364 5315 in
387 5259 595 5333 superioribus.
641 5258 686 5317 De
714 5266 766 5317 tua
787 5274 858 5317 vero
881 5257 1069 5336 philosophia
1097 5257 1165 5333 plus
1187 5255 1300 5332 aliquid
1322 5256 1467 5333 delibare,
1501 5276 1590 5336 quam

246 5343 325 5420 quod
349 5346 439 5404 iaciat
461 5345 498 5404 ad
523 5344 726 5421 explicandum
747 5346 907 5405 lectoribus
930 5344 1083 5405 discrimen
1106 5346 1181 5404 inter
1203 5344 1373 5406 harmonica
1394 5352 1446 5405 tua
1468 5354 1497 5407 et
1515 5365 1590 5423 mea,

244 5433 399 5492 consilium
422 5433 544 5491 mihtin
567 5432 622 5491 hac
644 5434 800 5509 scriptlone
822 5449 881 5491 non
903 5433 967 5491 luit
1012 5432 1049 5490 Et
1072 5432 1136 5489 linis
1159 5439 1190 5490 tu
1207 5430 1333 5506 quidam,
1357 5449 1415 5492 non
1442 5434 1506 5494 siue
1522 5432 1590 5496 sella

244 5523 354 5596 gratiis
375 5520 435 5578 Dei
454 5520 672 5595 praeeuntibus
694 5518 849 5595 occeptum
869 5520 983 5598 ferens,
1015 5519 1096 5595 quood
1115 5520 1245 5578 stimulis
1267 5522 1410 5581 indictus
1431 5540 1516 5583 meae
1538 5525 1591 5583 in-

245 5607 348 5666 cidiae
367 5607 493 5685 feliciter
515 5625 591 5683 opus
610 5610 892 5683 perueuems;,ego
915 5622 986 5667 vero
1009 5606 1150 5666 invidiam
1172 5615 1288 5666 strenua
1308 5608 1428 5683 inficior,
1451 5610 1489 5670 ad
1505 5611 1591 5689 periti

244 5692 363 5757 lectoris
383 5694 525 5771 iudicium
547 5711 692 5773 provoco,
706 5690 709 5696 ’
722 5712 793 5758 num
814 5712 875 5772 qua
896 5691 1056 5757 invidenda
1083 5696 1163 5757 bona
1183 5695 1325 5773 reperiat,
1356 5713 1433 5776 qnae
1455 5700 1591 5777 imputati

1368 5802 1436 5863 aoo
1467 5879 1469 5884 ,
