3684 7259
856 1225 999 1298 Apologia
1286 1236 1287 1239 ’
1537 1233 1600 1295 433
1674 1219 1683 1270 l

248 1407 323 1469 baec
348 1410 424 1466 enirn
448 1406 594 1468 caloribus
618 1406 812 1466 subterraneis
835 1410 997 1480 concitatis,
1020 1406 1089 1465 foris
1113 1407 1200 1465 eiiam
1224 1404 1325 1481 adjuta
1344 1405 1422 1465 Solis
1445 1406 1602 1489 caloribus,

250 1495 387 1554 humores
419 1496 622 1553 subterraneos
651 1496 678 1551 in
709 1511 846 1572 vaporem
877 1502 1024 1567 attenuat,
1062 1511 1130 1553 eum
1160 1497 1188 1550 in
1217 1493 1349 1567 modum,
1384 1511 1442 1569 quo
1473 1494 1600 1556 hominis

249 1586 347 1641 anima
377 1581 498 1641 sudores
529 1582 614 1639 simul
646 1590 675 1640 et
704 1583 930 1657 evaporationes
961 1584 1033 1654 ciet,
1067 1583 1180 1640 irritata
1213 1580 1409 1640 mithridatico
1437 1592 1488 1641 ant
1519 1577 1601 1643 motu

249 1672 378 1747 corporis
408 1678 592 1729 exaestuans,
638 1668 707 1727 Jarn
742 1671 900 1745 vaporibus
933 1668 1138 1728 exhalantibus
1169 1668 1273 1745 reliqui
1303 1676 1414 1741 motus,
1446 1673 1600 1746 gravitatis

249 1768 278 1816 et
302 1759 440 1829 levitatis,
465 1757 569 1815 caloris
593 1768 621 1815 et
643 1758 767 1832 frigoris,
792 1756 945 1815 densitatis
969 1764 998 1815 et
1020 1758 1163 1828 raritatis,
1193 1759 1347 1815 momentis
1371 1764 1446 1815 uitro
1469 1748 1600 1834 sequun-

249 1853 304 1921 tpr.
352 1845 410 1903 Sed
434 1856 637 1919 argumentum
660 1849 748 1902 etiarn
772 1844 927 1903 audiamus
950 1859 1048 1915 unum,
1072 1844 1213 1902 hactenus
1230 1846 1306 1903 enim
1328 1861 1423 1902 meras
1443 1849 1601 1906 sententias

252 1931 438 2008 loquebaris:
463 1935 487 1989 si
511 1936 608 1989 anima
631 1931 739 1991 Terrae
763 1939 951 2009 tempestates
975 1933 1004 1988 in
1028 1935 1095 1990 edre
1111 1935 1246 2003 concitat,
1271 1949 1379 2009 corpus
1395 1935 1489 2007 ipitur
1510 1951 1601 1993 suum

247 2023 324 2096 ipso,
344 2019 469 2077 destruit
497 2027 523 2076 el
554 2020 708 2078 dilacerat.
753 2018 883 2078 Hoccine
913 2019 981 2089 tihi,
1012 2014 1156 2092 Roberte,
1181 2019 1363 2077 absurdum?
1395 2029 1423 2077 et
1450 2037 1600 2098 nunquam

249 2115 331 2165 tuam
356 2110 417 2182 ipse
442 2107 571 2181 linguam
603 2125 697 2167 errore
720 2110 930 2184 praecipitatus
953 2107 1151 2179 momordisti,
1185 2122 1335 2182 nunquam
1358 2105 1455 2166 sulcos
1480 2109 1510 2165 in
1535 2118 1601 2168 cutc

249 2197 333 2270 egisti
357 2194 530 2268 unguibus?
576 2194 621 2251 An
644 2194 717 2253 forte
742 2212 797 2252 vion
822 2201 873 2251 tua
894 2193 952 2252 boo
975 2196 1118 2270 praestitit
1142 2196 1253 2266 aalma,
1287 2194 1338 2253 sed
1362 2193 1463 2253 dentes
1493 2203 1522 2254 et
1543 2213 1601 2253 un-

248 2299 321 2358 gues
345 2284 467 2339 seorsim
490 2283 527 2338 ab
551 2281 672 2339 anima?
716 2281 834 2360 Verum·
851 2289 882 2338 tu
907 2279 944 2338 ad
968 2284 1128 2340 sententias
1152 2284 1319 2340 reverteris:
1344 2284 1455 2349 anima
1474 2286 1601 2342 univer·

246 2370 318 2427 solis
339 2369 449 2426 mundi
470 2378 522 2439 est,
546 2370 627 2426 unde
649 2376 840 2445 tempestates,
863 2375 994 2427 cometus
1016 2376 1066 2427 stc.
1087 2369 1265 2443 procedunt.
1312 2369 1358 2427 De
1385 2373 1505 2429 cometis
1529 2370 1599 2428 nilril

249 2456 411 2532 obloquor,
440 2473 497 2513 non
522 2460 598 2512 onim
620 2453 672 2514 'eos
697 2475 732 2513 ex
755 2456 845 2514 Terra
868 2458 1023 2531 minusque
1055 2474 1089 2514 ex
1114 2460 1180 2514 aire
1203 2466 1302 2513 nostro
1336 2458 1402 2513 oriri
1426 2453 1514 2531 puto‘,
1550 2469 1601 2517 aut

251 2553 327 2602 certe
357 2546 558 2618 paucissimos.
605 2544 650 2601 lie
683 2542 906 2620 tempestatibus
937 2543 1009 2602 cedo
1040 2546 1167 2602 rationes
1197 2551 1249 2602 aut
1278 2543 1367 2602 fatere
1398 2543 1472 2602 nihil
1495 2546 1548 2604 abs
1572 2554 1600 2604 te

249 2629 358 2689 dictum
382 2647 454 2688 esse,
502 2630 562 2702 Est,
586 2632 690 2705 inquis,
714 2635 764 2689 aer
787 2624 952 2706 passivum,
985 2630 1063 2689 iilius
1087 2633 1201 2689 animae
1224 2630 1323 2689 mundi
1347 2634 1495 2709 proprium
1518 2633 1600 2709 ejus-

250 2734 307 2794 que
346 2719 512 2775 actionibus
546 2722 640 2791 magis
681 2727 791 2794 aptum.
849 2715 955 2791 Quid?
990 2720 1016 2776 si
1047 2719 1082 2777 de
1116 2717 1224 2776 Terrae
1258 2720 1355 2776 anima
1386 2719 1511 2778 dicerem
1543 2736 1599 2796 ego
1702 2725 1704 2735 ’

250 2805 344 2876 idem,
370 2805 553 2864 verisimilior
577 2804 711 2880 equidem
735 2805 807 2864 haec
830 2811 909 2864 esset
931 2804 1114 2864 familiaritas
1136 2808 1211 2863 inter
1234 2807 1364 2880 vicinos,
1388 2808 1464 2865 iuter
1484 2824 1598 2883 aequa-

249 2892 302 2965 les,
327 2910 414 2967 quam
446 2901 478 2949 ut
500 2901 613 2949 tantum
637 2895 745 2968 negotii
777 2895 815 2951 sit
841 2891 882 2948 illi
914 2891 1014 2949 mundi
1046 2891 1217 2968 amplissimi
1250 2895 1365 2953 animae
1396 2895 1425 2951 in
1448 2894 1493 2952 his
1523 2897 1599 2953 ae'ris

248 2983 339 3038 nostri
364 2982 522 3054 angustiis,
556 2988 591 3037 ut
614 2981 734 3056 affabm
757 2980 811 3038 ilio
839 2982 872 3036 in
893 2978 939 3036 bis
961 2985 1045 3037 natet
1066 2987 1094 3037 et
1116 2986 1195 3056 apat.
1240 2979 1350 3039 Verum
1379 2989 1408 3039 et
1434 2981 1492 3041 hoe
1513 2998 1598 3058 nego,

209 3091 212 3096 ⁴
248 3070 391 3145 aptiorem
421 3086 484 3126 osse
518 3071 615 3125 adrem
643 3066 835 3143 suscipiendis
858 3067 974 3125 animae
996 3066 1102 3124 Terrae
1132 3067 1311 3139 actionibus,
1344 3085 1432 3143 quam
1452 3068 1598 3128 'humores

250 3157 379 3231 corporis
402 3154 518 3213 Terrae.
564 3154 641 3228 Quid
665 3148 808 3230 quaeris‘l
834 3158 884 3212 o'e'r
906 3161 988 3212 extra
1011 3160 1064 3226 est,
1087 3152 1191 3212 humor
1213 3154 1298 3225 intus,
1323 3156 1353 3211 in
1374 3155 1495 3215 humore
1519 3158 1599 3217 calor

248 3243 286 3301 ab
310 3244 408 3300 anima
431 3244 594 3300 concitatus
616 3244 728 3300 invenit
749 3240 827 3316 quod
850 3250 936 3316 agat,
959 3245 1010 3299 ae'r
1028 3242 1090 3316 jam
1114 3244 1364 3328 attenuatusvlm
1387 3243 1465 3303 illius
1489 3246 1595 3305 evasit.

249 3328 298 3389 Sic
321 3332 381 3402 igni
404 3331 481 3387 actio
505 3337 550 3387 est
574 3331 602 3385 in
625 3329 751 3404 lignum,
777 3331 804 3385 in
828 3330 953 3386 cinerem
966 3322 1033 3386 'non
1057 3338 1110 3387 est.
1555 3402 1557 3405 .
1606 3337 1609 3341 ’

336 3415 433 3473 Velim
456 3420 545 3475 etiarn
567 3419 653 3490 seire,
678 3416 824 3492 quodnam
848 3414 917 3472 illud
942 3418 980 3473 sit
1001 3417 1097 3473 simile
1119 3419 1242 3473 animae
1263 3415 1450 3493 mundanae,
1481 3416 1599 3491 quode

248 3506 334 3563 coelia
359 3504 542 3579 quandoque
564 3505 701 3579 impluit,
726 3503 804 3579 quod
827 3520 885 3561 non
908 3505 947 3561 sit
963 3502 1153 3577 configuratio
1173 3502 1350 3576 harmonica,
1375 3512 1407 3561 nt
1424 3520 1479 3577 ego
1496 3502 1597 3576 doceo,

247 3591 298 3650 sed
331 3594 412 3665 quod
433 3592 611 3666 fortificatus
642 3593 680 3649 ab
709 3590 786 3649 iila?
822 3589 919 3649 Velim
942 3593 1031 3663 scire,
1067 3589 1137 3666 quid
1165 3591 1294 3649 conferat
1324 3586 1476 3651 sabololio
1497 3598 1598 3650 uerae

247 3681 419 3753 magnetica
442 3678 483 3735 acl
504 3679 726 3754 suaapimdum
748 3680 900 3752 spiritum,
925 3676 954 3735 id
978 3684 1022 3737 est
1044 3677 1167 3736 adrem?
1212 3678 1452 3750 tenebraris,
1478 3673 1597 3738 Terram
1677 3708 1679 3711 ·

249 3766 395 3824 exhauriri
419 3765 605 3825 exhalatione
628 3765 680 3824 illa
703 3781 796 3839 eoque
819 3767 965 3823 sitientem
988 3781 1051 3823 sese
1076 3772 1201 3825 attractu
1228 3768 1302 3825 aleris
1325 3764 1466 3826 reficere?
1510 3765 1598 3844 Mag·

248 3855 343 3911 notice
364 3852 520 3925 exhalatio,
544 3853 685 3925 lloherte,
716 3870 772 3910 non
804 3860 848 3912 est
871 3852 1046 3924 materialis,
1078 3852 1130 3911 sed
1153 3853 1337 3929 potentialis;
1369 3863 1413 3912 est
1437 3856 1513 3913 enim
1537 3854 1598 3913 for-

247 3940 332 3999 malis
356 3944 482 4016 eorporis
505 3943 637 4016 potentia
660 3942 788 4016 aspirare
812 3940 849 3997 ad
873 3942 1010 3999 unionem
1042 3957 1106 3998 oum
1130 3941 1185 3999 sibi
1213 3939 1310 3998 simili.
1355 3938 1467 4015 Quodsi
1490 3939 1597 4002 Terrae

247 4027 284 4086 ad
306 4031 519 4103 generationes
537 4046 611 4103 opus
635 4036 680 4087 est
701 4032 777 4101 abre,
802 4026 916 4087 facilius
939 4027 988 4086 hio
1010 4025 1309 4105 illisuppeditabitur
1331 4028 1368 4086 ab
1391 4030 1478 4101 intus,
1503 4027 1598 4088 calore

249 4117 413 4174 extenuatis
438 4115 617 4174 humoribus.

336 4203 451 4260 Crebris
475 4221 492 4260 a
515 4213 543 4261 te
566 4204 726 4274 sententiis,
751 4201 887 4273 Roberte,
911 4200 1049 4260 dissideo.
1096 4199 1252 4259 Problema
1271 4201 1448 4278 Jucundum,
1472 4218 1523 4260 cnr
1544 4220 1596 4261 su-

251 4288 319 4349 dent
342 4308 486 4348 marmora
505 4291 613 4366 pluviis
636 4288 859 4363 ingruentibus?
903 4288 949 4346 Tu
972 4287 1139 4365 respondes,
1163 4292 1259 4347 aerem
1279 4290 1341 4366 jam
1361 4290 1528 4348 humectum
1551 4293 1598 4347 in·

247 4376 329 4453 gredi
352 4377 502 4453 salemque
531 4379 680 4436 marmoris
703 4378 857 4436 resolvere.
902 4375 1039 4435 Pondera
1062 4392 1130 4451 ergo
1153 4392 1278 4435 marmor
1310 4385 1340 4437 et
1361 4378 1451 4449 refer,
1484 4385 1595 4453 quanto

247 4463 284 4528 id
300 4466 339 4522 sit
362 4466 469 4522 facturn
493 4465 596 4536 levius,
621 4467 645 4523 si
668 4473 781 4523 tantum
803 4464 874 4521 salis
896 4463 974 4521 foras
996 4464 1084 4521 misit.
1130 4464 1192 4539 ligo
1208 4463 1325 4539 quidem
1349 4482 1444 4541 spero,
1468 4482 1514 4524 me
1535 4465 1598 4524 lec-

248 4554 302 4611 tori
327 4551 542 4610 satisfacturum
565 4552 677 4610 melius.
723 4550 788 4610 Non
812 4552 907 4608 solum
931 4565 1065 4617 marmor,
1089 4566 1146 4608 nou
1169 4568 1283 4629 semper
1304 4551 1360 4612 hoc
1381 4560 1520 4628 praestat,
1545 4551 1597 4613 sed

247 4647 316 4697 iuno
340 4648 467 4712 tanturn,
499 4641 616 4715 quando
639 4642 728 4714 frigus
757 4647 786 4697 et
808 4639 943 4697 marmori
974 4644 1002 4695 et
1025 4636 1123 4696 densis
1153 4640 1286 4698 omnibus
1316 4642 1475 4716 impactum
1496 4639 1598 4701 haeret

246 4731 395 4798 tenacius,
427 4735 494 4785 tuno
519 4729 616 4785 subito
640 4727 847 4805 superveniens
871 4736 964 4798 vapor
986 4724 1138 4783 humectus
1171 4733 1200 4784 et
1230 4719 1345 4803 tepidus
1367 4724 1524 4788 resolvitur
1545 4744 1598 4788 oc-

247 4829 332 4872 cursu
365 4814 461 4889 frigidi
493 4816 652 4890 inaquam
676 4813 873 4890 adhaeretqne
905 4812 1067 4889 superficiei
1097 4815 1256 4872 marmoris.
1302 4814 1377 4873 Nam
1409 4814 1507 4891 tepida
1530 4821 1599 4873 suni

247 4908 384 4979 ettam,
417 4920 493 4976 quae
517 4902 611 4977 frigidi
636 4916 757 4960 occurso
780 4900 959 4962 condensata
989 4900 1085 4959 locum
1109 4904 1228 4977 capiunt
1250 4904 1464 4977 angustiorem,
1497 4903 1597 4978 itaquo

245 4988 362 5065 tepidae
387 4999 484 5065 partes
509 4992 620 5048 vicinae
644 4990 817 5061 succedunt,
851 5005 887 5047 ne
911 4987 995 5048 detur
1016 5005 1152 5047 vacuum.
1197 4988 1243 5047 Ita
1273 4989 1305 5047 fit
1334 4989 1367 5049 ul
1398 4994 1449 5049 adr
1480 4989 1597 5068 tepidus

245 5076 354 5135 feratur
377 5078 414 5135 ad
436 5094 569 5135 marmor.
615 5078 680 5135 Non
703 5078 808 5154 probat
831 5077 917 5152 igitur
937 5076 994 5135 hoe
1016 5073 1196 5152 exemplum,
1228 5080 1325 5135 a'essrem
1340 5079 1383 5134 in
1406 5069 1527 5136 Terram
1550 5078 1597 5134 in-

245 5163 326 5239 gredi
353 5207 360 5236 ,
384 5166 409 5222 si
433 5165 501 5221 ioris
526 5164 675 5225 adhaeret.
721 5163 809 5222 Aliud
834 5171 1036 5239 argumentum
1059 5162 1141 5222 ducis
1171 5182 1190 5221 a
1211 5162 1354 5239 pluviosis
1377 5166 1597 5224 constitutioni·

245 5252 300 5311 bers
323 5260 467 5328 putasque
492 5252 667 5311 defecturam
690 5254 777 5310 maris
801 5254 925 5328 copiam,
950 5252 976 5308 si
997 5250 1073 5309 inde
1087 5253 1210 5309 materia
1231 5258 1261 5310 et
1278 5268 1333 5309 non
1351 5251 1388 5310 ab
1404 5255 1480 5313 a'e're.
1517 5251 1594 5312 Puto

245 5355 301 5415 ego
327 5347 435 5411 eontra,
461 5338 636 5399 defecturam
660 5342 735 5397 alitis
759 5341 872 5414 copiam
896 5338 988 5396 multo
1012 5339 1107 5396 citius.
1153 5337 1203 5397 Sic
1224 5340 1302 5396 euim
1329 5340 1358 5396 ln
1383 5336 1503 5416 Optiois‘
1519 5338 1597 5406 'olim

246 5434 276 5485 et
298 5443 366 5485 vere
389 5430 504 5503 scripsi,
528 5428 594 5502 pius
618 5443 683 5486 esse
706 5428 844 5485 materiae
868 5429 896 5482 in
920 5427 1007 5483 unica
1029 5431 1113 5501 gutta
1134 5440 1245 5500 aquae,
1270 5441 1358 5503 qoam
1380 5428 1411 5485 ln
1433 5428 1509 5486 airis
1532 5444 1597 5486 arn·

243 5513 378 5590 piissimo
401 5516 516 5590 spatio,
550 5513 628 5588 quod
657 5513 768 5573 scilieet
798 5512 918 5589 impleat
941 5511 1080 5571 conclave
1111 5519 1214 5571 totum.
1261 5512 1355 5589 Igitur
1373 5511 1515 5591 majorem
1538 5533 1594 5593 ego

245 5617 398 5660 assensum
421 5619 515 5677 spero,
540 5604 589 5676 qui
613 5601 729 5677 pluvias
752 5618 809 5659 non
834 5618 869 5659 ex
893 5602 968 5658 ae'ris
984 5600 1104 5673 externi,
1126 5607 1159 5657 ut
1182 5607 1223 5673 tn,
1247 5600 1299 5660 sed
1315 5605 1350 5661 ex
1365 5605 1483 5680 vaporis
1498 5602 1596 5663 adhuc

244 5690 406 5749 amatrice
429 5706 483 5748 sua
505 5690 694 5749 subterranea
721 5690 846 5767 tepentis
875 5687 1104 5748 condensatione
1126 5703 1243 5763 genero.
1291 5686 1361 5749 Erat
1383 5689 1462 5751 ohim
1491 5689 1596 5751 humor

297 5798 393 5852 arserat
406 5797 521 5850 operar.
1390 5796 1431 5856 28
