3684 7259
246 1156 312 1215 m
662 1151 704 1204 lle
721 1151 987 1219 [nimidas
1006 1147 1185 1204 llnrffi.

245 1304 1605 1494 nummariam-nmmffnm

246 1415 1237 1488 mdmcr,sedetiamdrrmdimenr›mmasioasia
1420 1424 1605 1481 riacan-

247 1519 494 1582 μεμορεμ
539 1504 681 1563 Nimim
710 1507 932 1564 htcsamlras
962 1519 1159 1562 sonum
1188 1507 1314 1564 catalus
1338 1525 1399 1566 esa.
1427 1508 1605 1568 red-stas

246 1607 293 1652 ert
314 1596 463 1652 &calaris
487 1590 601 1650 idalia.
624 1609 655 1650 er
678 1596 702 1650 ia
726 1597 876 1656 mina:
907 1605 953 1649 est
975 1590 1117 1665 ἀπῇα.
1138 1611 1192 1668 per
1214 1609 1343 1654 rra-m.
1372 1599 1462 1653 etiam
1485 1611 1604 1673 remp·

247 1680 353 1739 Μὴ,
401 1679 477 1738 Vide
505 1697 597 1755 supra
619 1681 669 1738 iol
693 1683 757 1739 no
780 1681 877 1739 Procli
900 1680 1003 1737 rerba.
1047 1679 1140 1753 sajus
1170 1683 1211 1737 rei
1243 1682 1410 1758 exemplum
1439 1701 1558 1742 msa·
1583 1704 1605 1743 a

246 1766 1304 1843 mwmbupuinrmlacalraapeurepom.
1347 1770 1605 1830 §anuh-h

245 1854 1177 1932 qaidnpirgmmtammemeircmanrialod,
1209 1858 1496 1915 nursiam
1526 1876 1605 1917 cc·-

246 1940 1603 2020 oerraamrreagestaectianeamchanctcreremporis3deaiqneinhieacgotin

246 2030 439 2089 &muman
470 2030 622 2088 charam
650 2033 759 2088 simum
789 2043 819 2088 er
847 2043 980 2087 motum
1008 2043 1138 2103 tempore
1168 2028 1359 2089 decursum
1388 2033 1606 2108 numium

246 2121 276 2175 in
298 2120 493 2193 operationes,
516 2118 675 2176 observata
696 2120 886 2194 proportione
907 2115 1008 2175 ruffi
1030 2115 1181 2174 mundana
1200 2118 1395 2176 revolutioria
1418 2119 1542 2178 dianae
1562 2119 1604 2179 ad

246 2204 1604 2280 mummnbwmmmnemopemimjamusrammim

246 2291 668 2369 temporinam'nrtimuliu
714 2293 1245 2369 Discrumipsocorporenati
1274 2311 1405 2353 nacae
1433 2307 1604 2373 etrap-

246 2380 423 2440 dumata
445 2378 623 2454 genethliaci
645 2393 789 2439 motuum.

333 2465 480 2543 Quicquid
511 2470 600 2542 igitur
629 2469 771 2544 astrologi
803 2466 839 2525 de
873 2470 953 2525 ritae
983 2465 1169 2539 longitudine
1201 2465 1370 2541 praedicere
1403 2487 1440 2527 cx
1470 2469 1603 2530 nante

244 2565 449 2633 parcunt,
478 2565 572 2613 totum
595 2555 667 2613 illud
690 2560 719 2612 in
743 2557 799 2614 hoc
829 2565 918 2631 caput
941 2555 1135 2612 contrahitur:
1164 2552 1354 2612 duettionum
1379 2556 1542 2632 praeludiis
1564 2576 1602 2617 ex

246 2643 385 2706 thul!
406 2641 583 2718 genethliaci
607 2645 699 2703 reluti
720 2644 836 2721 pulpito
860 2642 981 2700 ritalem
1003 2641 1173 2699 laenitatem
1195 2642 1435 2703 informantihm.
1458 2663 1519 2719 qno
1544 2663 1602 2721 po-

246 2732 391 2790 cithu
413 2748 491 2790 anuo
514 2732 595 2789 ritae
617 2730 771 2789 hnmomm
796 2748 871 2788 uuus
894 2730 942 2788 rel
966 2728 1043 2787 alter
1061 2727 1229 2786 redundata*
1252 2748 1287 2787 cx
1304 2749 1426 2806 corpore
1449 2733 1601 2790 exturbari

245 2829 299 2878 aut
329 2816 480 2876 sollicitari
510 2816 634 2889 debeat,
665 2819 801 2877 stimulus
833 2821 858 2875 ia
889 2828 933 2874 est
963 2831 1085 2875 naturae
1116 2815 1154 2872 ad
1182 2818 1380 2890 peragendum
1413 2836 1489 2893 opus
1511 2838 1600 2878 sunm

246 2906 519 2983 extraordinarium,
541 2905 621 2981 qnod
644 2909 725 2966 ritae
746 2904 950 2983 prorogandae
972 2903 1067 2972 cedat,
1090 2921 1167 2961 mors
1191 2907 1220 2959 in
1234 2909 1330 2964 astr'an
1353 2910 1381 2961 ir.
1406 2906 1547 2977 themate,
1570 2910 1600 2965 in

246 2992 406 3088 w
427 2993 520 3064 nulla,
543 2992 650 3052 nedum
673 2997 775 3053 rariae
797 2993 1040 3056 martinianae:
1062 2994 1185 3048 materia
1200 2996 1329 3067 corpor'u
1344 3006 1399 3054 est.
1422 3011 1499 3069 qnae
1514 2993 1602 3052 llam-

246 3097 329 3144 mn
344 3079 427 3144 nhc
449 3079 497 3139 rel
521 3080 666 3139 inundans
689 3083 835 3157 opprimit,
860 3079 908 3136 rel
931 3078 1068 3137 deficiens
1091 3078 1207 3149 deserit,
1230 3098 1306 3152 quae
1329 3093 1451 3139 naturae
1474 3079 1611 3141 cona&

247 3166 368 3245 impedrt
391 3168 489 3245 adque
510 3172 668 3244 pernicicm
691 3169 859 3244 detorquct3
883 3179 1035 3241 peccatm
1059 3179 1112 3238 est,
1135 3164 1215 3241 quod
1233 3185 1326 3241 geum
1341 3168 1502 3226 humanum
1526 3167 1600 3227 edn-

245 3274 330 3317 cerso
353 3256 423 3315 olim
446 3258 674 3315 immortalitatis
696 3256 824 3328 remcrfio
847 3258 984 3331 privarit,
1007 3254 1085 3329 quod
1110 3257 1279 3311 etiamnum·
1292 3256 1430 3328 angelum
1446 3256 1600 3315 custodem

245 3363 265 3403 a
286 3343 380 3403 tutela
410 3346 492 3404 ritae
514 3355 616 3402 contra
639 3343 831 3414 daemonum,
861 3343 1011 3400 homiuum
1042 3342 1311 3418 elementorumque
1340 3344 1467 3400 insultas
1494 3344 1600 3416 abigit,

246 3432 376 3507 impedit,
399 3430 526 3509 repellit
570 3430 631 3489 Sed
654 3431 690 3490 de
712 3431 767 3490 hac
790 3449 821 3489 re
843 3430 977 3505 pluribus
996 3428 1142 3492 agendum
1156 3441 1232 3487 esset
1255 3431 1284 3485 in
1306 3430 1468 3505 astrologia
1491 3435 1601 3505 egique

248 3537 307 3577 uon
339 3521 455 3578 eondsc
487 3522 609 3578 nimium
643 3522 673 3576 in
702 3518 776 3577 libro
804 3517 841 3578 dc
863 3517 959 3575 Stella
981 3516 1031 3574 iol.
1056 3518 1107 3575 43.
1137 3525 1167 3573 ct
1191 3518 1226 3585 ‚in
1255 3516 1356 3575 Tertio
1380 3517 1600 3578 Interreuiente

249 3624 329 3664 num
354 3608 403 3665 65.
428 3617 458 3666 et
480 3625 559 3683 scu,
589 3607 715 3668 ctione
738 3609 806 3672 erit,
836 3615 870 3663 ut
898 3605 989 3661 libros
1010 3603 1080 3662 Joh.
1104 3603 1168 3661 Pici
1192 3603 1388 3662 llirandulani
1420 3623 1486 3662 cum
1518 3624 1601 3664 com·

247 3696 390 3753 mentario
413 3695 514 3766 edam,
538 3696 564 3752 si
587 3711 716 3752 merem
739 3692 880 3751 studiosis
903 3692 1108 3767 philosophiae
1130 3701 1244 3767 gratam
1266 3693 1410 3750 iacturum
1437 3693 1602 3769 intelligam

246 3800 300 3842 uec
322 3781 427 3840 mediis
449 3783 623 3841 necessariis
646 3782 728 3840 luero
751 3780 916 3839 destitutus.

333 3869 427 3938 Nunc,
451 3871 521 3945 quia
543 3868 581 3927 ad
604 3868 691 3927 linem
704 3886 839 3944 propero,
861 3868 1109 3943 comparationem
1125 3865 1303 3941 subjungam
1319 3867 1418 3924 vitalis
1437 3869 1466 3924 in
1482 3868 1601 3927 homins

245 3955 398 4020 lubria
430 3974 496 4015 cum
526 3959 625 4015 anima
647 3955 789 4026 Telluris,
820 3973 910 4014 causa
942 3954 1068 4011 influxus
1096 3953 1282 4025 coelestium,
1318 3955 1493 4030 rideturque
1526 3955 1601 4014 haec

248 4043 327 4116 erae,
347 4043 428 4120 md
451 4045 549 4102 anima
571 4043 679 4102 Terrae
702 4043 827 4102 circulus
849 4041 926 4114 talis,
949 4043 999 4115 qui
1022 4043 1156 4117 nuspiam
1177 4041 1287 4100 habeat
1307 4045 1419 4099 initium
1443 4042 1491 4100 rel
1513 4042 1601 4101 finem

246 4132 364 4208 nep-nb
387 4131 488 4206 aliqua
518 4133 563 4188 sui
586 4140 669 4208 parte
696 4134 735 4189 sit
757 4148 865 4200 uerus,
896 4139 928 4188 at
950 4129 1076 4186 hominis
1105 4127 1230 4185 facultas
1257 4129 1356 4187 vitalis
1386 4129 1496 4188 circulo
1519 4148 1602 4189 com-

246 4215 376 4296 paratur,
399 4236 418 4276 a
441 4218 576 4293 pluribus
600 4220 715 4295 punctis
740 4217 831 4277 relnti
854 4234 947 4288 nero,
970 4233 1059 4273 causa
1075 4226 1129 4286 est,
1153 4219 1222 4290 quia
1239 4217 1436 4275 characterem
1458 4234 1603 4291 geneseos

246 4309 349 4366 anima
371 4295 615 4364 Terrae'nullum
638 4306 744 4372 habet,
774 4322 839 4363 cum
863 4321 979 4379 semper
1000 4301 1103 4361 eadem
1126 4313 1258 4372 maneat,
1291 4323 1441 4379 nunqnam
1465 4314 1603 4364 nascatur

248 4404 300 4453 aut
324 4393 505 4465 incendatur,
529 4392 655 4451 hominis
679 4411 750 4452 vero
772 4395 914 4451 nativitas
935 4408 1037 4449 recens
1059 4393 1203 4465 mortique
1217 4395 1381 4467 propinqua
1403 4393 1602 4451 characterem

247 4491 329 4541 ortus
352 4483 398 4538 sui
422 4484 552 4557 recepit,
583 4483 633 4555 qui
661 4480 815 4540 zodiacum
837 4483 924 4538 certis
947 4480 1021 4535 initii
1046 4478 1170 4552 finisque
1192 4483 1309 4554 punctis
1332 4483 1521 4555 interpuugit.
1567 4480 1604 4538 Et

246 4568 359 4629 'l'elluri
383 4567 517 4644 quidem,
551 4571 687 4645 quamvis
717 4568 915 4627 characterem
944 4565 1162 4641 genethliacum
1193 4584 1228 4625 er
1253 4570 1345 4644 prima
1370 4566 1417 4625 die
1448 4569 1603 4625 creationis

248 4657 488 4729 &bonestorum
517 4667 616 4715 nmen
640 4655 715 4714 coeli
739 4659 867 4732 spatium
890 4672 1005 4729 semper
1028 4651 1069 4709 illi
1094 4662 1138 4711 est
1162 4655 1300 4732 obvium,
1332 4654 1403 4711 n‘hil
1427 4657 1458 4712 iu
1479 4653 1531 4712 illo
1554 4674 1603 4712 ra-

247 4747 357 4805 tionem
387 4743 477 4803 habet
510 4746 645 4820 principii
661 4743 794 4821 diuisi-e,
826 4753 906 4801 ortus
937 4758 1117 4813 occasusre3
1146 4741 1256 4800 homini
1285 4742 1454 4817 superficies
1475 4742 1603 4800 Telluris
1642 4733 1647 4738 ’

249 4832 402 4892 dimidium
425 4831 500 4890 coeli
524 4832 663 4902 occultat,
687 4840 768 4889 ortus
791 4840 820 4891 et
843 4848 966 4889 occasus
989 4831 1075 4903 signa
1098 4826 1259 4903 distinguit.
1306 4829 1392 4888 Patet
1408 4832 1498 4904 igitur
1520 4847 1602 4888 com-

247 4921 410 4997 parationis
433 4921 518 4977 ratio.
564 4918 709 4994 Adeoque
741 4936 811 4977 vera
840 4927 884 4977 cst
906 4919 981 4976 haec
1003 4920 1184 4990 comparatio
1207 4916 1307 4975 vitalis
1338 4920 1366 4973 in
1390 4925 1458 4975 actu
1489 4920 1603 4976 consti·

248 5015 330 5066 tutae
352 5005 502 5065 {acuitatis
525 5024 591 5065 cum
614 5005 723 5066 circulo
747 5024 823 5064 nero
847 5024 882 5064 cx
906 5007 992 5063 certis
1015 5006 1145 5077 punctis,
1176 5012 1207 5061 ut
1232 5008 1320 5063 etiam
1349 5005 1404 5062 sub
1426 5006 1602 5081 principium

248 5094 343 5154 morbi
365 5092 428 5170 (qui
452 5111 530 5153 nova
553 5096 639 5170 quasi
663 5095 725 5152 rita
747 5103 806 5166 est,
836 5106 916 5150 nova
938 5109 978 5150 sc.
1004 5093 1121 5166 energia
1145 5091 1244 5150 vitalis
1272 5090 1420 5149 facultatis
1450 5109 1503 5149 seu
1526 5095 1603 5150 actio

248 5182 312 5258 ejus
335 5180 582 5254 extraordinaria,
613 5181 772 5252 naturalis,
796 5189 912 5254 practer
934 5186 1067 5236 naturam
1095 5187 1193 5238 tamen
1217 5181 1434 5238 constitutionis
1466 5182 1603 5247 usitatae,

248 5268 398 5328 humorem
423 5270 542 5327 norlum
566 5288 582 5328 e
606 5283 726 5352 corpere
749 5269 903 5328 exturbare
926 5262 1035 5342 nitens)
1057 5265 1150 5337 locus,
1174 5286 1261 5341 quem
1283 5267 1368 5325 Luna
1390 5267 1531 5343 possedit,
1556 5269 1603 5324 in-

247 5357 319 5415 lluat
342 5357 371 5414 iu
395 5358 523 5415 animam
550 5353 652 5436 nimpi
683 5358 839 5440 ¹precipiat
862 5354 954 5414 veluti
986 5373 1074 5413 verae
1106 5354 1231 5430 alicujus
1254 5355 1373 5427 Lunae,
1403 5358 1432 5411 iu
1460 5354 1518 5413 hoo
1546 5371 1601 5414 suo

247 5442 340 5522 gradu
364 5444 537 5516 immobilia
567 5371 717 5592 aa&
735 5443 880 5519 quadrata
903 5452 934 5502 ct
956 5444 1093 5519 opposita
1114 5442 1182 5500 loca
1210 5445 1233 5501 si
1258 5443 1343 5501 Luna
1367 5460 1437 5501 rera
1463 5444 1492 5499 in
1516 5444 1602 5502 coelo

249 5535 430 5610 pervenerit,
462 5533 608 5591 naturah
648 5535 650 5540 '
701 5527 949 5590 'exstimulatur
975 5530 1014 5589 ad
1044 5529 1259 5607 agonisaudum
1287 5549 1353 5590 cum
1376 5530 1489 5589 morbo.
1535 5529 1603 5591 Hac
