3684 7259
322 1188 387 1259 462
791 1184 957 1257 Appendicls
974 1184 1198 1244 Harmonicornm

216 1391 219 1396 ·
322 1374 420 1443 tione,
451 1371 528 1427 nitor
549 1366 631 1426 iilam
661 1368 688 1423 in
712 1365 817 1425 melius
840 1365 1004 1426 emendare.
1051 1366 1141 1442 Atqui
1173 1353 1365 1429 contradictio
1394 1371 1476 1431 nulla
1499 1381 1571 1444 est,
1594 1389 1669 1449 qnae

326 1458 468 1519 lectorem
492 1454 648 1533 impediat,
678 1470 743 1511 cum
767 1463 898 1527 constet,
922 1471 981 1529 qno
1004 1463 1136 1530 respectu
1159 1450 1311 1531 quodlibet
1332 1475 1432 1517 eornm
1455 1460 1670 1520 affirmaverim.

409 1544 477 1602 Alio
500 1553 587 1621 capto
610 1544 721 1616 impetu
753 1544 782 1598 in
805 1544 968 1617 spatiosum
999 1544 1095 1619 operis
1117 1546 1174 1602 mei
1196 1561 1298 1618 agrurn
1327 1550 1470 1618 ex'curris,
1501 1550 1669 1608 vastitatem

321 1640 470 1708 atcunque
499 1640 529 1690 et
555 1629 662 1688 damna
690 1628 823 1686 illaturus
854 1628 1007 1689 hostiliter.
1053 1627 1205 1702 Mundus,
1237 1634 1299 1701 ais,
1323 1635 1410 1693 tertio
1430 1634 1480 1691 die
1509 1636 1675 1712 completur¹

319 1722 398 1797 (ait,
422 1720 573 1777 ιῑηιιεηιίε
594 1717 760 1788 mdinutia,
791 1716 920 1775 secundo
935 1718 1031 1790 each,
1063 1733 1132 1774 cum
1153 1718 1292 1777 nondum
1315 1728 1409 1778 ment
1429 1719 1541 1781 adera.
1589 1723 1670 1797 Erpa

324 1807 414 1865 Pluto
436 1814 464 1864 et
487 1805 677 1880 Pytduqoros
699 1803 885 1878 applicando
906 1804 1023 1878 (ipsam
1045 1797 1286 1864 clementia-'non
1310 1810 1485 1882 cupitorum
1512 1809 1549 1867 de
1570 1811 1669 1868 sulio·

321 1912 393 1953 rum
415 1892 574 1951 dimatiis
620 1888 733 1949 sntneit
756 1890 936 1949 recensuisse
959 1902 1172 1968 argumentum,
1196 1909 1264 1959 nam
1280 1892 1335 1952 hoc
1355 1896 1417 1969 jam
1437 1895 1505 1974 plus
1518 1904 1567 1956 est
1582 1915 1668 1972 quem

322 1982 462 2058 retulere,
493 1994 661 2055 quanquam
684 1975 721 2036 da
744 1978 931 2036 conclusione
954 1993 1012 2035 non
1035 1996 1152 2056 pugno,
1184 1980 1262 2057 qnod
1291 1989 1435 2040 testantur
1465 2000 1554 2043 voces
1577 2002 1667 2057 meae,
1750 1996 1752 2000 ’

319 2070 407 2145 sorte,
429 2070 517 2145 forie,
542 2076 574 2123 nt
595 2067 661 2123 cavi
684 2064 722 2123 ed
745 2064 880 2141 enalysin
908 2066 955 2122 15.
1001 2064 1141 2142 Sequitur
1163 2066 1243 2149 haud
1266 2069 1356 2142 paulo
1379 2070 1537 2129 violentius
1562 2072 1667 2131 telum:

326 2154 498 2231 laconpme
527 2152 677 2228 Keplerus
706 2153 742 2209 dc
770 2152 1017 2226 philosophorum
1047 2154 1278 2224 teanensibus,
1311 2173 1407 2230 quare
1438 2158 1528 2217 valde
1559 2158 1669 2218 deditio

319 2243 525 2320 fundamenta
546 2240 726 2299 hannoniae
753 2241 818 2311 ejus
846 2239 1041 2312 mundanae,
1076 2257 1141 2298 eam
1172 2257 1228 2317 ego
1259 2242 1500 2319 philosophorum
1528 2250 1668 2306 memine-

324 2334 377 2388 rim
400 2330 511 2401 obiter,
535 2343 589 2387 nec
611 2328 762 2385 eiiumiis
785 2325 882 2384 iocum
906 2327 1024 2385 lcccrim
1049 2328 1076 2383 in
1100 2328 1296 2394 fundamentis
1319 2333 1401 2389 meis.

410 2418 456 2475 De
479 2425 548 2474 tuae
570 2414 752 2473 harmonices
775 2416 905 2490 epitoma
928 2414 1001 2472 nihil
1023 2426 1111 2473 antea
1135 2415 1209 2488 dini,
1236 2416 1307 2474 nilril
1331 2420 1478 2493 igiturne
1501 2435 1580 2477 nnnc
1602 2422 1673 2495 qui-.

323 2504 390 2564 dem
412 2503 450 2562 ad
473 2520 519 2562 me
542 2504 685 2580 pertinere
707 2509 788 2578 puto,
813 2502 960 2577 quomodo
978 2510 1008 2560 tu
1025 2502 1154 2577 applices
1169 2502 1277 2579 figuras
1291 2505 1462 2581 regulares,
1486 2506 1558 2564 iilud
1574 2508 1667 2565 solum

324 2592 496 2664 cavendum,
520 2607 557 2654 ne
580 2595 611 2647 tn
634 2592 706 2647 meis
729 2589 851 2648 abutare
875 2590 979 2647 verbis.
1019 2590 1127 2668 Accipe
1143 2607 1269 2649 sensum.
1308 2592 1408 2665 Cebes
1429 2597 1542 2653 ratione
1559 2588 1671 2670 figurae

219 2670 222 2676 ’
324 2680 513 2757 primigenius
536 2686 580 2736 est
608 2679 801 2735 strationem
832 2678 923 2735 totius
946 2676 1051 2749 habet,
1082 2687 1309 2737 consentaneum
1339 2682 1428 2755 igitur
1458 2690 1534 2752 eret,
1568 2695 1600 2745 ut
1627 2681 1667 2740 iili

323 2770 411 2826 etiarn
440 2766 523 2825 locas
554 2766 679 2823 extimus
711 2773 739 2823 et
770 2762 969 2839 amplissimus
992 2766 1106 2838 (eorum
1135 2767 1262 2836 scilicet,
1296 2783 1371 2842 qnos
1395 2768 1506 2843 ligures
1538 2771 1667 2828 nancisci

323 2850 462 2935 possunt)
485 2855 690 2928 assignaretur.
737 2850 814 2925 Quid
838 2849 902 2923 hoc,
927 2854 1039 2927 inquis,
1067 2852 1104 2911 ed
1128 2852 1307 2912 Saturnum?
1352 2853 1477 2914 Omnino
1502 2855 1667 2932 plurimum.

323 2942 398 3001 Nam
421 2943 551 3017 quinque
573 2939 684 3015 figurae
705 2954 758 2998 sex
779 2936 922 2997 dederunt
944 2940 1090 3011 circuitus,
1115 2941 1207 2999 cubus
1229 2944 1318 3016 igitur
1339 2942 1421 3001 dedit
1443 2945 1583 3015 extimos,
1611 2944 1668 3003 Sa·

323 3039 439 3087 tuntum
470 3039 499 3086 et
527 3026 645 3087 dorem.
691 3028 786 3103 Atqui
815 3023 935 3105 (regeris
966 3025 1011 3099 tui
1042 3027 1199 3086 Saturnus
1227 3036 1268 3087 cat
1298 3032 1429 3087 minimo
1457 3048 1534 3105 pora
1564 3036 1667 3091 ‘lodus

325 3116 402 3192 Quid
427 3115 512 3175 tum?
558 3114 725 3173 Dummodo
748 3114 787 3172 eit
808 3111 873 3188 ejus
895 3113 975 3189 regio
999 3113 1181 3190 amplissima
1203 3117 1293 3174 totins
1317 3118 1415 3175 mnndi
1442 3119 1576 3193 mobilis,
1602 3136 1668 3178 nem

323 3221 415 3263 cause
437 3212 514 3275 erat,
544 3218 594 3261 cur
623 3216 681 3259 non
705 3202 815 3272 omnis,
847 3216 905 3258 non
927 3208 1023 3260 mem
1048 3202 1133 3273 iilud,
1167 3203 1219 3262 sed
1246 3204 1310 3262 sola
1331 3221 1399 3282 pars
1428 3205 1528 3263 mundi
1553 3205 1668 3266 mobilis

323 3310 358 3351 er
381 3293 561 3368 praescripto
584 3290 741 3364 figurarum
763 3288 1014 3365 multiplicaretur.

410 3379 453 3436 Ex
467 3378 658 3453 Trismegisto
674 3381 706 3435 tu
721 3375 775 3434 tibi
791 3375 897 3434 videris
913 3377 1062 3452 probasse,
1080 3375 1293 3453 quodept'ritus
1303 3381 1408 3453 maus
1423 3383 1528 3453 vitem,
1545 3379 1668 3438 hermo-

322 3468 409 3524 nicm
432 3474 459 3522 ct
481 3472 657 3524 concentum
680 3465 728 3522 det
749 3464 899 3521 cicrnentis
921 3471 1012 3539 etque
1033 3464 1231 3537 elementatis,
1261 3472 1288 3522 et
1309 3483 1507 3541 nequiquam
1528 3466 1669 3543 planctae

321 3547 376 3611 r'rcc
396 3571 501 3611 eorurn
525 3560 631 3611 motus.
680 3553 770 3627 Atqui
792 3566 851 3609 non
874 3550 943 3624 dixi,
968 3550 1015 3609 vei
1038 3550 1171 3626 planetes
1196 3550 1249 3610 *vei
1272 3564 1369 3611 motus
1391 3554 1577 3629 planetarum
1601 3554 1668 3612 darc

324 3640 371 3699 rel
398 3639 549 3699 elementis
572 3638 619 3697 vel
642 3634 825 3698 elementatis
848 3646 1021 3697 concentum
1045 3648 1074 3697 et
1097 3637 1295 3713 harmoniam,
1319 3639 1370 3698 scd
1394 3641 1450 3699 hoc
1473 3640 1551 3719 dico,
1574 3642 1667 3700 Deum

323 3716 494 3789 conciliasse
517 3743 570 3785 seu
594 3725 710 3785 dedisse
732 3726 804 3801 ipsis
826 3727 956 3785 motibus
978 3726 1162 3804 planetarum
1194 3730 1398 3803 proportiones
1425 3728 1559 3801 easdem,
1593 3746 1667 3806 quae

322 3822 390 3873 sunt
414 3817 442 3871 in
466 3815 655 3874 concentibus
679 3814 823 3871 humanis.

411 3901 466 3960 Ad
496 3903 719 3962 testimonie
748 3910 781 3959 ct
808 3899 1073 3958 auctoritates
1102 3911 1231 3958 contra
1263 3900 1461 3981 Kepiernrn
1488 3902 1667 3978 jactatas.

323 3989 467 4048 Distincte
490 3992 516 4047 si
538 4003 597 4046 non
620 3991 774 4065 scripsisti,
807 3986 912 4046 saitem
936 3984 1033 4045 adhue
1056 4001 1121 4046 mea
1143 3990 1287 4065 percipias
1319 3988 1415 4050 velim.
1462 3989 1508 4048 Ad
1536 4001 1667 4050 ornatum

324 4076 472 4136 coeloram
496 4077 696 4135 harmonicum
723 4075 810 4134 borio
841 4092 896 4150 ego
918 4077 1087 4132 securitatis
1111 4092 1200 4135 causa
1230 4075 1341 4133 nnllam
1374 4079 1401 4133 in
1430 4079 1576 4154 ipsissimo
1599 4078 1668 4138 reali

324 4164 431 4224 'ferrae
454 4177 535 4223 motu
559 4167 656 4240 crigo;
680 4165 785 4221 trustra
807 4162 878 4220 milri
901 4160 958 4220 hoc
981 4163 1069 4220 etiam
1093 4178 1181 4238 supra
1196 4164 1310 4240 arrnlysi
1327 4163 1398 4221 ΧΗ.
1418 4165 1578 4241 imputasti,
1603 4181 1667 4225 nam

324 4262 355 4310 ut
383 4254 423 4311 ihi
453 4252 570 4329 scripsi,
601 4251 672 4310 milri
694 4250 803 4310 suilieit
834 4249 881 4309 rel
904 4263 1049 4326 apparens
1082 4247 1131 4307 iile
1162 4246 1199 4321 etr
1222 4250 1292 4320 Sole
1322 4260 1418 4309 motus
1441 4252 1584 4326 Telluris,
1619 4256 1667 4329 qni

322 4338 496 4415 relinquitur
519 4343 607 4398 etiam
630 4338 815 4415 eTychone,
839 4354 905 4396 cum
920 4334 1012 4395 Terra
1034 4338 1149 4397 interim
1173 4336 1215 4395 illi
1238 4353 1268 4396 re
1294 4353 1362 4396 vera
1385 4338 1525 4414 quiescat.
1573 4338 1667 4399 Multo

323 4428 417 4485 minas
440 4427 635 4486 sedictionem
660 4442 715 4502 ego
738 4427 941 4501 proportiones
965 4423 1032 4482 huic
1056 4425 1119 4482 hesi
1142 4432 1239 4484 motus
1263 4425 1577 4504 Ter-raesnperstr1103
1602 4446 1667 4488 nem

322 4529 460 4590 expresse
484 4513 576 4573 doceo
598 4514 673 4572 libro
696 4512 748 4586 IV,
779 4522 914 4570 naturam
943 4511 1131 4570 sublunarem
1154 4515 1197 4573 sic
1218 4532 1238 4571 a
1260 4513 1343 4571 coelo
1372 4518 1558 4594 commoveri,
1585 4525 1617 4576 nt
1639 4516 1666 4573 id

323 4608 445 4678 apparet
467 4603 496 4658 ln
519 4601 631 4676 Terris,
655 4615 714 4659 uon
737 4607 770 4657 nt
793 4608 889 4659 estre
912 4615 985 4658 vcra
1007 4599 1036 4656 in
1059 4616 1090 4657 se
1114 4602 1178 4676 ipso
1201 4607 1411 4676 comparatam.

409 4690 544 4764 Denique
568 4687 647 4765 quod
669 4688 778 4747 Tenea
802 4689 929 4746 animem
954 4686 1186 4764 qualemcunque
1210 4689 1323 4761 tribuo,
1348 4705 1406 4747 non
1430 4687 1496 4747 ideo
1519 4690 1613 4763 iecio,
1637 4697 1668 4749 ut

322 4778 420 4836 anima
442 4777 516 4836 haee
538 4776 589 4835 liat
613 4779 752 4836 terminus
778 4776 825 4834 vel
848 4773 1014 4850 subjectum
1037 4776 1233 4852 proportionis
1256 4775 1334 4834 iilius
1358 4776 1554 4849 harmonicae,
1580 4796 1667 4854 quam

322 4873 420 4924 statuo
444 4866 472 4922 in
497 4864 598 4937 radiis,
633 4863 684 4923 sed
709 4870 742 4922 ut
762 4865 836 4922 istae
859 4862 1007 4922 radiorum
1032 4865 1234 4940 proportiones
1257 4866 1373 4940 possint
1394 4882 1458 4922 esse
1482 4864 1616 4926 efficaces
1639 4869 1667 4923 in

322 4954 468 5013 metentis.
514 4950 591 5011 Huic
613 4952 689 5027 parti
711 4949 916 5028 philosophiae
941 4959 971 5009 tn
994 4954 1099 5026 nescio¹
1118 4950 1187 5026 qnid
1209 4950 1375 5027 obloqueris
1398 4954 1512 5012 serione
1535 4970 1572 5011 an
1589 4945 1668 5012 alind

321 5056 411 5116 agens
434 5042 534 5115 tuique
565 5039 691 5098 oblitus:
723 5042 757 5097 in
784 5041 942 5115 scripturis
970 5040 1063 5097 sacris
1084 5040 1173 5096 nulle
1201 5040 1336 5096 inveniri
1361 5045 1558 5115 aspramente,
1590 5039 1671 5116 quod

321 5136 452 5187 meteoro
474 5127 513 5186 ob
537 5128 703 5202 aspectibus
723 5130 899 5185 excitentur.
945 5124 978 5184 Id
1003 5125 1137 5200 equidem
1161 5128 1257 5184 sciunt
1279 5144 1367 5201 quarn
1391 5129 1508 5204 optimc,
1532 5130 1670 5203 quisunt

322 5215 548 5292 ephiiosophie
577 5231 665 5291 qnam
688 5216 813 5273 maxime
837 5214 933 5272 vacui.
976 5213 1056 5287 ,Quid
1087 5228 1155 5272 vero
1179 5224 1211 5295 tu
1233 5213 1322 5272 inde‘i
1366 5213 1442 5273 Num
1476 5211 1669 5292 ideoaspec-

323 5313 369 5363 tus
401 5301 472 5361 nihii
506 5303 617 5362 ieeirrnt
649 5301 687 5361 ad
720 5301 824 5361 cienda
856 5298 1011 5361 meteorn‘?
1056 5295 1118 5360 Noc
1146 5299 1249 5360 stellae
1280 5302 1347 5377 plus
1376 5301 1485 5363 hahent
1513 5304 1668 5375 facultatis,

322 5379 410 5466 qu'em
433 5407 498 5450 eam
521 5392 622 5466 ipsam,
647 5389 845 5464 distinguendi
869 5399 1001 5465 ternpore
1024 5390 1124 5464 signis,
1148 5388 1298 5465 adquam
1320 5392 1348 5447 in
1371 5391 1513 5467 scriptura
1536 5390 1669 5452 dicuntur

322 5478 416 5538 laetae
447 5479 485 5537 ab
514 5477 649 5551 origine?
696 5478 907 5552 Argumentare
936 5478 1035 5553 itaque
1068 5476 1219 5558 alterius„
1238 5477 1266 5535 in
1298 5469 1440 5554 scriptura
1467 5478 1579 5537 nuliam
1608 5478 1669 5539 lieri

323 5569 499 5625 mentionem
522 5564 697 5625 discriminis
718 5568 792 5623 inter
816 5565 916 5624 stellas
939 5562 1069 5624 errantes
1093 5572 1121 5624 et
1145 5563 1226 5637 feres,
1251 5564 1348 5623 truilos
1365 5568 1453 5641 igitrn·
1474 5581 1538 5624 csse
1554 5575 1669 5627 errones

322 5669 374 5713 seu
398 5652 540 5734 planetas,
587 5651 722 5712 Olirrem
745 5650 815 5709 mihi
847 5655 998 5729 contingat
1021 5652 1126 5712 vidore.
1147 5652 1379 5726 taediosissimae
1407 5652 1559 5713 lectionis!
1607 5655 1669 5715 Non
