3684 7259
258 1188 298 1274 lo
833 1216 1002 1274 Prooemium

254 1405 411 1467 earumque
441 1391 534 1451 latera
562 1393 636 1451 inter
664 1409 696 1452 se
726 1396 873 1470 componit
901 1412 936 1453 ex
965 1397 1010 1467 vi,
1043 1413 1131 1472 qnam
1161 1394 1289 1455 habeant
1320 1404 1351 1454 nt
1377 1395 1536 1457 rationales
1566 1402 1596 1457 et

253 1477 435 1538 irrationales
458 1480 643 1555 quantitates,
667 1489 850 1556 comparatae
873 1499 938 1540 cum
960 1483 1042 1542 radio
1066 1485 1271 1558 circumscripti
1296 1484 1404 1544 circuli.

355 1565 465 1626 Liber
492 1565 669 1638 secundus
696 1568 806 1626 orditur
833 1586 851 1627 a
874 1567 1089 1629 definitionibus
1117 1573 1385 1644 congruentiae.
1430 1570 1512 1630 Voce
1541 1569 1595 1629 bac

252 1648 337 1710 aliter
366 1655 456 1712 utitur
485 1670 572 1729 quam
602 1654 677 1718 allas
706 1658 749 1713 uti
782 1656 832 1714 illa
863 1655 960 1714 solent
988 1657 1195 1715 mathematici.
1240 1656 1439 1731 Congruentes
1470 1660 1496 1717 ei
1528 1663 1597 1715 sunt

251 1738 374 1815 figurae,
402 1741 426 1799 ei
451 1758 516 1799 cum
539 1737 654 1817 angula
674 1744 736 1802 suis
759 1744 884 1818 spatium
907 1752 1015 1818 puncto
1038 1744 1252 1819 circumjectum
1274 1753 1327 1802 aut
1349 1746 1379 1802 in
1400 1744 1522 1821 planitie
1544 1753 1595 1804 aut

252 1828 284 1884 in
304 1828 399 1903 spatio
422 1828 563 1905 euplent.¹
602 1825 751 1906 Exemplis
773 1829 916 1905 ejusmodi
939 1832 1084 1907 perlectae
1108 1837 1160 1890 aut
1181 1831 1365 1906 imperfectae
1388 1836 1594 1907 congruentiae

251 1915 342 1972 utitur
363 1914 462 1973 multis
484 1915 599 1992 figuris,
628 1933 700 1991 quas
728 1924 780 1975 aut
802 1925 835 1975 ut
857 1934 978 1994 corpora
1000 1925 1052 1977 aut
1073 1935 1172 1977 eornm
1195 1916 1368 1978 lineamenta
1391 1916 1488 1998 (retes)
1516 1919 1594 1978 loliis

251 2002 374 2077 propriis
390 2000 521 2077 depictas
536 2001 625 2062 addit
659 2003 720 2062 Nos
742 2021 808 2063 eum
822 2013 970 2064 auctorem
985 2008 1077 2065 secuti
1092 2005 1146 2063 has
1160 2005 1267 2064 formas
1283 2005 1373 2081 lapidi
1390 2005 1594 2082 imprimendas
1657 2020 1665 2048 t

250 2090 416 2149 curavimus
439 2097 469 2151 et
490 2098 672 2163 annotamus,
702 2089 810 2167 figuras
837 2093 867 2149 in
890 2091 1073 2151 lateribueb
1103 2091 1278 2167 regularium
1306 2109 1457 2168 corporum
1479 2093 1593 2169 Pytha·

250 2178 363 2252 goricos
385 2177 534 2255 symbolos
563 2178 676 2249 reterre,
708 2178 953 2254 quemadmodum
974 2179 1031 2239 boc
1053 2197 1071 2237 a
1092 2178 1219 2255 Keplero
1242 2178 1317 2239 thesi
1341 2181 1392 2239 25.
1415 2179 1591 2256 explicatum

251 2270 304 2324 est.
348 2264 395 2323 De
423 2264 497 2324 thesi
520 2268 570 2323 27.
594 2264 739 2341 Keplcrus
768 2265 805 2324 ad
837 2266 1023 2343 inquirendas
1046 2266 1263 2341 semiregulares
1289 2267 1397 2325 formas
1423 2284 1593 2343 progressus
1681 2318 1685 2327 .

249 2351 388 2411 tredecim
410 2368 531 2429 corpora
554 2352 742 2412 Achimedica
763 2352 898 2429 explicat.
950 2353 1176 2429 Quaestionibus
1193 2352 1254 2413 'hoc
1277 2352 1349 2413 libro
1373 2354 1458 2413 lactis
1482 2371 1516 2414 eo
1539 2353 1592 2429 dp-

249 2437 377 2511 ducitur,
410 2447 443 2497 ut
465 2432 557 2513 dicat,
589 2457 731 2516 congruas
755 2458 819 2499 esse
841 2441 951 2517 figuras
975 2440 1141 2513 duodecim,
1171 2457 1210 2499 so.
1233 2439 1341 2516 ligures
1370 2441 1592 2518 comprehensas

248 2526 388 2585 lateribus
412 2529 440 2600 3,
462 2530 491 2599 4,
513 2528 540 2599 5,
564 2529 592 2600 6,
615 2528 643 2599 8,
668 2528 715 2600 10,
740 2530 777 2585 12
794 2536 823 2587 et
838 2529 879 2586 20
903 2527 1046 2605 („figurae
1068 2527 1211 2587 radicatas
1231 2544 1284 2585 seu
1307 2524 1462 2611 primac“),
1486 2529 1592 2604 quibus

249 2612 390 2674 accedant
422 2616 441 2671 4
471 2613 588 2674 stellae:
627 2618 834 2691 pentagonica,
871 2618 1056 2691 octogonica,
1097 2614 1273 2692 decagonica
1310 2622 1339 2676 et
1376 2614 1593 2692 dodecagonica

248 2698 391 2780 („flgurae
413 2698 559 2779 auctae“).

354 2788 463 2848 Liber
485 2790 617 2849 tertius
638 2785 835 2860 retertlactae
858 2788 893 2848 de
914 2790 1026 2848 musica
1049 2795 1079 2846 et
1100 2790 1180 2847 sonis
1201 2787 1375 2848 harmonicis
1398 2791 1590 2864 quaestiones.

247 2874 282 2932 In
306 2876 486 2950 praelatione
509 2873 749 2953 deprebmdhnne
771 2877 853 2935 varia
873 2875 908 2935 de
922 2883 1052 2935 veterum
1067 2878 1179 2935 musica
1192 2874 1308 2951 prodita
1323 2884 1353 2936 et
1365 2876 1591 2953 Pythagoricum

248 2963 374 3022 maxime
403 2970 545 3041 tetractyn
576 2960 780 3042 examinatam.
825 2962 970 3039 Keplcrus
998 2963 1160 3040 profitetur,
1193 2963 1249 3021 sibi
1278 2979 1372 3038 neque
1395 2963 1592 3040 Pythagorica

249 3066 344 3125 neque
378 3050 491 3124 meliori
523 3050 686 3111 Ptolemaei
718 3050 883 3124 harmonia,
917 3068 983 3110 cum
1016 3059 1138 3125 utraque
1171 3050 1324 3126 disciplina
1360 3050 1478 3110 auditus
1508 3051 1590 3126 justo

128 3164 135 3181 ·
248 3138 389 3198 minorem
411 3140 554 3199 rationem
576 3138 735 3212 habuisset,
760 3155 824 3198 esse
845 3138 1035 3199 satisfactum.
1066 3136 1161 3213 Quam
1185 3138 1222 3197 ob
1245 3154 1364 3199 causam
1382 3155 1414 3197 se
1433 3156 1469 3197 ex
1487 3140 1591 3214 viginti

249 3226 333 3283 annis
355 3224 385 3283 id
408 3227 513 3302 egisse,
536 3235 569 3284 ut
591 3243 627 3285 ea
649 3227 778 3285 musicae
799 3225 987 3298 fundamenta
1009 3231 1138 3302 poneret,
1169 3241 1243 3300 quae
1265 3241 1323 3285 non
1346 3224 1442 3285 solum
1464 3227 1591 3284 numeris

246 3313 401 3371 abstractis
430 3314 603 3388 niterentur,
632 3311 683 3372 sed
711 3314 739 3370 in
771 3311 837 3372 aliis
865 3329 981 3388 quoque
1011 3313 1172 3372 rationibus
1202 3318 1231 3371 et
1259 3312 1472 3387 quantitatibus
1494 3311 1590 3372 locum

247 3399 389 3460 haberent
411 3407 441 3459 et
462 3399 577 3460 auditui
597 3400 808 3460 eadslaccrent.
852 3399 937 3460 Haec
958 3398 1147 3458 fundamenta
1168 3400 1197 3457 in
1220 3402 1380 3475 geometria
1405 3401 1502 3479 posita
1524 3417 1589 3460 esse

246 3494 340 3561 ratus,
371 3489 539 3565 primarium
568 3489 671 3548 statuit
700 3488 893 3564 propositum,
927 3486 1098 3547 diametrum
1127 3485 1227 3545 circuli
1257 3493 1286 3546 et
1313 3486 1405 3547 latera
1433 3487 1590 3564 figurarum

249 3573 439 3651 ,radicalium
461 3576 615 3649 terminare
637 3582 748 3651 partem
771 3574 870 3635 circuli
893 3584 1100 3635 consonantem
1116 3590 1181 3634 cum
1197 3580 1259 3633 toto
1275 3575 1400 3635 circulo“
1425 3578 1608 3655 pariterque.

247 3661 362 3722 chordis
389 3661 428 3723 ad
456 3662 578 3726 eandem
607 3664 747 3723 rationem
775 3660 877 3722 divisis
905 3661 987 3720 reddi
1014 3678 1102 3721 sonos
1130 3660 1323 3720 harmonicos.
1376 3661 1422 3722 De
1443 3662 1489 3723 his
1512 3662 1590 3721 divi-

247 3751 379 3811 sionibus
409 3750 584 3810 harmonicis
616 3750 831 3827 tumplnribus
853 3751 1000 3825 agitaret
1022 3748 1077 3809 hae
1100 3755 1183 3807 sunt:
1220 3744 1254 3829 1)
1277 3750 1408 3823 bisectio,
1440 3746 1476 3831 2)
1499 3753 1590 3809 sectio

246 3838 411 3897 iuratione
437 3841 452 3896 l
477 3838 516 3897 ad
538 3838 567 3911 2,
592 3833 628 3918 3)
652 3839 815 3896 iuratione
841 3839 854 3895 1
880 3835 918 3895 ad
943 3837 971 3911 3,
996 3832 1032 3918 4)
1059 3836 1129 3894 lad
1151 3838 1181 3908 4,
1207 3835 1239 3910 5)
1266 3836 1336 3895 lad
1359 3838 1388 3910 5,
1413 3830 1448 3917 6)
1472 3835 1545 3895 bad
1561 3840 1590 3910 3,

247 3931 277 3985 et
302 3920 337 4006 t)
360 3927 451 3985 sectio
474 3926 638 3985 iuratione
663 3925 681 3982 5
704 3924 742 3983 ad
766 3927 795 3984 3.
848 3924 951 3983 Plures
974 3940 1062 3998 quam
1084 3930 1195 3999 septem
1217 3925 1290 3982 istas
1319 3922 1490 3983 chordarum
1513 3924 1591 3983 diri-

245 4014 343 4072 aiones
370 4029 429 4071 non
455 4030 520 4073 essa
549 4014 578 4069 in
610 4011 770 4072 harmonia.
822 4010 885 4069 Has
913 4026 983 4069 vero
1012 4010 1182 4083 divisiones,
1214 4010 1360 4087 Keplcrus
1388 4012 1488 4085 refert,
1518 4029 1590 4071 ase

244 4101 368 4177 primum
391 4090 493 4159 auditu
516 4100 610 4159 indice
630 4101 776 4171 inventas,
800 4108 829 4159 et
843 4096 1031 4158 fundamenta
1046 4115 1145 4157 earum
1160 4097 1252 4157 multo
1267 4098 1365 4157 labore
1381 4115 1416 4158 ex
1431 4101 1600 4174 geometria.

246 4196 330 4248 eruta
352 4204 425 4262 esse,
449 4190 681 4265 sententiamque
703 4204 787 4246 suam
809 4188 838 4243 in
861 4184 1021 4244 Prodromo
1045 4189 1156 4255 (l.139)
1181 4188 1366 4245 enunciatam
1389 4186 1501 4247 refellit.

175 4280 177 4282 ’
313 4343 316 4348 ,
354 4274 424 4335 Jam
454 4275 490 4336 dc
519 4277 664 4336 continuis
690 4273 925 4350 proportionibus
956 4268 1130 4333 harmonicis
1159 4288 1249 4349 agens
1279 4273 1462 4350 reprehendit
1483 4290 1591 4348 vagam

245 4362 488 4439 significationem
510 4373 540 4428 (a
552 4395 584 4403 —
597 4364 614 4418 b
628 4384 634 4418 :
647 4364 664 4418 b
679 4391 710 4415 .-
724 4379 785 4419 c=
799 4378 834 4417 a:
850 4372 886 4433 c),
917 4376 972 4419 nec
994 4362 1050 4420 nisi
1073 4378 1132 4434 eos,
1156 4362 1206 4433 ait,
1229 4378 1365 4421 numeros
1386 4361 1493 4420 habere
1515 4362 1591 4418 inter

245 4467 277 4510 ae
306 4453 522 4527 proportionem
556 4449 768 4521 harmonicam,
802 4449 831 4504 in
864 4446 970 4523 quibus
1003 4448 1115 4509 medius
1149 4465 1215 4507 eum
1250 4449 1355 4507 exteris
1388 4447 1532 4507 ambobus
1561 4455 1590 4506 et

247 4536 424 4598 differentiae
446 4538 639 4597 membrorum
661 4537 735 4597 inter
757 4551 788 4594 se
810 4536 938 4602 rationes
960 4535 1093 4610 forment,
1117 4553 1191 4612 quae
1206 4537 1281 4593 inter
1295 4542 1406 4610 septem
1417 4533 1588 4614 divisiones,

245 4643 322 4701 qnae
346 4625 440 4685 dictae
458 4632 534 4698 erint,
559 4629 712 4684 occurrant
734 4629 785 4681 aut
808 4622 1012 4699 comprehendi
1035 4627 1070 4683 iis
1092 4624 1214 4699 possint.
1245 4620 1322 4680 Vere
1337 4623 1503 4681 continuam
1519 4639 1544 4682 e.
1562 4638 1586 4681 c.

245 4711 422 4773 intercedere
444 4715 659 4789 proportionem
683 4713 758 4770 inter
778 4727 914 4771 numeros
937 4712 987 4785 20,
1015 4712 1061 4783 15,
1092 4713 1145 4783 12,
1169 4723 1233 4767 esec
1256 4710 1331 4767 enim
1354 4712 1388 4767 20
1402 4742 1431 4751 -
1448 4713 1544 4767 15:15
1557 4744 1585 4754 -

184 4814 187 4822 '
245 4804 658 4860 12:20:12=5:3et
680 4802 937 4859 aazto=423
962 4809 990 4857 et
1012 4799 1295 4867 15:12=b:t;
1325 4811 1460 4854 numeros
1488 4802 1589 4855 eontra

246 4889 296 4963 35,
315 4889 365 4961 20,
386 4888 424 4945 14
446 4904 504 4947 non
519 4887 623 4947 referre
638 4890 854 4964 proportionem
876 4886 1082 4956 harmonicam,
1107 4882 1242 4957 quamvls
1258 4885 1291 4940 35
1304 4915 1337 4924 -
1348 4885 1382 4939 20
1395 4906 1400 4940 :
1414 4885 1449 4942 20
1461 4916 1493 4927 -
1509 4886 1541 4940 14
1554 4908 1588 4931 =

246 4979 278 5034 35
297 4997 303 5031 :
322 4974 699 5052 14:5:2reepondeat
719 4975 847 5053 regulae,
871 4980 972 5034 contra
994 4977 1027 5030 35
1046 4994 1053 5029 ε
1071 4973 1299 5030 20:7:cet
1315 4970 1349 5027 20
1367 4990 1373 5024 :
1394 4971 1588 5027 ll=1bzi

245 5078 304 5122 non
327 5070 494 5122 consonent

348 5135 474 5224 Quarto
491 5150 587 5227 capite
616 5150 683 5211 libri
714 5150 791 5209 tertii
818 5144 963 5221 Keplcrus
992 5145 1089 5222 pergit
1116 5141 1153 5202 ad
1183 5142 1336 5202 discrimen
1366 5143 1441 5200 inter
1470 5148 1589 5200 acutum

245 5242 275 5296 et
292 5253 391 5312 greve,
414 5236 505 5295 altum
528 5246 557 5298 et
579 5237 763 5315 protundum,
787 5237 861 5293 inter
881 5230 1037 5291 intervalla
1059 5233 1200 5290 concinna
1222 5238 1252 5290 et
1274 5245 1403 5290 consona
1418 5223 1454 5285 in
1476 5231 1589 5287 musica

245 5331 276 5383 et
296 5323 370 5384 baec
391 5326 517 5385 numeris
544 5343 597 5402 per
624 5323 749 5385 tabellas
777 5327 940 5396 comparat,
970 5317 1008 5378 ad
1036 5336 1111 5395 quac
1134 5318 1333 5377 annotandum
1355 5322 1412 5387 est,
1443 5315 1587 5375 hocloco

246 5419 276 5472 et
289 5412 511 5489 insequentibus
527 5430 614 5473 voces
629 5411 768 5486 duplum,
785 5406 958 5477 dimidium,
973 5406 1145 5481 subtractio,
1167 5406 1281 5465 additio
1307 5407 1336 5461 in
1352 5404 1588 5480 proportionibus

245 5501 360 5576 signare
383 5499 538 5575 quadrare,
561 5499 687 5570 radicem
711 5494 882 5573 quadratam
904 5494 1063 5566 extrahere,
1093 5492 1231 5567 dividere,
1261 5490 1464 5567 multiplicare.
1488 5490 1586 5548 —In
1637 5546 1639 5549 ,

246 5587 302 5648 hoc
330 5589 426 5664 capite
455 5588 615 5663 explicatas
641 5586 729 5643 etiam
756 5583 888 5643 videmus
910 5599 1016 5642 voces:
1046 5589 1144 5653 mnus,
1175 5588 1263 5641 tenua
1291 5581 1400 5653 major,
1429 5579 1587 5655 perfectus,

245 5678 355 5751 minor,
377 5677 579 5748 rnniwniam,
601 5672 697 5746 dietis,
720 5689 845 5733 comam
