3684 7259
319 1217 379 1285 ies
434 1295 438 1300 Δ
486 1282 490 1289 ,
666 1189 669 1193 ”
840 1218 883 1273 ne
900 1218 1123 1289 Propertionibur
1194 1175 1198 1182 ⁸

400 1397 440 1456 11.
462 1397 538 1455 Nam
567 1394 646 1471 qnod
671 1396 774 1455 attinet
803 1398 970 1472 primarium
999 1395 1071 1454 illud
1102 1405 1132 1457 et
1164 1399 1353 1479 maedpunm
1389 1405 1492 1457 cantus
1520 1396 1656 1458 melodiei

316 1484 539 1556 condimentum,
562 1484 781 1556 dissonantiam,
804 1486 928 1559 primum
952 1483 1016 1541 illas
1039 1493 1152 1559 oportet
1175 1483 1322 1545 desumtas
1339 1503 1403 1545 esse
1426 1503 1483 1544 non
1507 1503 1543 1545 ex
1565 1487 1656 1545 inter-

316 1571 394 1631 vallo
418 1561 590 1646 quocunque
614 1568 808 1647 drappoorqs,
831 1571 883 1629 sed
911 1588 947 1629 ex
975 1571 1135 1630 intervallis·
1163 1574 1320 1637 concinnis.
1365 1573 1440 1631 Nam
1471 1575 1541 1649 quia
1570 1588 1657 1631 voces

315 1659 490 1734 singulares,
525 1658 563 1716 ad
593 1674 773 1715 communem
803 1666 974 1717 concentum
1005 1668 1221 1732 concurrentes,
1259 1658 1339 1719 nulia
1372 1659 1529 1728 admittunt
1559 1662 1657 1719 inter·

317 1747 396 1806 valla
417 1748 473 1803 nisi
497 1747 646 1816 concinna,
669 1747 743 1803 inter
765 1760 852 1802 sonos
876 1745 1013 1820 deinceps
1036 1746 1238 1818 succedentes,
1267 1754 1335 1805 sunt
1358 1764 1426 1806 vero
1449 1746 1582 1822 ejusdem
1603 1763 1657 1822 gc·

314 1836 390 1892 noris
414 1841 443 1892 et
464 1836 541 1905 toni,
570 1840 603 1889 ut
624 1833 654 1887 in
677 1830 842 1890 definitione
863 1834 1068 1907 praemissum:
1096 1832 1181 1892 iacile
1205 1841 1294 1908 patet,
1325 1836 1351 1891 si
1373 1852 1431 1893 uua
1452 1834 1553 1909 aliqua
1584 1836 1657 1891 inter

315 1920 389 1979 tales
412 1922 604 1979 constituatur
625 1919 777 1977 harmonia
799 1921 878 1993 (cum
902 1919 1054 1978 harmonia
1076 1923 1169 1979 omnis
1192 1922 1220 1976 iu
1239 1923 1380 1980 concinna
1403 1921 1581 1980 dissolvatur
1596 1920 1657 1980 ele·

315 2008 445 2080 menta),
477 2006 559 2065 nnila
581 2005 760 2081 singularum
789 2005 978 2081 divagatione
1007 2007 1045 2065 ab
1073 2016 1197 2079 octavae
1220 2024 1290 2068 suae
1318 2009 1416 2067 radice
1443 2008 1505 2068 lieri
1527 2025 1656 2089 unquam

314 2111 410 2173 posse,
434 2102 466 2160 ut
489 2093 574 2166 binae
596 2096 670 2151 inter
695 2109 726 2151 se
750 2092 830 2151 aliud
853 2110 941 2168 quam
964 2096 1135 2152 concinnum
1166 2095 1274 2153 iaciant
1302 2095 1501 2170 intervallum,
1531 2088 1600 2154 licet
1627 2096 1657 2152 id

218 2209 220 2214 ·
314 2199 372 2241 non
397 2198 511 2256 semper
532 2183 570 2240 sit
593 2177 799 2258 consonum.“)
841 2179 977 2263 Secundo
1001 2184 1055 2240 etsi
1078 2190 1264 2257 praestantes.
1281 2181 1405 2242 artifices
1419 2191 1540 2243 utuntur
1561 2186 1654 2241 inter·

315 2269 383 2328 dum
407 2268 594 2327 dissonantiis
616 2266 789 2342 majoribus,
814 2267 856 2325 sie
878 2278 910 2339 pt
933 2268 1087 2327 dissonans
1109 2285 1167 2327 vox
1185 2280 1259 2349 ¹tono
1282 2271 1395 2345 integro
1424 2269 1512 2329 distet
1534 2272 1572 2329 ab
1595 2268 1655 2341 illa,

224 2363 228 2373 '
315 2374 392 2434 quae
416 2356 635 2416 consonantiam
656 2356 785 2425 iaceret,x
798 2353 828 2410 id
849 2361 945 2414 nmen
969 2372 1026 2413 non
1049 2355 1081 2413 iit
1102 2356 1195 2429 aliter,
1220 2358 1273 2414 nisi
1297 2357 1335 2415 ad
1355 2360 1544 2434 gravissimos
1566 2358 1654 2416 animi

315 2452 412 2503 motus
443 2441 644 2521 exprimendos
674 2450 703 2500 et
729 2439 895 2500 eliciendos.
942 2440 1096 2501 Ordinatio
1126 2460 1195 2503 vero
1226 2450 1256 2502 et
1282 2460 1344 2503 cum
1370 2445 1556 2520 jucunditate
1585 2460 1656 2502 eou-

313 2532 414 2609 juncta
441 2547 541 2613 eoque¹
557 2528 698 2587 naturalis
727 2527 942 2604 quodammodo
974 2529 1154 2589 dissonantia
1175 2533 1328 2590 semitonio
1358 2532 1515 2606 coniicitur.
1558 2530 1656 2606 Hujus

315 2621 356 2678 rei
379 2636 469 2678 causa
490 2631 617 2690 rursum,
636 2624 669 2674 ut
690 2614 884 2691 respondeant
906 2616 1009 2675 ultima
1030 2619 1139 2692 primis,
1166 2617 1323 2694 repetenda
1346 2625 1390 2678 est
1411 2636 1447 2678 cx
1468 2620 1655 2695 penitissimis

198 2758 202 2765 .
314 2709 494 2784 geometriae
517 2703 720 2775 fundamentis,
749 2718 785 2761 ex
799 2718 871 2778 cap.
898 2706 925 2762 1.
948 2705 1144 2763 axiomatibus
1167 2707 1195 2763 2.
1220 2700 1254 2764 'et
1277 2708 1305 2764 3.
1334 2722 1428 2781 exque
1458 2706 1531 2765 libro
1561 2708 1654 2781 primo

287 2810 289 2813 ’
315 2802 345 2853 et
367 2792 610 2870 contemplatione
633 2789 868 2866 quindecangnli.
912 2789 1084 2850 cumcuim
1115 2793 1300 2850 semitonium
1323 2796 1504 2852 contineatur
1527 2795 1656 2869 numeris

317 2881 355 2939 15
379 2888 408 2940 et
433 2882 488 2952 16,
519 2887 549 2938 et
572 2896 639 2937 vero
667 2893 725 2936 uon
745 2884 859 2935 tantum
890 2877 1085 2953 sedecangnla
1114 2877 1207 2954 figura
1229 2878 1652 2953 demonstrationemgbabeat,

314 2967 366 3027 sed
396 2970 484 3025 etiam
513 2963 762 3043 quindecangula:
794 2980 895 3039 purum
925 2965 1059 3041 equidem
1082 2966 1190 3040 abluit,
1221 2970 1289 3041 quin
1318 2962 1362 3047 ¹⁶),
1413 2968 1498 3026 nobis
1521 2966 1653 3027 definiret

314 3057 530 3132 proportionem
551 3053 761 3123 harmonicam,
793 3068 847 3112 nec
867 3052 963 3110 minus
996 3053 1193 3112 et·derivatae
1216 3053 1253 3111 ab
1276 3070 1312 3113 ea
1338 3008 1394 3136 1578
1417 3044 1447 3113 et
1473 3048 1525 3134 ¹⁵),
1548 3062 1577 3113 ct
1604 3050 1654 3135 ¹⁵),

314 3150 343 3201 et
371 3138 438 3222 sti„
462 3151 490 3199 et
517 3136 598 3221 ¹⁵s34,
621 3148 688 3198 ante
711 3154 811 3197 omnes
837 3133 901 3216 ¹⁶i„
933 3138 1001 3197 illae
1023 3157 1062 3199 sc.
1087 3157 1159 3215 quas
1182 3142 1351 3200 creberrime
1374 3142 1574 3217 componistae
1598 3141 1653 3200 ad·

314 3230 432 3287 mittunt
453 3227 491 3286 ad
513 3227 709 3287 dissonantias
729 3225 874 3300 legitimas
898 3226 1135 3301 conformandam
1162 3244 1216 3286 nec
1238 3237 1300 3288 erat
1321 3229 1405 3287 nobis
1429 3231 1562 3304 exceptio
1586 3228 1653 3301 alia,

314 3334 402 3393 quam
423 3315 504 3388 baec,
527 3314 606 3392 quod
629 3313 835 3374 demonstratio
857 3313 1143 3391 pentelraedecagoni
1166 3331 1223 3373 nou
1246 3324 1322 3374 esset
1338 3316 1517 3375 conformata
1531 3333 1650 3375 numero

314 3404 486 3478 angulorum
508 3402 617 3479 figurae
640 3399 814 3473 immediate,
838 3410 870 3458 ut
893 3408 1014 3474 ceierae,
1038 3419 1131 3477 eoque
1154 3418 1211 3461 nou
1234 3404 1358 3480 propria,
1383 3402 1434 3462 sed
1458 3418 1493 3461 ex
1517 3402 1654 3462 differen-

314 3491 391 3549 tibus
413 3490 519 3566 figuris,
542 3493 656 3566 trigono
680 3495 709 3547 et
730 3495 895 3563 pentagono
918 3495 1094 3548 transsumta
1116 3492 1210 3548 etsie
1232 3492 1397 3549 mutuatitia
1420 3498 1450 3549 et
1470 3493 1654 3549 remotissimi

293 3576 437 3653 ‘gradus3
460 3580 538 3649 item,
562 3574 642 3652 quod
664 3573 788 3651 angulus
810 3573 929 3651 quidem
951 3574 1237 3652 penteiraedecagoni
1260 3586 1430 3653 congrueret
1449 3577 1515 3635 aliis
1537 3577 1575 3636 ad
1597 3579 1654 3635 im-

314 3664 452 3742 plendum
472 3664 569 3723 locum
581 3663 719 3739 planum,
743 3670 774 3719 at
796 3670 859 3720 tota
879 3661 973 3736 ligura
994 3679 1058 3721 cum
1075 3664 1209 3723 omnibus
1225 3665 1338 3739 angulis
1354 3666 1572 3739 congruentiam
1596 3682 1653 3724 non
1679 3674 1683 3681 '

245 3760 248 3767 '
313 3751 487 3812 admitteret
532 3751 606 3810 Cum
627 3751 714 3825 igitur
738 3745 802 3828 ¹⁵4,
825 3756 854 3807 et
875 3751 974 3809 sociae
996 3750 1107 3810 ratione
1130 3768 1235 3810 causae
1256 3751 1460 3811 conformantis
1482 3760 1541 3810 tam
1564 3768 1654 3830 prope
1725 3828 1727 3832 Ι

286 3848 288 3850 ’
314 3841 517 3899 consonantias
540 3837 689 3910 accedant,
713 3834 783 3913 quid
809 3838 922 3908 mirum,
946 3837 1011 3896 ilias
1034 3841 1122 3898 etiam
1145 3855 1200 3896 usn
1222 3838 1322 3897 crebro
1351 3842 1426 3897 inter
1447 3842 1654 3900 consonantias
1690 3877 1692 3885 ι

312 3917 474 3987 admisceri.
520 3925 627 3985 Contra
651 3940 721 3983 vero
744 3924 805 3983 toni
827 3919 867 4003 ⁸),
890 3932 919 3983 et
942 3919 994 4005 ‘'i„
1017 3925 1116 3986 alteris
1132 3927 1261 3984 terminis
1284 3925 1452 4001 nonangulo
1468 3930 1652 4004 participant,

313 4014 406 4090 figura
427 4015 543 4089 penitus
564 4012 827 4083 indemonstrabiii,
860 4027 949 4086 quare
978 4028 1036 4070 non
1059 4030 1179 4085 suaves,
1209 4012 1260 4071 sed
1284 4015 1401 4073 omnino
1428 4013 1562 4073 horridae
1585 4023 1653 4075 sunt

313 4100 519 4174 dissonantiae,
543 4117 594 4176 per
615 4100 681 4158 illos
703 4115 860 4172 corumque
882 4100 978 4158 socias
1000 4102 1199 4177 proportiones
1222 4097 1275 4182 (li,
1306 4108 1335 4159 et
1358 4096 1397 4182 Ἄ
1427 4109 1456 4160 et
1483 4096 1521 4183 ¹s,
1544 4109 1574 4161 et
1597 4096 1654 4184 W„

313 4198 343 4248 et
366 4183 437 4269 Ἀ,
459 4191 503 4247 sic
525 4181 564 4268 ⁹i,
586 4195 615 4247 et
643 4181 690 4266 ¹⁸s,
712 4195 752 4245 et·
766 4182 819 4263 ³⁶i,
849 4194 878 4243 et
900 4179 956 4266 Q„
979 4193 1008 4244 et
1029 4182 1081 4268 ⁹2„
1105 4184 1171 4266 eto.)
1193 4186 1352 4261 admissae,
1382 4187 1532 4263 multoque
1555 4188 1653 4264 borri-

314 4275 418 4347 diores,
442 4292 516 4350 quae
539 4292 576 4332 cx
596 4276 702 4332 tritono
725 4281 754 4333 et
775 4272 878 4332 mutilo
902 4272 1036 4349 diapente
1064 4274 1267 4350 similibusque
1296 4275 1467 4335 intervallis
1483 4275 1653 4348 conflantur,

314 4362 350 4423 de
374 4364 478 4439 quibus
500 4362 567 4420 vide
589 4362 755 4436 Artnsium3
785 4361 915 4420 oriuntur
938 4363 1015 4419 enirn
1045 4370 1111 4438 post
1132 4368 1218 4420 tonos
1240 4361 1379 4436 maj0rem
1409 4370 1439 4421 et
1460 4364 1602 4422 minorem
1626 4372 1655 4422 ct

313 4452 507 4521 semitonium,
530 4466 570 4507 sc.
592 4466 628 4509 ex
650 4447 752 4507 horum
776 4458 808 4509 ut
829 4446 1036 4507 elementorum
1059 4450 1267 4527 compositione
1288 4465 1345 4509 non
1368 4448 1509 4524 naturali,
1536 4468 1654 4529 semper

314 4549 413 4597 autem
437 4544 577 4613 quantum
600 4554 619 4594 a
640 4543 760 4608 natura,
784 4542 896 4594 tantum
919 4553 938 4613 a
959 4538 1107 4595 suavitate
1130 4535 1295 4595 disceditur.
1340 4560 1344 4568 =
1414 4553 1417 4560 ’

400 4624 500 4683 Tertio
523 4632 634 4683 ceteras
656 4622 898 4681 dissonantiamm
921 4622 1001 4698 leges
1024 4622 1145 4682 alterum
1168 4641 1267 4684 carum
1289 4640 1393 4682 nomen
1417 4624 1558 4696 insinuat,
1585 4619 1652 4682 c'um

315 4728 462 4790 syncopae
489 4709 687 4789 appellantur3
710 4712 772 4769 etsi
800 4710 856 4768 boc
884 4717 928 4769 est
960 4726 1111 4770 commune
1142 4710 1277 4770 accidens
1306 4719 1366 4769 tam
1396 4705 1651 4785 dissonantiarnm,

315 4816 402 4875 qnam
424 4800 654 4876 imperteetarum
676 4799 946 4871 consonantiarum,
974 4797 1025 4857 sed
1048 4815 1125 4857 nunc
1148 4798 1191 4857 -de
1215 4797 1402 4864 dissonantiis
1428 4800 1551 4873 agimus.
1597 4797 1655 4857 Or·

315 4885 425 4945 dinarie
447 4888 522 4945 enim
546 4885 602 4944 boc
624 4890 737 4957 teuent,
769 4892 801 4943 ut
823 4901 859 4943 ea
880 4891 999 4943 utantur
1015 4902 1080 4945 ceu
1111 4886 1249 4945 termento
1277 4894 1328 4944 aut
1352 4883 1414 4945 sale
1444 4894 1495 4944 aut
1516 4892 1601 4945 aceto
1624 4888 1653 4943 in

314 4975 457 5050 opsoniis,
480 4972 598 5046 seilicet,
622 4979 655 5030 nt
676 4988 711 5030 ex
734 4970 792 5031 iilis
814 4988 871 5030 non
894 4971 966 5030 iiunt
989 4974 1100 5047 integra
1123 4972 1239 5044 serenta,
1263 4975 1305 5031 sic
1326 4972 1484 5032 etiam-bic
1498 4988 1556 5032 non
1572 4979 1654 5033 totae

314 5063 479 5133 condones,
503 5063 558 5118 nisi
580 5077 704 5135 magnae
727 5059 899 5137 emphaseos
922 5076 1024 5131 causa,
1042 5066 1168 5119 scatent
1191 5060 1393 5133 dissonantiis3
1423 5076 1477 5119 nec
1500 5061 1654 5137 cumipse

313 5156 408 5209 tactus
430 5150 570 5225 principio
593 5163 651 5206 vox
673 5163 732 5206 una
754 5146 854 5224 aliqua
875 5148 1016 5223 incipiens
1038 5148 1156 5206 incurrit
1179 5150 1206 5204 in
1230 5156 1340 5206 ceteras
1363 5155 1564 5220 consonantes,
1588 5149 1654 5224 ipsa

314 5235 447 5309 dissona,
469 5233 522 5294 sed
544 5235 641 5293 furtim
663 5243 692 5316 et
714 5234 805 5294 veluti
828 5236 1020 5310 tergiversata
1042 5234 1250 5293 dissonantiam
1279 5234 1419 5309 admittit,
1450 5234 1519 5293 dum
1541 5236 1571 5292 in
1598 5252 1654 5294 uno

314 5322 379 5383 loco
402 5324 578 5400 systematis,
601 5319 688 5398 quem
710 5323 864 5398 occupavit
886 5321 1003 5380 sublato
1026 5328 1105 5382 tactu
1128 5330 1157 5381 et
1178 5325 1220 5380 sic
1235 5324 1386 5399 posteriori
1403 5323 1552 5397 minusque
1571 5326 1653 5399 prin·

314 5411 402 5488 cipali
420 5418 504 5488 parte
528 5417 622 5468 tactum
644 5411 784 5484 incipiens
806 5425 908 5467 sonum
932 5418 1055 5478 certum,
1077 5409 1324 5468 consentientibus
1346 5409 1474 5485 reliquis,
1497 5417 1564 5487 post
1586 5409 1654 5468 illas

314 5497 409 5557 linitas
431 5501 496 5576 ipsa
518 5496 627 5557 diutius
650 5503 680 5555 et
701 5497 777 5555 nitra
799 5498 971 5573 principium
994 5498 1141 5572 sequentis
1164 5504 1258 5556 tantm
1280 5506 1417 5570 moratur,
1435 5498 1487 5556 ‘sic
1510 5506 1542 5555 ut
1564 5513 1653 5557 voces

384 5649 485 5746 ddum
497 5648 591 5691 Joannts
604 5649 687 5691 leriae
700 5648 787 5690 Annali
800 5649 950 5691 Bononiensis
969 5648 1103 5689 iib.11..de
1123 5652 1171 5691 arte
1184 5651 1341 5701 conponendi,
1363 5650 1401 5700 qui
1419 5651 1480 5691 totus
1502 5651 1539 5691 ert
1558 5649 1587 5692 da
1608 5650 1651 5691 dis·

314 5715 384 5752 soum
425 5732 431 5744 .
