<?xml version="1.0" encoding="UTF-8"?>
<!DOCTYPE html PUBLIC "-//W3C//DTD XHTML 1.0 Transitional//EN"
    "http://www.w3.org/TR/xhtml1/DTD/xhtml1-transitional.dtd">
<html xmlns="http://www.w3.org/1999/xhtml" xml:lang="en" lang="en">
 <head>
  <title>
</title>
<meta http-equiv="Content-Type" content="text/html;charset=utf-8" />
  <meta name='ocr-system' content='tesseract 3.04.00' />
  <meta name='ocr-capabilities' content='ocr_page ocr_carea ocr_par ocr_line ocrx_word'/>
</head>
<body>
  <div class='ocr_page' id='page_1' title='image "./joanniskepleria09frisgoog_0220.png"; bbox 0 0 3684 7259; ppageno 0'>
   <div class='ocr_carea' id='block_1_1' title="bbox 111 1095 1160 1262">
    <p class='ocr_par' dir='ltr' id='par_1_1' title="bbox 111 1095 1160 1262">
     <span class='ocr_line' id='line_1_1' title="bbox 111 1095 1160 1262; baseline -0.001 -37"><span class='ocrx_word' id='word_1_1' title='bbox 111 1179 114 1184; x_wconf 52' lang='lat'>&gt;</span> <span class='ocrx_word' id='word_1_2' title='bbox 242 1139 317 1262; x_wconf 47' lang='lat' dir='ltr'>h</span> <span class='ocrx_word' id='word_1_3' title='bbox 362 1106 364 1110; x_wconf 10' lang='grc' dir='ltr'><em>Α</em></span> <span class='ocrx_word' id='word_1_4' title='bbox 682 1095 966 1239; x_wconf 58' lang='lat' dir='ltr'>menore-nnn</span> <span class='ocrx_word' id='word_1_5' title='bbox 983 1155 1160 1227; x_wconf 61' lang='lat' dir='ltr'>uuam.</span> 
     </span>
    </p>
   </div>
   <div class='ocr_carea' id='block_1_2' title="bbox 234 1337 1664 3262">
    <p class='ocr_par' dir='ltr' id='par_1_2' title="bbox 234 1337 1664 3262">
     <span class='ocr_line' id='line_1_2' title="bbox 252 1337 1603 1432; baseline 0.001 -22"><span class='ocrx_word' id='word_1_6' title='bbox 252 1350 331 1413; x_wconf 88' lang='lat' dir='ltr'>bunc</span> <span class='ocrx_word' id='word_1_7' title='bbox 361 1368 415 1427; x_wconf 69' lang='lat' dir='ltr'>epo</span> <span class='ocrx_word' id='word_1_8' title='bbox 448 1415 450 1420; x_wconf 57' lang='grc'><em>,</em></span> <span class='ocrx_word' id='word_1_9' title='bbox 550 1427 552 1432; x_wconf 21' lang='lat'><strong>¹</strong></span> <span class='ocrx_word' id='word_1_10' title='bbox 643 1346 843 1408; x_wconf 84' lang='lat' dir='ltr'>harmonicum</span> <span class='ocrx_word' id='word_1_11' title='bbox 873 1350 984 1407; x_wconf 65' lang='lat' dir='ltr'>ananei</span> <span class='ocrx_word' id='word_1_12' title='bbox 1007 1346 1235 1414; x_wconf 66' lang='lat' dir='ltr'>euno-eene</span> <span class='ocrx_word' id='word_1_13' title='bbox 1262 1337 1394 1427; x_wconf 76' lang='lat' dir='ltr'>remist03</span> <span class='ocrx_word' id='word_1_14' title='bbox 1422 1369 1514 1429; x_wconf 81' lang='lat' dir='ltr'>penes</span> <span class='ocrx_word' id='word_1_15' title='bbox 1545 1370 1603 1413; x_wconf 85' lang='lat' dir='ltr'>nos</span> 
     </span>
     <span class='ocr_line' id='line_1_3' title="bbox 253 1436 1601 1514; baseline 0.007 -24"><span class='ocrx_word' id='word_1_16' title='bbox 253 1438 415 1500; x_wconf 72' lang='lat' dir='ltr'>Germanos</span> <span class='ocrx_word' id='word_1_17' title='bbox 640 1438 803 1512; x_wconf 78' lang='lat' dir='ltr'>praecipuis</span> <span class='ocrx_word' id='word_1_18' title='bbox 834 1436 1002 1494; x_wconf 77' lang='lat' dir='ltr'>civitatibus</span> <span class='ocrx_word' id='word_1_19' title='bbox 1028 1444 1068 1498; x_wconf 25' lang='lat' dir='ltr'>,ee</span> <span class='ocrx_word' id='word_1_20' title='bbox 1165 1438 1246 1498; x_wconf 71' lang='lat' dir='ltr'>lastis</span> <span class='ocrx_word' id='word_1_21' title='bbox 1275 1438 1376 1514; x_wconf 88' lang='lat' dir='ltr'>procul</span> <span class='ocrx_word' id='word_1_22' title='bbox 1398 1449 1533 1499; x_wconf 78' lang='lat' dir='ltr'>areentur</span> <span class='ocrx_word' id='word_1_23' title='bbox 1562 1444 1601 1500; x_wconf 87' lang='lat' dir='ltr'>ab</span> 
     </span>
     <span class='ocr_line' id='line_1_4' title="bbox 252 1507 1653 1616; baseline 0.001 -31"><span class='ocrx_word' id='word_1_24' title='bbox 252 1524 419 1603; x_wconf 78' lang='lat' dir='ltr'>hujusmodi</span> <span class='ocrx_word' id='word_1_25' title='bbox 487 1527 491 1537; x_wconf 91' lang='lat'>&#39;</span> <span class='ocrx_word' id='word_1_26' title='bbox 557 1513 562 1518; x_wconf 70' lang='grc'><strong>’</strong></span> <span class='ocrx_word' id='word_1_27' title='bbox 619 1539 673 1582; x_wconf 89' lang='lat' dir='ltr'>nec</span> <span class='ocrx_word' id='word_1_28' title='bbox 704 1522 781 1581; x_wconf 86' lang='lat' dir='ltr'>ultra</span> <span class='ocrx_word' id='word_1_29' title='bbox 812 1522 910 1597; x_wconf 84' lang='lat' dir='ltr'>legum</span> <span class='ocrx_word' id='word_1_30' title='bbox 942 1526 1088 1601; x_wconf 82' lang='lat' dir='ltr'>praescrip</span> <span class='ocrx_word' id='word_1_31' title='bbox 1136 1507 1337 1616; x_wconf 44' lang='lat' dir='ltr'>‘moun</span> <span class='ocrx_word' id='word_1_32' title='bbox 1370 1526 1439 1585; x_wconf 87' lang='lat' dir='ltr'>licet</span> <span class='ocrx_word' id='word_1_33' title='bbox 1473 1529 1617 1603; x_wconf 82' lang='lat' dir='ltr'>exigere.&#39;</span> <span class='ocrx_word' id='word_1_34' title='bbox 1650 1551 1653 1557; x_wconf 95' lang='lat'>·</span> 
     </span>
     <span class='ocr_line' id='line_1_5' title="bbox 253 1608 1602 1693; baseline 0.001 -21"><span class='ocrx_word' id='word_1_35' title='bbox 253 1608 534 1693; x_wconf 71' lang='lat' dir='ltr'>8),Haereditatum</span> <span class='ocrx_word' id='word_1_36' title='bbox 564 1609 728 1669; x_wconf 72' lang='lat' dir='ltr'>distributio</span> <span class='ocrx_word' id='word_1_37' title='bbox 760 1609 925 1685; x_wconf 88' lang='lat' dir='ltr'>aequabilis</span> <span class='ocrx_word' id='word_1_38' title='bbox 961 1613 993 1667; x_wconf 90' lang='lat' dir='ltr'>in</span> <span class='ocrx_word' id='word_1_39' title='bbox 1023 1613 1121 1692; x_wconf 54' lang='grc' dir='ltr'><em>ψ</em></span> <span class='ocrx_word' id='word_1_40' title='bbox 1155 1609 1242 1692; x_wconf 56' lang='lat' dir='ltr'>affl</span> <span class='ocrx_word' id='word_1_41' title='bbox 1274 1615 1442 1689; x_wconf 76' lang='lat' dir='ltr'>utriusque</span> <span class='ocrx_word' id='word_1_42' title='bbox 1458 1615 1602 1673; x_wconf 53' lang='lat' dir='ltr'>summe</span> 
     </span>
     <span class='ocr_line' id='line_1_6' title="bbox 250 1690 1601 1778; baseline 0.003 -21"><span class='ocrx_word' id='word_1_43' title='bbox 250 1703 318 1763; x_wconf 85' lang='lat' dir='ltr'>tiels</span> <span class='ocrx_word' id='word_1_44' title='bbox 350 1699 465 1775; x_wconf 74' lang='lat' dir='ltr'>legibus</span> <span class='ocrx_word' id='word_1_45' title='bbox 493 1699 656 1775; x_wconf 77' lang='lat' dir='ltr'>peragitur,</span> <span class='ocrx_word' id='word_1_46' title='bbox 685 1704 722 1755; x_wconf 92' lang='lat' dir='ltr'>ut</span> <span class='ocrx_word' id='word_1_47' title='bbox 739 1695 1016 1772; x_wconf 74' lang='lat' dir='ltr'>orlgineaequales</span> <span class='ocrx_word' id='word_1_48' title='bbox 1035 1690 1279 1778; x_wconf 62' lang='lat' dir='ltr'>&#39;pmputionibm</span> <span class='ocrx_word' id='word_1_49' title='bbox 1305 1702 1394 1767; x_wconf 77' lang='lat' dir='ltr'>etiam</span> <span class='ocrx_word' id='word_1_50' title='bbox 1416 1702 1601 1761; x_wconf 78' lang='lat' dir='ltr'>substantiae</span> 
     </span>
     <span class='ocr_line' id='line_1_7' title="bbox 251 1783 1602 1867; baseline 0.001 -20"><span class='ocrx_word' id='word_1_51' title='bbox 251 1788 289 1847; x_wconf 91' lang='lat' dir='ltr'>ab</span> <span class='ocrx_word' id='word_1_52' title='bbox 313 1785 415 1845; x_wconf 90' lang='lat' dir='ltr'>eodem</span> <span class='ocrx_word' id='word_1_53' title='bbox 436 1794 519 1863; x_wconf 88' lang='lat' dir='ltr'>patre</span> <span class='ocrx_word' id='word_1_54' title='bbox 542 1783 658 1844; x_wconf 84' lang='lat' dir='ltr'>relictae</span> <span class='ocrx_word' id='word_1_55' title='bbox 680 1794 850 1859; x_wconf 77' lang='lat' dir='ltr'>aequentur.</span> <span class='ocrx_word' id='word_1_56' title='bbox 897 1786 937 1842; x_wconf 80' lang='lat' dir='ltr'>At</span> <span class='ocrx_word' id='word_1_57' title='bbox 959 1786 1028 1842; x_wconf 82' lang='lat' dir='ltr'>dum</span> <span class='ocrx_word' id='word_1_58' title='bbox 1042 1788 1113 1861; x_wconf 82' lang='lat' dir='ltr'>reip.</span> <span class='ocrx_word' id='word_1_59' title='bbox 1136 1786 1304 1861; x_wconf 78' lang='lat' dir='ltr'><strong>consulitur,</strong></span> <span class='ocrx_word' id='word_1_60' title='bbox 1325 1787 1450 1863; x_wconf 56' lang='lat' dir='ltr'>&gt;praedia</span> <span class='ocrx_word' id='word_1_61' title='bbox 1463 1788 1502 1847; x_wconf 78' lang='lat' dir='ltr'>od</span> <span class='ocrx_word' id='word_1_62' title='bbox 1518 1807 1602 1867; x_wconf 67' lang='lat' dir='ltr'>mas·⁴</span> 
     </span>
     <span class='ocr_line' id='line_1_8' title="bbox 252 1872 1601 1951; baseline 0.001 -18"><span class='ocrx_word' id='word_1_63' title='bbox 252 1873 344 1947; x_wconf 88' lang='lat' dir='ltr'>culos,</span> <span class='ocrx_word' id='word_1_64' title='bbox 368 1876 418 1950; x_wconf 90' lang='lat' dir='ltr'>qui</span> <span class='ocrx_word' id='word_1_65' title='bbox 441 1872 561 1935; x_wconf 76' lang='lat' dir='ltr'>militiae</span> <span class='ocrx_word' id='word_1_66' title='bbox 583 1873 766 1941; x_wconf 74' lang='lat' dir='ltr'>necessariae</span> <span class='ocrx_word' id='word_1_67' title='bbox 789 1873 848 1928; x_wconf 88' lang='lat' dir='ltr'>sint</span> <span class='ocrx_word' id='word_1_68' title='bbox 869 1874 946 1948; x_wconf 82' lang='lat' dir='ltr'>epti,</span> <span class='ocrx_word' id='word_1_69' title='bbox 978 1874 1118 1948; x_wconf 84' lang='lat' dir='ltr'>pecuniae</span> <span class='ocrx_word' id='word_1_70' title='bbox 1141 1872 1180 1931; x_wconf 82' lang='lat' dir='ltr'>ad</span> <span class='ocrx_word' id='word_1_71' title='bbox 1202 1874 1330 1933; x_wconf 82' lang='lat' dir='ltr'>leminea</span> <span class='ocrx_word' id='word_1_72' title='bbox 1348 1884 1376 1933; x_wconf 88' lang='lat' dir='ltr'>et</span> <span class='ocrx_word' id='word_1_73' title='bbox 1398 1874 1436 1933; x_wconf 88' lang='lat' dir='ltr'>ad</span> <span class='ocrx_word' id='word_1_74' title='bbox 1453 1890 1601 1951; x_wconf 65' lang='lat' dir='ltr'>paeones</span> 
     </span>
     <span class='ocr_line' id='line_1_9' title="bbox 234 1957 1664 2043; baseline -0.001 -20"><span class='ocrx_word' id='word_1_75' title='bbox 234 1962 324 2034; x_wconf 81' lang='lat' dir='ltr'>Deo·</span> <span class='ocrx_word' id='word_1_76' title='bbox 339 1970 523 2031; x_wconf 76' lang='lat' dir='ltr'>conseeratue</span> <span class='ocrx_word' id='word_1_77' title='bbox 553 1957 749 2043; x_wconf 73' lang='lat' dir='ltr'>devolrnutur</span> <span class='ocrx_word' id='word_1_78' title='bbox 767 1957 897 2034; x_wconf 88' lang='lat' dir='ltr'>dumque</span> <span class='ocrx_word' id='word_1_79' title='bbox 925 1960 1109 2036; x_wconf 77' lang='lat' dir='ltr'>primogeniti</span> <span class='ocrx_word' id='word_1_80' title='bbox 1131 1962 1235 2019; x_wconf 82' lang='lat' dir='ltr'>ceteris</span> <span class='ocrx_word' id='word_1_81' title='bbox 1257 1961 1428 2036; x_wconf 79' lang='lat' dir='ltr'>velrnajori</span> <span class='ocrx_word' id='word_1_82' title='bbox 1452 1966 1599 2039; x_wconf 85' lang='lat' dir='ltr'>portione,</span> <span class='ocrx_word' id='word_1_83' title='bbox 1661 2029 1664 2035; x_wconf 53' lang='grc'><strong>,</strong></span> 
     </span>
     <span class='ocr_line' id='line_1_10' title="bbox 251 2045 1600 2127; baseline 0.002 -19"><span class='ocrx_word' id='word_1_84' title='bbox 251 2048 300 2116; x_wconf 77' lang='lat' dir='ltr'>rel</span> <span class='ocrx_word' id='word_1_85' title='bbox 322 2050 410 2109; x_wconf 88' lang='lat' dir='ltr'>totius</span> <span class='ocrx_word' id='word_1_86' title='bbox 425 2051 501 2109; x_wconf 86' lang='lat' dir='ltr'>assis</span> <span class='ocrx_word' id='word_1_87' title='bbox 513 2048 700 2125; x_wconf 69' lang='lat' dir='ltr'>pooeessiooe</span> <span class='ocrx_word' id='word_1_88' title='bbox 714 2046 925 2121; x_wconf 77' lang='lat' dir='ltr'>praeferuntur,</span> <span class='ocrx_word' id='word_1_89' title='bbox 945 2045 1065 2121; x_wconf 87' lang='lat' dir='ltr'>reliquis</span> <span class='ocrx_word' id='word_1_90' title='bbox 1083 2048 1128 2105; x_wconf 88' lang='lat' dir='ltr'>rel</span> <span class='ocrx_word' id='word_1_91' title='bbox 1144 2048 1328 2124; x_wconf 74' lang='lat' dir='ltr'>portionibus</span> <span class='ocrx_word' id='word_1_92' title='bbox 1346 2052 1468 2120; x_wconf 84' lang='lat' dir='ltr'>interae</span> <span class='ocrx_word' id='word_1_93' title='bbox 1483 2067 1600 2127; x_wconf 85' lang='lat' dir='ltr'>aequa·</span> 
     </span>
     <span class='ocr_line' id='line_1_11' title="bbox 250 2130 1601 2216; baseline 0.002 -21"><span class='ocrx_word' id='word_1_94' title='bbox 250 2135 335 2210; x_wconf 84' lang='lat' dir='ltr'>libus,</span> <span class='ocrx_word' id='word_1_95' title='bbox 358 2134 405 2194; x_wconf 88' lang='lat' dir='ltr'>rel</span> <span class='ocrx_word' id='word_1_96' title='bbox 427 2136 527 2211; x_wconf 73' lang='lat' dir='ltr'>legato</span> <span class='ocrx_word' id='word_1_97' title='bbox 550 2132 596 2194; x_wconf 87' lang='lat' dir='ltr'>rel</span> <span class='ocrx_word' id='word_1_98' title='bbox 619 2134 768 2195; x_wconf 80' lang='lat' dir='ltr'>mnlruan</span> <span class='ocrx_word' id='word_1_99' title='bbox 790 2130 856 2191; x_wconf 93' lang='lat' dir='ltr'>solo</span> <span class='ocrx_word' id='word_1_100' title='bbox 877 2132 1055 2208; x_wconf 85' lang='lat' dir='ltr'>providetur,</span> <span class='ocrx_word' id='word_1_101' title='bbox 1078 2140 1111 2191; x_wconf 92' lang='lat' dir='ltr'>ut</span> <span class='ocrx_word' id='word_1_102' title='bbox 1126 2136 1225 2210; x_wconf 83' lang='lat' dir='ltr'>imago</span> <span class='ocrx_word' id='word_1_103' title='bbox 1238 2134 1383 2211; x_wconf 85' lang='lat' dir='ltr'>quandam</span> <span class='ocrx_word' id='word_1_104' title='bbox 1406 2139 1601 2216; x_wconf 77' lang='lat' dir='ltr'>prioclpatus,</span> 
     </span>
     <span class='ocr_line' id='line_1_12' title="bbox 250 2218 1602 2299; baseline 0.001 -16"><span class='ocrx_word' id='word_1_105' title='bbox 250 2223 330 2290; x_wconf 81' lang='lat' dir='ltr'>utilis</span> <span class='ocrx_word' id='word_1_106' title='bbox 352 2226 422 2299; x_wconf 90' lang='lat' dir='ltr'>reip.</span> <span class='ocrx_word' id='word_1_107' title='bbox 447 2226 477 2280; x_wconf 92' lang='lat' dir='ltr'>in</span> <span class='ocrx_word' id='word_1_108' title='bbox 498 2220 634 2295; x_wconf 74' lang='lat' dir='ltr'>familiis,</span> <span class='ocrx_word' id='word_1_109' title='bbox 657 2228 816 2293; x_wconf 80' lang='lat' dir='ltr'>statuatur3</span> <span class='ocrx_word' id='word_1_110' title='bbox 846 2218 876 2276; x_wconf 91' lang='lat' dir='ltr'>id</span> <span class='ocrx_word' id='word_1_111' title='bbox 899 2219 932 2277; x_wconf 87' lang='lat' dir='ltr'>lit</span> <span class='ocrx_word' id='word_1_112' title='bbox 954 2221 1115 2279; x_wconf 87' lang='lat' dir='ltr'>rationibus</span> <span class='ocrx_word' id='word_1_113' title='bbox 1138 2221 1328 2294; x_wconf 76' lang='lat' dir='ltr'>harmonicis,</span> <span class='ocrx_word' id='word_1_114' title='bbox 1353 2240 1430 2299; x_wconf 87' lang='lat' dir='ltr'>quae</span> <span class='ocrx_word' id='word_1_115' title='bbox 1452 2225 1602 2285; x_wconf 74' lang='lat' dir='ltr'>interdum</span> 
     </span>
     <span class='ocr_line' id='line_1_13' title="bbox 251 2302 1600 2388; baseline 0.002 -19"><span class='ocrx_word' id='word_1_116' title='bbox 251 2309 341 2388; x_wconf 59' lang='lat' dir='ltr'>durae</span> <span class='ocrx_word' id='word_1_117' title='bbox 363 2318 430 2370; x_wconf 90' lang='lat' dir='ltr'>sunt</span> <span class='ocrx_word' id='word_1_118' title='bbox 452 2308 609 2370; x_wconf 78' lang='lat' dir='ltr'>admodum</span> <span class='ocrx_word' id='word_1_119' title='bbox 631 2316 661 2367; x_wconf 90' lang='lat' dir='ltr'>et</span> <span class='ocrx_word' id='word_1_120' title='bbox 682 2306 874 2379; x_wconf 79' lang='lat' dir='ltr'>dissonantes,</span> <span class='ocrx_word' id='word_1_121' title='bbox 898 2307 997 2383; x_wconf 87' lang='lat' dir='ltr'>quoad</span> <span class='ocrx_word' id='word_1_122' title='bbox 1018 2306 1158 2384; x_wconf 75' lang='lat' dir='ltr'>singulos,</span> <span class='ocrx_word' id='word_1_123' title='bbox 1186 2312 1296 2387; x_wconf 84' lang='lat' dir='ltr'>qnippe</span> <span class='ocrx_word' id='word_1_124' title='bbox 1319 2302 1435 2369; x_wconf 78' lang='lat' dir='ltr'>turbata</span> <span class='ocrx_word' id='word_1_125' title='bbox 1457 2313 1600 2373; x_wconf 81' lang='lat' dir='ltr'>arltbrue·</span> 
     </span>
     <span class='ocr_line' id='line_1_14' title="bbox 253 2393 1501 2475; baseline 0.001 -18"><span class='ocrx_word' id='word_1_126' title='bbox 253 2400 311 2475; x_wconf 82' lang='lat' dir='ltr'>tica</span> <span class='ocrx_word' id='word_1_127' title='bbox 331 2397 521 2475; x_wconf 76' lang='lat' dir='ltr'>aequalitate,</span> <span class='ocrx_word' id='word_1_128' title='bbox 543 2394 582 2456; x_wconf 88' lang='lat' dir='ltr'>ad</span> <span class='ocrx_word' id='word_1_129' title='bbox 604 2393 855 2455; x_wconf 80' lang='lat' dir='ltr'>conservationem</span> <span class='ocrx_word' id='word_1_130' title='bbox 878 2405 976 2453; x_wconf 86' lang='lat' dir='ltr'>tamen</span> <span class='ocrx_word' id='word_1_131' title='bbox 999 2398 1152 2455; x_wconf 77' lang='lat' dir='ltr'>universae</span> <span class='ocrx_word' id='word_1_132' title='bbox 1175 2399 1303 2456; x_wconf 80' lang='lat' dir='ltr'>civitatis</span> <span class='ocrx_word' id='word_1_133' title='bbox 1326 2400 1501 2475; x_wconf 80' lang='lat' dir='ltr'>conspirant</span> 
     </span>
     <span class='ocr_line' id='line_1_15' title="bbox 337 2481 1602 2561; baseline 0.002 -17"><span class='ocrx_word' id='word_1_134' title='bbox 337 2484 443 2550; x_wconf 83' lang='lat' dir='ltr'>XXII.</span> <span class='ocrx_word' id='word_1_135' title='bbox 466 2483 500 2543; x_wconf 93' lang='lat' dir='ltr'>In</span> <span class='ocrx_word' id='word_1_136' title='bbox 523 2481 655 2561; x_wconf 85' lang='lat' dir='ltr'>populari</span> <span class='ocrx_word' id='word_1_137' title='bbox 685 2483 822 2558; x_wconf 80' lang='lat' dir='ltr'>imperto,</span> <span class='ocrx_word' id='word_1_138' title='bbox 852 2481 934 2556; x_wconf 75' lang='lat' dir='ltr'>quod</span> <span class='ocrx_word' id='word_1_139' title='bbox 956 2500 991 2542; x_wconf 89' lang='lat' dir='ltr'>ex</span> <span class='ocrx_word' id='word_1_140' title='bbox 1019 2482 1204 2544; x_wconf 76' lang='lat' dir='ltr'>nutbneuar</span> <span class='ocrx_word' id='word_1_141' title='bbox 1230 2484 1409 2560; x_wconf 72' lang='lat' dir='ltr'>aequalitate</span> <span class='ocrx_word' id='word_1_142' title='bbox 1432 2488 1602 2547; x_wconf 81' lang='lat' dir='ltr'>conlorme-</span> 
     </span>
     <span class='ocr_line' id='line_1_16' title="bbox 251 2567 1600 2648; baseline 0.002 -17"><span class='ocrx_word' id='word_1_143' title='bbox 251 2580 312 2632; x_wconf 89' lang='lat' dir='ltr'>tnrn</span> <span class='ocrx_word' id='word_1_144' title='bbox 335 2580 388 2647; x_wconf 79' lang='lat' dir='ltr'>est,</span> <span class='ocrx_word' id='word_1_145' title='bbox 411 2579 441 2632; x_wconf 92' lang='lat' dir='ltr'>et</span> <span class='ocrx_word' id='word_1_146' title='bbox 463 2573 492 2628; x_wconf 93' lang='lat' dir='ltr'>in</span> <span class='ocrx_word' id='word_1_147' title='bbox 515 2572 697 2647; x_wconf 85' lang='lat' dir='ltr'>optimatum,</span> <span class='ocrx_word' id='word_1_148' title='bbox 721 2567 801 2645; x_wconf 87' lang='lat' dir='ltr'>q&#39;uod</span> <span class='ocrx_word' id='word_1_149' title='bbox 823 2586 859 2627; x_wconf 84' lang='lat' dir='ltr'>ex</span> <span class='ocrx_word' id='word_1_150' title='bbox 881 2570 1057 2645; x_wconf 55' lang='lat' dir='ltr'>menealne</span> <span class='ocrx_word' id='word_1_151' title='bbox 1079 2567 1282 2644; x_wconf 86' lang='lat' dir='ltr'>similitudine,</span> <span class='ocrx_word' id='word_1_152' title='bbox 1305 2588 1394 2648; x_wconf 86' lang='lat' dir='ltr'>saepe</span> <span class='ocrx_word' id='word_1_153' title='bbox 1416 2582 1515 2634; x_wconf 86' lang='lat' dir='ltr'>tamen</span> <span class='ocrx_word' id='word_1_154' title='bbox 1540 2577 1600 2634; x_wconf 84' lang='lat' dir='ltr'>nli-</span> 
     </span>
     <span class='ocr_line' id='line_1_17' title="bbox 251 2653 1599 2739; baseline 0.001 -18"><span class='ocrx_word' id='word_1_155' title='bbox 251 2676 311 2736; x_wconf 79' lang='lat' dir='ltr'>qua</span> <span class='ocrx_word' id='word_1_156' title='bbox 331 2658 606 2735; x_wconf 77' lang='lat' dir='ltr'>contemperationis</span> <span class='ocrx_word' id='word_1_157' title='bbox 628 2659 702 2717; x_wconf 90' lang='lat' dir='ltr'>ratio</span> <span class='ocrx_word' id='word_1_158' title='bbox 725 2655 857 2717; x_wconf 81' lang='lat' dir='ltr'>hebetur.</span> <span class='ocrx_word' id='word_1_159' title='bbox 902 2653 942 2716; x_wconf 91' lang='lat' dir='ltr'>Ut</span> <span class='ocrx_word' id='word_1_160' title='bbox 964 2674 1028 2715; x_wconf 92' lang='lat' dir='ltr'>cum</span> <span class='ocrx_word' id='word_1_161' title='bbox 1044 2657 1171 2735; x_wconf 89' lang='lat' dir='ltr'>populus</span> <span class='ocrx_word' id='word_1_162' title='bbox 1185 2660 1249 2735; x_wconf 82' lang='lat' dir='ltr'>ipae</span> <span class='ocrx_word' id='word_1_163' title='bbox 1262 2675 1357 2718; x_wconf 88' lang='lat' dir='ltr'>rernm</span> <span class='ocrx_word' id='word_1_164' title='bbox 1371 2668 1477 2735; x_wconf 87' lang='lat' dir='ltr'>potens</span> <span class='ocrx_word' id='word_1_165' title='bbox 1492 2672 1599 2739; x_wconf 87' lang='lat' dir='ltr'>sponte</span> 
     </span>
     <span class='ocr_line' id='line_1_18' title="bbox 250 2742 1601 2824; baseline 0.001 -17"><span class='ocrx_word' id='word_1_166' title='bbox 250 2764 306 2806; x_wconf 85' lang='lat' dir='ltr'>sna</span> <span class='ocrx_word' id='word_1_167' title='bbox 326 2748 458 2824; x_wconf 86' lang='lat' dir='ltr'>patriciis</span> <span class='ocrx_word' id='word_1_168' title='bbox 476 2748 667 2822; x_wconf 68' lang='lat' dir='ltr'>potissimum</span> <span class='ocrx_word' id='word_1_169' title='bbox 698 2742 838 2814; x_wconf 82' lang='lat' dir='ltr'>bonores,</span> <span class='ocrx_word' id='word_1_170' title='bbox 868 2745 1071 2820; x_wconf 80' lang='lat' dir='ltr'>magistratus,</span> <span class='ocrx_word' id='word_1_171' title='bbox 1101 2744 1264 2811; x_wconf 85' lang='lat' dir='ltr'>sacerdotia</span> <span class='ocrx_word' id='word_1_172' title='bbox 1280 2746 1425 2822; x_wconf 85' lang='lat' dir='ltr'>&#39;mandat,</span> <span class='ocrx_word' id='word_1_173' title='bbox 1457 2757 1510 2807; x_wconf 82' lang='lat' dir='ltr'>ant</span> <span class='ocrx_word' id='word_1_174' title='bbox 1528 2765 1601 2809; x_wconf 78' lang='lat' dir='ltr'>cuns</span> 
     </span>
     <span class='ocr_line' id='line_1_19' title="bbox 251 2825 1599 2915; baseline 0.002 -22"><span class='ocrx_word' id='word_1_175' title='bbox 251 2836 407 2911; x_wconf 84' lang='lat' dir='ltr'>optimates</span> <span class='ocrx_word' id='word_1_176' title='bbox 427 2833 543 2912; x_wconf 88' lang='lat' dir='ltr'>plebem</span> <span class='ocrx_word' id='word_1_177' title='bbox 565 2825 707 2893; x_wconf 84' lang='lat' dir='ltr'>bonorum</span> <span class='ocrx_word' id='word_1_178' title='bbox 729 2829 939 2915; x_wconf 40' lang='lat' dir='ltr'>nonnullorum·</span> <span class='ocrx_word' id='word_1_179' title='bbox 948 2833 1118 2908; x_wconf 74' lang='lat' dir='ltr'>participem</span> <span class='ocrx_word' id='word_1_180' title='bbox 1136 2834 1256 2907; x_wconf 82' lang='lat' dir='ltr'>iaciunt,</span> <span class='ocrx_word' id='word_1_181' title='bbox 1278 2834 1509 2895; x_wconf 86' lang='lat' dir='ltr'>lructuosissims</span> <span class='ocrx_word' id='word_1_182' title='bbox 1531 2845 1599 2897; x_wconf 87' lang='lat' dir='ltr'>rnu-</span> 
     </span>
     <span class='ocr_line' id='line_1_20' title="bbox 249 2916 1598 2999; baseline 0.001 -18"><span class='ocrx_word' id='word_1_183' title='bbox 249 2922 422 2982; x_wconf 73' lang='lat' dir='ltr'>cerasolo</span> <span class='ocrx_word' id='word_1_184' title='bbox 444 2921 570 2999; x_wconf 74' lang='lat' dir='ltr'>plebeiis</span> <span class='ocrx_word' id='word_1_185' title='bbox 590 2917 771 2988; x_wconf 80' lang='lat' dir='ltr'>concedunt,</span> <span class='ocrx_word' id='word_1_186' title='bbox 800 2918 923 2992; x_wconf 75' lang='lat' dir='ltr'>iujuriae</span> <span class='ocrx_word' id='word_1_187' title='bbox 941 2916 994 2977; x_wconf 70' lang='lat' dir='ltr'>&#39;aa</span> <span class='ocrx_word' id='word_1_188' title='bbox 1021 2919 1059 2977; x_wconf 89' lang='lat' dir='ltr'>ab</span> <span class='ocrx_word' id='word_1_189' title='bbox 1082 2921 1274 2996; x_wconf 75' lang='lat' dir='ltr'>optimatibus</span> <span class='ocrx_word' id='word_1_190' title='bbox 1293 2920 1391 2980; x_wconf 84' lang='lat' dir='ltr'>illatas</span> <span class='ocrx_word' id='word_1_191' title='bbox 1419 2926 1598 2998; x_wconf 68' lang='lat' dir='ltr'>gratissime</span> 
     </span>
     <span class='ocr_line' id='line_1_21' title="bbox 250 3004 1599 3085; baseline 0.002 -16"><span class='ocrx_word' id='word_1_192' title='bbox 250 3008 445 3082; x_wconf 77' lang='lat' dir='ltr'>alciacuntur,</span> <span class='ocrx_word' id='word_1_193' title='bbox 474 3007 637 3068; x_wconf 75' lang='lat' dir='ltr'>libertatem</span> <span class='ocrx_word' id='word_1_194' title='bbox 665 3006 796 3085; x_wconf 82' lang='lat' dir='ltr'>tribuupt</span> <span class='ocrx_word' id='word_1_195' title='bbox 816 3004 1001 3069; x_wconf 79' lang='lat' dir='ltr'>lrueodanrrn</span> <span class='ocrx_word' id='word_1_196' title='bbox 1018 3006 1224 3084; x_wconf 69' lang='lat' dir='ltr'>uoluptatum,</span> <span class='ocrx_word' id='word_1_197' title='bbox 1254 3024 1330 3085; x_wconf 86' lang='lat' dir='ltr'>quae</span> <span class='ocrx_word' id='word_1_198' title='bbox 1358 3025 1411 3084; x_wconf 92' lang='lat' dir='ltr'>per</span> <span class='ocrx_word' id='word_1_199' title='bbox 1432 3027 1464 3069; x_wconf 87' lang='lat' dir='ltr'>se</span> <span class='ocrx_word' id='word_1_200' title='bbox 1484 3018 1599 3072; x_wconf 85' lang='lat' dir='ltr'>-stalrrrn</span> 
     </span>
     <span class='ocr_line' id='line_1_22' title="bbox 249 3088 1598 3174; baseline 0.001 -17"><span class='ocrx_word' id='word_1_201' title='bbox 249 3094 419 3173; x_wconf 82' lang='lat' dir='ltr'>popularem</span> <span class='ocrx_word' id='word_1_202' title='bbox 440 3098 527 3172; x_wconf 84' lang='lat' dir='ltr'>sapit,</span> <span class='ocrx_word' id='word_1_203' title='bbox 545 3094 679 3169; x_wconf 67' lang='lat' dir='ltr'>⁴suffrnpii</span> <span class='ocrx_word' id='word_1_204' title='bbox 702 3091 850 3169; x_wconf 76' lang='lat' dir='ltr'>quoddam</span> <span class='ocrx_word' id='word_1_205' title='bbox 868 3092 919 3168; x_wconf 72' lang='lat' dir='ltr'>jue</span> <span class='ocrx_word' id='word_1_206' title='bbox 935 3092 1014 3168; x_wconf 85' lang='lat' dir='ltr'>plebi</span> <span class='ocrx_word' id='word_1_207' title='bbox 1036 3097 1207 3170; x_wconf 79' lang='lat' dir='ltr'>pemittant</span> <span class='ocrx_word' id='word_1_208' title='bbox 1229 3097 1257 3153; x_wconf 95' lang='lat' dir='ltr'>in</span> <span class='ocrx_word' id='word_1_209' title='bbox 1274 3088 1437 3155; x_wconf 79' lang='lat' dir='ltr'>esndrrlal&#39;u</span> <span class='ocrx_word' id='word_1_210' title='bbox 1454 3114 1493 3156; x_wconf 85' lang='lat' dir='ltr'>ex</span> <span class='ocrx_word' id='word_1_211' title='bbox 1508 3110 1598 3174; x_wconf 75' lang='lat' dir='ltr'>gente</span> 
     </span>
     <span class='ocr_line' id='line_1_23' title="bbox 251 3178 1601 3262; baseline 0.002 -20"><span class='ocrx_word' id='word_1_212' title='bbox 251 3185 424 3262; x_wconf 83' lang='lat' dir='ltr'>optimatum</span> <span class='ocrx_word' id='word_1_213' title='bbox 446 3192 524 3243; x_wconf 84' lang='lat' dir='ltr'>certo</span> <span class='ocrx_word' id='word_1_214' title='bbox 548 3178 906 3259; x_wconf 82' lang='lat' dir='ltr'>numerondncupundis,</span> <span class='ocrx_word' id='word_1_215' title='bbox 935 3197 972 3242; x_wconf 85' lang='lat' dir='ltr'>ex</span> <span class='ocrx_word' id='word_1_216' title='bbox 995 3197 1056 3256; x_wconf 93' lang='lat' dir='ltr'>quo</span> <span class='ocrx_word' id='word_1_217' title='bbox 1075 3198 1195 3241; x_wconf 91' lang='lat' dir='ltr'>nurnero</span> <span class='ocrx_word' id='word_1_218' title='bbox 1226 3184 1282 3259; x_wconf 88' lang='lat' dir='ltr'>ipsi</span> <span class='ocrx_word' id='word_1_219' title='bbox 1303 3191 1408 3258; x_wconf 86' lang='lat' dir='ltr'>postea</span> <span class='ocrx_word' id='word_1_220' title='bbox 1429 3188 1601 3262; x_wconf 85' lang='lat' dir='ltr'>optimates,·</span> 
     </span>
    </p>
   </div>
   <div class='ocr_carea' id='block_1_3' title="bbox 145 3266 1598 3349">
    <p class='ocr_par' dir='ltr' id='par_1_3' title="bbox 145 3266 1598 3349">
     <span class='ocr_line' id='line_1_24' title="bbox 145 3266 1598 3349; baseline -0.001 -16"><span class='ocrx_word' id='word_1_221' title='bbox 145 3272 148 3277; x_wconf 87' lang='grc'><strong><em>’</em></strong></span> <span class='ocrx_word' id='word_1_222' title='bbox 251 3271 357 3347; x_wconf 84' lang='lat' dir='ltr'>quibus</span> <span class='ocrx_word' id='word_1_223' title='bbox 385 3269 501 3345; x_wconf 81' lang='lat' dir='ltr'>volunt,</span> <span class='ocrx_word' id='word_1_224' title='bbox 531 3269 719 3346; x_wconf 72' lang='lat' dir='ltr'>magistratus</span> <span class='ocrx_word' id='word_1_225' title='bbox 748 3266 878 3336; x_wconf 79' lang='lat' dir='ltr'>credam.</span> <span class='ocrx_word' id='word_1_226' title='bbox 922 3266 1007 3342; x_wconf 82' lang='lat' dir='ltr'>Quae</span> <span class='ocrx_word' id='word_1_227' title='bbox 1037 3272 1206 3330; x_wconf 87' lang='lat' dir='ltr'>communio·</span> <span class='ocrx_word' id='word_1_228' title='bbox 1230 3268 1370 3345; x_wconf 87' lang='lat' dir='ltr'>quamdin</span> <span class='ocrx_word' id='word_1_229' title='bbox 1397 3280 1504 3347; x_wconf 87' lang='lat' dir='ltr'>sponte</span> <span class='ocrx_word' id='word_1_230' title='bbox 1533 3275 1598 3349; x_wconf 81' lang='lat' dir='ltr'>ejus</span> 
     </span>
    </p>
   </div>
   <div class='ocr_carea' id='block_1_4' title="bbox 184 3357 1673 5272">
    <p class='ocr_par' dir='ltr' id='par_1_4' title="bbox 184 3357 1673 5272">
     <span class='ocr_line' id='line_1_25' title="bbox 251 3357 1599 3439; baseline 0.004 -21"><span class='ocrx_word' id='word_1_231' title='bbox 251 3359 368 3431; x_wconf 88' lang='lat' dir='ltr'>ordinis,</span> <span class='ocrx_word' id='word_1_232' title='bbox 389 3375 480 3436; x_wconf 88' lang='lat' dir='ltr'>penes</span> <span class='ocrx_word' id='word_1_233' title='bbox 502 3374 590 3433; x_wconf 82' lang='lat' dir='ltr'>quern</span> <span class='ocrx_word' id='word_1_234' title='bbox 611 3370 756 3417; x_wconf 82' lang='lat' dir='ltr'>sununurn</span> <span class='ocrx_word' id='word_1_235' title='bbox 779 3364 824 3413; x_wconf 89' lang='lat' dir='ltr'>est</span> <span class='ocrx_word' id='word_1_236' title='bbox 845 3357 1011 3431; x_wconf 86' lang='lat' dir='ltr'>imperium,</span> <span class='ocrx_word' id='word_1_237' title='bbox 1035 3359 1182 3429; x_wconf 87' lang='lat' dir='ltr'>consistit,</span> <span class='ocrx_word' id='word_1_238' title='bbox 1197 3359 1599 3439; x_wconf 73' lang='lat' dir='ltr'>›suavissimus-concordiae</span> 
     </span>
     <span class='ocr_line' id='line_1_26' title="bbox 252 3444 1596 3524; baseline 0.001 -19"><span class='ocrx_word' id='word_1_239' title='bbox 252 3447 360 3513; x_wconf 80' lang='lat' dir='ltr'>civium</span> <span class='ocrx_word' id='word_1_240' title='bbox 389 3452 546 3506; x_wconf 88' lang='lat' dir='ltr'>concentus</span> <span class='ocrx_word' id='word_1_241' title='bbox 572 3444 673 3518; x_wconf 78' lang='lat' dir='ltr'>‹lurat3</span> <span class='ocrx_word' id='word_1_242' title='bbox 704 3447 736 3502; x_wconf 84' lang='lat' dir='ltr'>at</span> <span class='ocrx_word' id='word_1_243' title='bbox 765 3445 790 3502; x_wconf 91' lang='lat' dir='ltr'>si</span> <span class='ocrx_word' id='word_1_244' title='bbox 812 3449 988 3513; x_wconf 43' lang='lat' dir='ltr'>‘revocatum</span> <span class='ocrx_word' id='word_1_245' title='bbox 1020 3445 1143 3519; x_wconf 81' lang='lat' dir='ltr'>primum</span> <span class='ocrx_word' id='word_1_246' title='bbox 1166 3444 1302 3524; x_wconf 81' lang='lat' dir='ltr'>querelae</span> <span class='ocrx_word' id='word_1_247' title='bbox 1330 3455 1481 3522; x_wconf 76' lang='lat' dir='ltr'>emergunt</span> <span class='ocrx_word' id='word_1_248' title='bbox 1503 3452 1596 3522; x_wconf 85' lang='lat' dir='ltr'>partis</span> 
     </span>
     <span class='ocr_line' id='line_1_27' title="bbox 249 3528 1598 3609; baseline 0.001 -17"><span class='ocrx_word' id='word_1_249' title='bbox 249 3533 401 3607; x_wconf 83' lang='lat' dir='ltr'>multatae,</span> <span class='ocrx_word' id='word_1_250' title='bbox 430 3531 539 3593; x_wconf 67' lang='lat' dir='ltr'>⁴deinde</span> <span class='ocrx_word' id='word_1_251' title='bbox 561 3528 737 3604; x_wconf 83' lang='lat' dir='ltr'>discordiae,</span> <span class='ocrx_word' id='word_1_252' title='bbox 768 3532 852 3606; x_wconf 85' lang='lat' dir='ltr'>quusi</span> <span class='ocrx_word' id='word_1_253' title='bbox 876 3530 992 3589; x_wconf 83' lang='lat' dir='ltr'>turbato</span> <span class='ocrx_word' id='word_1_254' title='bbox 1016 3538 1170 3606; x_wconf 64' lang='lat' dir='ltr'>concertor,</span> <span class='ocrx_word' id='word_1_255' title='bbox 1197 3528 1334 3609; x_wconf 75' lang='lat' dir='ltr'>denique</span> <span class='ocrx_word' id='word_1_256' title='bbox 1356 3532 1402 3591; x_wconf 88' lang='lat' dir='ltr'>rel</span> <span class='ocrx_word' id='word_1_257' title='bbox 1424 3536 1598 3597; x_wconf 74' lang='lat' dir='ltr'>transfertur</span> 
     </span>
     <span class='ocr_line' id='line_1_28' title="bbox 250 3616 1597 3698; baseline 0.003 -21"><span class='ocrx_word' id='word_1_258' title='bbox 250 3622 402 3698; x_wconf 88' lang='lat' dir='ltr'>imperium</span> <span class='ocrx_word' id='word_1_259' title='bbox 424 3619 472 3680; x_wconf 83' lang='lat' dir='ltr'>rel</span> <span class='ocrx_word' id='word_1_260' title='bbox 493 3627 557 3680; x_wconf 86' lang='lat' dir='ltr'>tota</span> <span class='ocrx_word' id='word_1_261' title='bbox 579 3621 684 3679; x_wconf 85' lang='lat' dir='ltr'>civitas</span> <span class='ocrx_word' id='word_1_262' title='bbox 706 3616 840 3689; x_wconf 76' lang='lat' dir='ltr'>boetibus</span> <span class='ocrx_word' id='word_1_263' title='bbox 862 3618 1032 3677; x_wconf 82' lang='lat' dir='ltr'>succumbit</span> <span class='ocrx_word' id='word_1_264' title='bbox 1079 3618 1159 3679; x_wconf 90' lang='lat' dir='ltr'>ldem</span> <span class='ocrx_word' id='word_1_265' title='bbox 1183 3618 1219 3677; x_wconf 88' lang='lat' dir='ltr'>de</span> <span class='ocrx_word' id='word_1_266' title='bbox 1237 3620 1316 3695; x_wconf 76' lang='lat' dir='ltr'>regio</span> <span class='ocrx_word' id='word_1_267' title='bbox 1332 3628 1421 3693; x_wconf 80' lang='lat' dir='ltr'>elatu,</span> <span class='ocrx_word' id='word_1_268' title='bbox 1445 3624 1493 3680; x_wconf 88' lang='lat' dir='ltr'>cul</span> <span class='ocrx_word' id='word_1_269' title='bbox 1508 3623 1597 3681; x_wconf 58' lang='lat' dir='ltr'>tanta</span> 
     </span>
     <span class='ocr_line' id='line_1_29' title="bbox 249 3703 1597 3781; baseline 0.003 -17"><span class='ocrx_word' id='word_1_270' title='bbox 249 3708 330 3768; x_wconf 86' lang='lat' dir='ltr'>lieris</span> <span class='ocrx_word' id='word_1_271' title='bbox 353 3717 397 3768; x_wconf 88' lang='lat' dir='ltr'>est</span> <span class='ocrx_word' id='word_1_272' title='bbox 418 3706 586 3768; x_wconf 81' lang='lat' dir='ltr'>hermonien</span> <span class='ocrx_word' id='word_1_273' title='bbox 606 3704 690 3778; x_wconf 79' lang='lat' dir='ltr'>ratio,</span> <span class='ocrx_word' id='word_1_274' title='bbox 714 3703 871 3770; x_wconf 89' lang='lat' dir='ltr'>tenendum</span> <span class='ocrx_word' id='word_1_275' title='bbox 893 3706 956 3778; x_wconf 84' lang='lat' dir='ltr'>erit,</span> <span class='ocrx_word' id='word_1_276' title='bbox 979 3708 1091 3781; x_wconf 86' lang='lat' dir='ltr'>inquo</span> <span class='ocrx_word' id='word_1_277' title='bbox 1113 3723 1189 3765; x_wconf 87' lang='lat' dir='ltr'>unus</span> <span class='ocrx_word' id='word_1_278' title='bbox 1210 3713 1351 3781; x_wconf 87' lang='lat' dir='ltr'>quantum</span> <span class='ocrx_word' id='word_1_279' title='bbox 1373 3711 1477 3767; x_wconf 88' lang='lat' dir='ltr'>ceteris</span> <span class='ocrx_word' id='word_1_280' title='bbox 1491 3713 1597 3768; x_wconf 84' lang='lat' dir='ltr'>omni-</span> 
     </span>
     <span class='ocr_line' id='line_1_30' title="bbox 250 3792 1636 3872; baseline 0.001 -17"><span class='ocrx_word' id='word_1_281' title='bbox 250 3794 305 3856; x_wconf 91' lang='lat' dir='ltr'>bus</span> <span class='ocrx_word' id='word_1_282' title='bbox 328 3802 470 3872; x_wconf 81' lang='lat' dir='ltr'>praestet,</span> <span class='ocrx_word' id='word_1_283' title='bbox 498 3802 611 3854; x_wconf 86' lang='lat' dir='ltr'>tantum</span> <span class='ocrx_word' id='word_1_284' title='bbox 639 3794 727 3853; x_wconf 79' lang='lat' dir='ltr'>etiarn</span> <span class='ocrx_word' id='word_1_285' title='bbox 754 3792 836 3851; x_wconf 90' lang='lat' dir='ltr'>solus</span> <span class='ocrx_word' id='word_1_286' title='bbox 858 3808 1003 3851; x_wconf 83' lang='lat' dir='ltr'>summum</span> <span class='ocrx_word' id='word_1_287' title='bbox 1028 3792 1078 3869; x_wconf 87' lang='lat' dir='ltr'>jus</span> <span class='ocrx_word' id='word_1_288' title='bbox 1100 3795 1213 3870; x_wconf 88' lang='lat' dir='ltr'>imperii</span> <span class='ocrx_word' id='word_1_289' title='bbox 1239 3793 1396 3871; x_wconf 77' lang='lat' dir='ltr'>possidet3&#39;</span> <span class='ocrx_word' id='word_1_290' title='bbox 1420 3798 1507 3855; x_wconf 87' lang='lat' dir='ltr'>ceteri</span> <span class='ocrx_word' id='word_1_291' title='bbox 1540 3798 1598 3858; x_wconf 87' lang='lat' dir='ltr'>sub</span> <span class='ocrx_word' id='word_1_292' title='bbox 1632 3800 1636 3816; x_wconf 80' lang='lat'><em>¹</em></span> 
     </span>
     <span class='ocr_line' id='line_1_31' title="bbox 251 3878 1596 3960; baseline 0.002 -18"><span class='ocrx_word' id='word_1_293' title='bbox 251 3882 301 3942; x_wconf 90' lang='lat' dir='ltr'>illo</span> <span class='ocrx_word' id='word_1_294' title='bbox 324 3882 434 3960; x_wconf 80' lang='lat' dir='ltr'>degunt</span> <span class='ocrx_word' id='word_1_295' title='bbox 454 3882 636 3943; x_wconf 86' lang='lat' dir='ltr'>arithmetice</span> <span class='ocrx_word' id='word_1_296' title='bbox 658 3878 846 3955; x_wconf 82' lang='lat' dir='ltr'>aequalitate.</span> <span class='ocrx_word' id='word_1_297' title='bbox 890 3878 956 3938; x_wconf 84' lang='lat' dir='ltr'>llne</span> <span class='ocrx_word' id='word_1_298' title='bbox 979 3882 1066 3955; x_wconf 81' lang='lat' dir='ltr'>igitur.</span> <span class='ocrx_word' id='word_1_299' title='bbox 1092 3883 1122 3955; x_wconf 73' lang='lat' dir='ltr'>jn</span> <span class='ocrx_word' id='word_1_300' title='bbox 1145 3882 1265 3957; x_wconf 89' lang='lat' dir='ltr'>politiae</span> <span class='ocrx_word' id='word_1_301' title='bbox 1289 3882 1381 3941; x_wconf 80' lang='lat' dir='ltr'>torma</span> <span class='ocrx_word' id='word_1_302' title='bbox 1403 3890 1507 3957; x_wconf 85' lang='lat' dir='ltr'>potest</span> <span class='ocrx_word' id='word_1_303' title='bbox 1531 3902 1596 3945; x_wconf 83' lang='lat' dir='ltr'>ease</span> 
     </span>
     <span class='ocr_line' id='line_1_32' title="bbox 249 3965 1596 4053; baseline 0.001 -23"><span class='ocrx_word' id='word_1_304' title='bbox 249 3969 431 4047; x_wconf 81' lang='lat' dir='ltr'>gubernandi</span> <span class='ocrx_word' id='word_1_305' title='bbox 454 3972 528 4030; x_wconf 85' lang='lat' dir='ltr'>ratio</span> <span class='ocrx_word' id='word_1_306' title='bbox 551 3970 637 4032; x_wconf 89' lang='lat' dir='ltr'>trlurn</span> <span class='ocrx_word' id='word_1_307' title='bbox 658 3984 806 4046; x_wconf 77' lang='lat' dir='ltr'>generum,</span> <span class='ocrx_word' id='word_1_308' title='bbox 828 3965 909 4043; x_wconf 89' lang='lat' dir='ltr'>qnod</span> <span class='ocrx_word' id='word_1_309' title='bbox 932 3984 1019 4043; x_wconf 87' lang='lat' dir='ltr'>supra</span> <span class='ocrx_word' id='word_1_310' title='bbox 1042 3969 1132 4053; x_wconf 84' lang='lat' dir='ltr'>etiam</span> <span class='ocrx_word' id='word_1_311' title='bbox 1152 3968 1207 4027; x_wconf 85' lang='lat' dir='ltr'>No.</span> <span class='ocrx_word' id='word_1_312' title='bbox 1231 3966 1288 4028; x_wconf 77' lang='lat' dir='ltr'>lx:</span> <span class='ocrx_word' id='word_1_313' title='bbox 1311 3971 1519 4046; x_wconf 80' lang='lat' dir='ltr'>tangebamus,</span> <span class='ocrx_word' id='word_1_314' title='bbox 1543 3972 1596 4032; x_wconf 85' lang='lat' dir='ltr'>sed</span> 
     </span>
     <span class='ocr_line' id='line_1_33' title="bbox 251 4052 1596 4138; baseline 0.003 -23"><span class='ocrx_word' id='word_1_315' title='bbox 251 4056 309 4116; x_wconf 91' lang='lat' dir='ltr'>illic</span> <span class='ocrx_word' id='word_1_316' title='bbox 337 4057 375 4117; x_wconf 89' lang='lat' dir='ltr'>de</span> <span class='ocrx_word' id='word_1_317' title='bbox 397 4075 443 4131; x_wconf 93' lang='lat' dir='ltr'>re,</span> <span class='ocrx_word' id='word_1_318' title='bbox 470 4056 576 4130; x_wconf 25' lang='lat' dir='ltr'>hie-de</span> <span class='ocrx_word' id='word_1_319' title='bbox 598 4058 729 4133; x_wconf 89' lang='lat' dir='ltr'>personis</span> <span class='ocrx_word' id='word_1_320' title='bbox 759 4071 810 4114; x_wconf 88' lang='lat' dir='ltr'>seu</span> <span class='ocrx_word' id='word_1_321' title='bbox 835 4052 998 4127; x_wconf 88' lang='lat' dir='ltr'>ordinibus,</span> <span class='ocrx_word' id='word_1_322' title='bbox 1029 4055 1432 4138; x_wconf 28' lang='lat' dir='ltr'>‚reiprmembriesaqirnue-</span> <span class='ocrx_word' id='word_1_323' title='bbox 1471 4057 1547 4117; x_wconf 83' lang='lat' dir='ltr'>Nam</span> <span class='ocrx_word' id='word_1_324' title='bbox 1571 4063 1596 4119; x_wconf 89' lang='lat' dir='ltr'>si</span> 
     </span>
     <span class='ocr_line' id='line_1_34' title="bbox 251 4140 1595 4224; baseline 0 -18"><span class='ocrx_word' id='word_1_325' title='bbox 251 4147 348 4206; x_wconf 83' lang='lat' dir='ltr'>omnia</span> <span class='ocrx_word' id='word_1_326' title='bbox 369 4147 470 4206; x_wconf 82' lang='lat' dir='ltr'>munis</span> <span class='ocrx_word' id='word_1_327' title='bbox 490 4161 540 4205; x_wconf 81' lang='lat' dir='ltr'>rex</span> <span class='ocrx_word' id='word_1_328' title='bbox 555 4162 599 4204; x_wconf 84' lang='lat' dir='ltr'>ex</span> <span class='ocrx_word' id='word_1_329' title='bbox 621 4160 716 4220; x_wconf 83' lang='lat' dir='ltr'>aequo</span> <span class='ocrx_word' id='word_1_330' title='bbox 740 4143 941 4214; x_wconf 81' lang='lat' dir='ltr'>communicet,</span> <span class='ocrx_word' id='word_1_331' title='bbox 964 4140 1051 4200; x_wconf 80' lang='lat' dir='ltr'>nullu</span> <span class='ocrx_word' id='word_1_332' title='bbox 1067 4142 1252 4203; x_wconf 82' lang='lat' dir='ltr'>distinetione</span> <span class='ocrx_word' id='word_1_333' title='bbox 1273 4144 1436 4203; x_wconf 84' lang='lat' dir='ltr'>nobilitatis</span> <span class='ocrx_word' id='word_1_334' title='bbox 1458 4163 1478 4204; x_wconf 87' lang='lat' dir='ltr'>a</span> <span class='ocrx_word' id='word_1_335' title='bbox 1498 4146 1595 4224; x_wconf 86' lang='lat' dir='ltr'>plebe,</span> 
     </span>
     <span class='ocr_line' id='line_1_35' title="bbox 250 4227 1595 4310; baseline 0.001 -19"><span class='ocrx_word' id='word_1_336' title='bbox 250 4232 400 4310; x_wconf 80' lang='lat' dir='ltr'>pppularis</span> <span class='ocrx_word' id='word_1_337' title='bbox 422 4235 476 4292; x_wconf 90' lang='lat' dir='ltr'>erit</span> <span class='ocrx_word' id='word_1_338' title='bbox 497 4239 526 4292; x_wconf 91' lang='lat' dir='ltr'>et</span> <span class='ocrx_word' id='word_1_339' title='bbox 548 4230 747 4298; x_wconf 75' lang='lat' dir='ltr'>arithmeticae</span> <span class='ocrx_word' id='word_1_340' title='bbox 769 4229 872 4299; x_wconf 82' lang='lat' dir='ltr'>similis</span> <span class='ocrx_word' id='word_1_341' title='bbox 893 4227 1144 4301; x_wconf 66' lang='lat' dir='ltr'>modu-aliquan</span> <span class='ocrx_word' id='word_1_342' title='bbox 1167 4231 1274 4292; x_wconf 84' lang='lat' dir='ltr'>decora</span> <span class='ocrx_word' id='word_1_343' title='bbox 1291 4232 1437 4308; x_wconf 82' lang='lat' dir='ltr'>majestati</span> <span class='ocrx_word' id='word_1_344' title='bbox 1449 4250 1595 4307; x_wconf 83' lang='lat' dir='ltr'>summae,</span> 
     </span>
     <span class='ocr_line' id='line_1_36' title="bbox 250 4311 1596 4396; baseline 0.001 -17"><span class='ocrx_word' id='word_1_345' title='bbox 250 4323 359 4396; x_wconf 89' lang='lat' dir='ltr'>quippe</span> <span class='ocrx_word' id='word_1_346' title='bbox 380 4311 512 4381; x_wconf 85' lang='lat' dir='ltr'>summus</span> <span class='ocrx_word' id='word_1_347' title='bbox 534 4321 596 4396; x_wconf 91' lang='lat' dir='ltr'>ipse</span> <span class='ocrx_word' id='word_1_348' title='bbox 619 4333 684 4379; x_wconf 86' lang='lat' dir='ltr'>euru</span> <span class='ocrx_word' id='word_1_349' title='bbox 706 4316 806 4377; x_wconf 83' lang='lat' dir='ltr'>intimo</span> <span class='ocrx_word' id='word_1_350' title='bbox 827 4317 909 4376; x_wconf 81' lang='lat' dir='ltr'>leoco</span> <span class='ocrx_word' id='word_1_351' title='bbox 932 4317 1125 4391; x_wconf 83' lang='lat' dir='ltr'>copulabitur,</span> <span class='ocrx_word' id='word_1_352' title='bbox 1149 4318 1230 4377; x_wconf 87' lang='lat' dir='ltr'>uallo</span> <span class='ocrx_word' id='word_1_353' title='bbox 1250 4318 1347 4379; x_wconf 84' lang='lat' dir='ltr'>medlo</span> <span class='ocrx_word' id='word_1_354' title='bbox 1370 4320 1523 4395; x_wconf 77' lang='lat' dir='ltr'>interjecto</span> <span class='ocrx_word' id='word_1_355' title='bbox 1547 4337 1596 4380; x_wconf 88' lang='lat' dir='ltr'>or-</span> 
     </span>
     <span class='ocr_line' id='line_1_37' title="bbox 250 4402 1597 4483; baseline 0.004 -19"><span class='ocrx_word' id='word_1_356' title='bbox 250 4406 325 4482; x_wconf 87' lang='lat' dir='ltr'>dine,</span> <span class='ocrx_word' id='word_1_357' title='bbox 350 4406 428 4483; x_wconf 88' lang='lat' dir='ltr'>quod</span> <span class='ocrx_word' id='word_1_358' title='bbox 450 4414 556 4466; x_wconf 85' lang='lat' dir='ltr'>natura</span> <span class='ocrx_word' id='word_1_359' title='bbox 577 4416 673 4466; x_wconf 78' lang='lat' dir='ltr'>umen</span> <span class='ocrx_word' id='word_1_360' title='bbox 696 4411 789 4464; x_wconf 58' lang='lat' dir='ltr'>anat,</span> <span class='ocrx_word' id='word_1_361' title='bbox 829 4402 905 4479; x_wconf 86' lang='lat' dir='ltr'>Quin</span> <span class='ocrx_word' id='word_1_362' title='bbox 919 4406 986 4464; x_wconf 87' lang='lat' dir='ltr'>imo</span> <span class='ocrx_word' id='word_1_363' title='bbox 1009 4406 1089 4465; x_wconf 85' lang='lat' dir='ltr'>cives</span> <span class='ocrx_word' id='word_1_364' title='bbox 1117 4421 1277 4481; x_wconf 73' lang='lat' dir='ltr'>generosae</span> <span class='ocrx_word' id='word_1_365' title='bbox 1298 4405 1406 4465; x_wconf 85' lang='lat' dir='ltr'>indolis</span> <span class='ocrx_word' id='word_1_366' title='bbox 1428 4424 1519 4482; x_wconf 77' lang='lat' dir='ltr'>repno</span> <span class='ocrx_word' id='word_1_367' title='bbox 1543 4425 1597 4470; x_wconf 74' lang='lat' dir='ltr'>ex·</span> 
     </span>
     <span class='ocr_line' id='line_1_38' title="bbox 251 4490 1598 4571; baseline 0.003 -18"><span class='ocrx_word' id='word_1_368' title='bbox 251 4495 363 4567; x_wconf 89' lang='lat' dir='ltr'>cedent,</span> <span class='ocrx_word' id='word_1_369' title='bbox 385 4497 417 4559; x_wconf 73' lang='lat' dir='ltr'>si¹</span> <span class='ocrx_word' id='word_1_370' title='bbox 428 4493 532 4554; x_wconf 89' lang='lat' dir='ltr'>nullus</span> <span class='ocrx_word' id='word_1_371' title='bbox 555 4494 669 4571; x_wconf 81' lang='lat' dir='ltr'>generis</span> <span class='ocrx_word' id='word_1_372' title='bbox 690 4499 849 4569; x_wconf 86' lang='lat' dir='ltr'>respectus.</span> <span class='ocrx_word' id='word_1_373' title='bbox 886 4490 1057 4550; x_wconf 74' lang='lat' dir='ltr'>¹Sinorunin</span> <span class='ocrx_word' id='word_1_374' title='bbox 1072 4493 1200 4551; x_wconf 83' lang='lat' dir='ltr'>conferat</span> <span class='ocrx_word' id='word_1_375' title='bbox 1220 4496 1249 4550; x_wconf 91' lang='lat' dir='ltr'>in</span> <span class='ocrx_word' id='word_1_376' title='bbox 1264 4493 1457 4569; x_wconf 81' lang='lat' dir='ltr'>nobilitatem,</span> <span class='ocrx_word' id='word_1_377' title='bbox 1481 4495 1598 4557; x_wconf 86' lang='lat' dir='ltr'>seclusa</span> 
     </span>
     <span class='ocr_line' id='line_1_39' title="bbox 249 4577 1596 4659; baseline 0 -18"><span class='ocrx_word' id='word_1_378' title='bbox 249 4583 366 4659; x_wconf 86' lang='lat' dir='ltr'>penitus</span> <span class='ocrx_word' id='word_1_379' title='bbox 382 4581 491 4659; x_wconf 87' lang='lat' dir='ltr'>plebe,</span> <span class='ocrx_word' id='word_1_380' title='bbox 518 4582 695 4658; x_wconf 81' lang='lat' dir='ltr'>geometrica</span> <span class='ocrx_word' id='word_1_381' title='bbox 718 4579 792 4639; x_wconf 82' lang='lat' dir='ltr'>baec</span> <span class='ocrx_word' id='word_1_382' title='bbox 813 4577 974 4654; x_wconf 88' lang='lat' dir='ltr'>imperandi</span> <span class='ocrx_word' id='word_1_383' title='bbox 996 4579 1089 4638; x_wconf 89' lang='lat' dir='ltr'>lorma</span> <span class='ocrx_word' id='word_1_384' title='bbox 1109 4583 1178 4654; x_wconf 86' lang='lat' dir='ltr'>erit,</span> <span class='ocrx_word' id='word_1_385' title='bbox 1209 4580 1260 4640; x_wconf 83' lang='lat' dir='ltr'>sad</span> <span class='ocrx_word' id='word_1_386' title='bbox 1285 4580 1450 4657; x_wconf 86' lang='lat' dir='ltr'>periculosa</span> <span class='ocrx_word' id='word_1_387' title='bbox 1474 4591 1504 4641; x_wconf 84' lang='lat' dir='ltr'>ot</span> <span class='ocrx_word' id='word_1_388' title='bbox 1526 4584 1596 4642; x_wconf 87' lang='lat' dir='ltr'>har-</span> 
     </span>
     <span class='ocr_line' id='line_1_40' title="bbox 250 4658 1595 4745; baseline 0.001 -17"><span class='ocrx_word' id='word_1_389' title='bbox 250 4672 365 4731; x_wconf 81' lang='lat' dir='ltr'>monica</span> <span class='ocrx_word' id='word_1_390' title='bbox 380 4658 531 4733; x_wconf 76' lang='lat' dir='ltr'>maritate</span> <span class='ocrx_word' id='word_1_391' title='bbox 554 4684 673 4743; x_wconf 82' lang='lat' dir='ltr'>carens3</span> <span class='ocrx_word' id='word_1_392' title='bbox 700 4668 827 4745; x_wconf 89' lang='lat' dir='ltr'>populns</span> <span class='ocrx_word' id='word_1_393' title='bbox 857 4668 933 4745; x_wconf 86' lang='lat' dir='ltr'>epim</span> <span class='ocrx_word' id='word_1_394' title='bbox 962 4666 1075 4744; x_wconf 89' lang='lat' dir='ltr'>pollens</span> <span class='ocrx_word' id='word_1_395' title='bbox 1098 4668 1307 4744; x_wconf 76' lang='lat' dir='ltr'>magnitudine·</span> <span class='ocrx_word' id='word_1_396' title='bbox 1325 4668 1442 4728; x_wconf 82' lang='lat' dir='ltr'>tandem</span> <span class='ocrx_word' id='word_1_397' title='bbox 1465 4670 1595 4730; x_wconf 76' lang='lat' dir='ltr'>offensus</span> 
     </span>
     <span class='ocr_line' id='line_1_41' title="bbox 248 4755 1673 4834; baseline 0.002 -19"><span class='ocrx_word' id='word_1_398' title='bbox 248 4755 431 4820; x_wconf 84' lang='lat' dir='ltr'>nobilitatem</span> <span class='ocrx_word' id='word_1_399' title='bbox 452 4756 671 4834; x_wconf 79' lang='lat' dir='ltr'>magistratibus</span> <span class='ocrx_word' id='word_1_400' title='bbox 694 4764 724 4815; x_wconf 94' lang='lat' dir='ltr'>et</span> <span class='ocrx_word' id='word_1_401' title='bbox 745 4755 915 4827; x_wconf 88' lang='lat' dir='ltr'>honoribus,</span> <span class='ocrx_word' id='word_1_402' title='bbox 938 4772 1035 4830; x_wconf 78' lang='lat' dir='ltr'>regern</span> <span class='ocrx_word' id='word_1_403' title='bbox 1060 4756 1153 4832; x_wconf 88' lang='lat' dir='ltr'>ipsum</span> <span class='ocrx_word' id='word_1_404' title='bbox 1183 4758 1313 4833; x_wconf 43' lang='lat' dir='ltr'>imperio,</span> <span class='ocrx_word' id='word_1_405' title='bbox 1329 4756 1513 4833; x_wconf 84' lang='lat' dir='ltr'>exspolieblt.</span> <span class='ocrx_word' id='word_1_406' title='bbox 1558 4757 1598 4818; x_wconf 82' lang='lat' dir='ltr'>Et</span> <span class='ocrx_word' id='word_1_407' title='bbox 1671 4789 1673 4794; x_wconf 83' lang='lat'><em>.</em></span> 
     </span>
     <span class='ocr_line' id='line_1_42' title="bbox 249 4841 1596 4922; baseline 0.001 -18"><span class='ocrx_word' id='word_1_408' title='bbox 249 4846 383 4921; x_wconf 75' lang='lat' dir='ltr'>quamvis</span> <span class='ocrx_word' id='word_1_409' title='bbox 406 4847 536 4922; x_wconf 81' lang='lat' dir='ltr'>argutius</span> <span class='ocrx_word' id='word_1_410' title='bbox 559 4843 719 4919; x_wconf 76' lang='lat' dir='ltr'>distinguat</span> <span class='ocrx_word' id='word_1_411' title='bbox 741 4842 905 4901; x_wconf 81' lang='lat' dir='ltr'>moderator</span> <span class='ocrx_word' id='word_1_412' title='bbox 928 4841 1043 4900; x_wconf 89' lang='lat' dir='ltr'>ordines</span> <span class='ocrx_word' id='word_1_413' title='bbox 1066 4843 1096 4899; x_wconf 90' lang='lat' dir='ltr'>in</span> <span class='ocrx_word' id='word_1_414' title='bbox 1117 4842 1214 4918; x_wconf 86' lang='lat' dir='ltr'>plures</span> <span class='ocrx_word' id='word_1_415' title='bbox 1237 4844 1359 4919; x_wconf 77' lang='lat' dir='ltr'>gradus,</span> <span class='ocrx_word' id='word_1_416' title='bbox 1383 4843 1544 4920; x_wconf 84' lang='lat' dir='ltr'>distinguat</span> <span class='ocrx_word' id='word_1_417' title='bbox 1567 4856 1596 4906; x_wconf 90' lang='lat' dir='ltr'>et</span> 
     </span>
     <span class='ocr_line' id='line_1_43' title="bbox 248 4928 1593 5009; baseline -0.002 -15"><span class='ocrx_word' id='word_1_418' title='bbox 248 4928 362 5005; x_wconf 86' lang='lat' dir='ltr'>munis&#39;,</span> <span class='ocrx_word' id='word_1_419' title='bbox 385 4934 411 4992; x_wconf 91' lang='lat' dir='ltr'>si</span> <span class='ocrx_word' id='word_1_420' title='bbox 434 4941 531 4993; x_wconf 85' lang='lat' dir='ltr'>tamen</span> <span class='ocrx_word' id='word_1_421' title='bbox 553 4933 660 5007; x_wconf 88' lang='lat' dir='ltr'>cuique</span> <span class='ocrx_word' id='word_1_422' title='bbox 681 4930 774 4990; x_wconf 89' lang='lat' dir='ltr'>ordini</span> <span class='ocrx_word' id='word_1_423' title='bbox 796 4946 850 4993; x_wconf 87' lang='lat' dir='ltr'>sua</span> <span class='ocrx_word' id='word_1_424' title='bbox 872 4928 930 4988; x_wconf 89' lang='lat' dir='ltr'>soli</span> <span class='ocrx_word' id='word_1_425' title='bbox 951 4936 1113 5001; x_wconf 84' lang='lat' dir='ltr'>conservet,</span> <span class='ocrx_word' id='word_1_426' title='bbox 1135 4938 1168 4988; x_wconf 86' lang='lat' dir='ltr'>ut</span> <span class='ocrx_word' id='word_1_427' title='bbox 1183 4930 1295 4991; x_wconf 86' lang='lat' dir='ltr'>Rornae</span> <span class='ocrx_word' id='word_1_428' title='bbox 1309 4932 1473 4990; x_wconf 81' lang='lat' dir='ltr'>tribunatus</span> <span class='ocrx_word' id='word_1_429' title='bbox 1495 4931 1593 5009; x_wconf 86' lang='lat' dir='ltr'>plebis</span> 
     </span>
     <span class='ocr_line' id='line_1_44' title="bbox 184 5015 1595 5094; baseline 0.001 -15"><span class='ocrx_word' id='word_1_430' title='bbox 184 5076 189 5085; x_wconf 88' lang='grc'><em>,</em></span> <span class='ocrx_word' id='word_1_431' title='bbox 247 5020 340 5081; x_wconf 88' lang='lat' dir='ltr'>solius</span> <span class='ocrx_word' id='word_1_432' title='bbox 362 5028 440 5094; x_wconf 86' lang='lat' dir='ltr'>erat,</span> <span class='ocrx_word' id='word_1_433' title='bbox 471 5018 639 5080; x_wconf 89' lang='lat' dir='ltr'>consulatus</span> <span class='ocrx_word' id='word_1_434' title='bbox 661 5020 848 5094; x_wconf 84' lang='lat' dir='ltr'>patriciorum</span> <span class='ocrx_word' id='word_1_435' title='bbox 870 5022 996 5088; x_wconf 86' lang='lat' dir='ltr'>tantum,</span> <span class='ocrx_word' id='word_1_436' title='bbox 1026 5015 1291 5078; x_wconf 83' lang='lat' dir='ltr'>alienabuntur-eb</span> <span class='ocrx_word' id='word_1_437' title='bbox 1313 5019 1438 5078; x_wconf 82' lang='lat' dir='ltr'>invicem</span> <span class='ocrx_word' id='word_1_438' title='bbox 1469 5021 1595 5091; x_wconf 75' lang='lat' dir='ltr'>ordinm,</span> 
     </span>
     <span class='ocr_line' id='line_1_45' title="bbox 248 5089 1601 5182; baseline 0 -15"><span class='ocrx_word' id='word_1_439' title='bbox 248 5106 406 5180; x_wconf 58' lang='lat' dir='ltr'>nectunt</span> <span class='ocrx_word' id='word_1_440' title='bbox 421 5110 506 5168; x_wconf 87' lang='lat' dir='ltr'>iuter</span> <span class='ocrx_word' id='word_1_441' title='bbox 527 5124 560 5167; x_wconf 91' lang='lat' dir='ltr'>se</span> <span class='ocrx_word' id='word_1_442' title='bbox 581 5105 737 5170; x_wconf 87' lang='lat' dir='ltr'>eoncordia</span> <span class='ocrx_word' id='word_1_443' title='bbox 764 5107 793 5162; x_wconf 91' lang='lat' dir='ltr'>iu</span> <span class='ocrx_word' id='word_1_444' title='bbox 821 5120 911 5161; x_wconf 81' lang='lat' dir='ltr'>unum</span> <span class='ocrx_word' id='word_1_445' title='bbox 939 5118 1042 5180; x_wconf 90' lang='lat' dir='ltr'>corpus</span> <span class='ocrx_word' id='word_1_446' title='bbox 1071 5104 1245 5165; x_wconf 81' lang='lat' dir='ltr'>coalescent.</span> <span class='ocrx_word' id='word_1_447' title='bbox 1290 5089 1368 5182; x_wconf 59' lang='lat' dir='ltr'>liant</span> <span class='ocrx_word' id='word_1_448' title='bbox 1395 5109 1502 5173; x_wconf 56' lang='lat' dir='ltr'>munla&gt;</span> <span class='ocrx_word' id='word_1_449' title='bbox 1518 5109 1601 5168; x_wconf 58' lang='lat' dir='ltr'>inte-⁴</span> 
     </span>
     <span class='ocr_line' id='line_1_46' title="bbox 248 5189 1596 5272; baseline 0.001 -19"><span class='ocrx_word' id='word_1_450' title='bbox 248 5198 355 5258; x_wconf 77' lang='lat' dir='ltr'>riorum</span> <span class='ocrx_word' id='word_1_451' title='bbox 378 5212 445 5260; x_wconf 79' lang='lat' dir='ltr'>cum</span> <span class='ocrx_word' id='word_1_452' title='bbox 461 5198 529 5272; x_wconf 82' lang='lat' dir='ltr'>ipso</span> <span class='ocrx_word' id='word_1_453' title='bbox 553 5194 654 5255; x_wconf 88' lang='lat' dir='ltr'>ordine</span> <span class='ocrx_word' id='word_1_454' title='bbox 677 5199 903 5264; x_wconf 85' lang='lat' dir='ltr'>contemnentur,</span> <span class='ocrx_word' id='word_1_455' title='bbox 929 5189 1004 5250; x_wconf 86' lang='lat' dir='ltr'>adeo</span> <span class='ocrx_word' id='word_1_456' title='bbox 1028 5198 1060 5249; x_wconf 91' lang='lat' dir='ltr'>ut</span> <span class='ocrx_word' id='word_1_457' title='bbox 1084 5190 1194 5252; x_wconf 83' lang='lat' dir='ltr'>Rornae</span> <span class='ocrx_word' id='word_1_458' title='bbox 1214 5192 1393 5253; x_wconf 86' lang='lat' dir='ltr'>tribunatum</span> <span class='ocrx_word' id='word_1_459' title='bbox 1416 5209 1519 5270; x_wconf 79' lang='lat' dir='ltr'>gerere</span> <span class='ocrx_word' id='word_1_460' title='bbox 1537 5211 1596 5271; x_wconf 84' lang='lat' dir='ltr'>ps·</span> 
     </span>
    </p>
   </div>
   <div class='ocr_carea' id='block_1_5' title="bbox 90 5277 1600 5448">
    <p class='ocr_par' dir='ltr' id='par_1_5' title="bbox 90 5277 1600 5448">
     <span class='ocr_line' id='line_1_47' title="bbox 90 5277 1594 5362; baseline -0.002 -17"><span class='ocrx_word' id='word_1_461' title='bbox 90 5297 94 5304; x_wconf 86' lang='grc'><strong>’</strong></span> <span class='ocrx_word' id='word_1_462' title='bbox 162 5342 167 5351; x_wconf 81' lang='lat'><strong>.</strong></span> <span class='ocrx_word' id='word_1_463' title='bbox 224 5283 346 5362; x_wconf 45' lang='lat' dir='ltr'>‚tricina</span> <span class='ocrx_word' id='word_1_464' title='bbox 368 5299 425 5341; x_wconf 89' lang='lat' dir='ltr'>non</span> <span class='ocrx_word' id='word_1_465' title='bbox 448 5283 663 5361; x_wconf 66' lang='lat' dir='ltr'>potuerit-nisi</span> <span class='ocrx_word' id='word_1_466' title='bbox 685 5281 798 5356; x_wconf 79' lang='lat' dir='ltr'>ejurata</span> <span class='ocrx_word' id='word_1_467' title='bbox 820 5277 983 5352; x_wconf 83' lang='lat' dir='ltr'>nobilitate,</span> <span class='ocrx_word' id='word_1_468' title='bbox 1002 5285 1036 5337; x_wconf 87' lang='lat' dir='ltr'>et</span> <span class='ocrx_word' id='word_1_469' title='bbox 1058 5295 1124 5337; x_wconf 89' lang='lat' dir='ltr'>cum</span> <span class='ocrx_word' id='word_1_470' title='bbox 1137 5283 1308 5351; x_wconf 71' lang='lat' dir='ltr'>¹errtorslsset</span> <span class='ocrx_word' id='word_1_471' title='bbox 1326 5279 1487 5357; x_wconf 80' lang='lat' dir='ltr'>aliquando</span> <span class='ocrx_word' id='word_1_472' title='bbox 1510 5282 1594 5360; x_wconf 86' lang='lat' dir='ltr'>plebs</span> 
     </span>
     <span class='ocr_line' id='line_1_48' title="bbox 91 5361 1600 5448; baseline -0.002 -17"><span class='ocrx_word' id='word_1_473' title='bbox 91 5393 94 5400; x_wconf 95' lang='lat'>·</span> <span class='ocrx_word' id='word_1_474' title='bbox 139 5361 142 5366; x_wconf 70' lang='grc'><strong>’</strong></span> <span class='ocrx_word' id='word_1_475' title='bbox 227 5369 449 5446; x_wconf 61' lang='lat' dir='ltr'>,consulam</span> <span class='ocrx_word' id='word_1_476' title='bbox 468 5377 574 5430; x_wconf 63' lang='lat' dir='ltr'>umen</span> <span class='ocrx_word' id='word_1_477' title='bbox 607 5368 715 5448; x_wconf 81' lang='lat' dir='ltr'>plebeji</span> <span class='ocrx_word' id='word_1_478' title='bbox 745 5365 878 5427; x_wconf 79' lang='lat' dir='ltr'>consules</span> <span class='ocrx_word' id='word_1_479' title='bbox 906 5367 970 5443; x_wconf 85' lang='lat' dir='ltr'>ipsi·</span> <span class='ocrx_word' id='word_1_480' title='bbox 992 5367 1077 5444; x_wconf 87' lang='lat' dir='ltr'>pauci</span> <span class='ocrx_word' id='word_1_481' title='bbox 1105 5384 1224 5426; x_wconf 85' lang='lat' dir='ltr'>numero</span> <span class='ocrx_word' id='word_1_482' title='bbox 1256 5368 1371 5445; x_wconf 81' lang='lat' dir='ltr'>plebem</span> <span class='ocrx_word' id='word_1_483' title='bbox 1395 5368 1502 5429; x_wconf 84' lang='lat' dir='ltr'>exinde</span> <span class='ocrx_word' id='word_1_484' title='bbox 1523 5385 1600 5429; x_wconf 88' lang='lat' dir='ltr'>con··</span> 
     </span>
    </p>
   </div>
   <div class='ocr_carea' id='block_1_6' title="bbox 247 5465 1601 5707">
    <p class='ocr_par' dir='ltr' id='par_1_6' title="bbox 247 5465 1601 5707">
     <span class='ocr_line' id='line_1_49' title="bbox 247 5465 1601 5620; baseline 0 -17"><span class='ocrx_word' id='word_1_485' title='bbox 247 5465 446 5613; x_wconf 45' lang='lat' dir='ltr'>tentuefflnssn</span> <span class='ocrx_word' id='word_1_486' title='bbox 469 5543 699 5620; x_wconf 64' lang='lat' dir='ltr'>deputationum</span> <span class='ocrx_word' id='word_1_487' title='bbox 720 5542 816 5603; x_wconf 85' lang='lat' dir='ltr'>ideam</span> <span class='ocrx_word' id='word_1_488' title='bbox 840 5541 971 5601; x_wconf 86' lang='lat' dir='ltr'>Bodiuus</span> <span class='ocrx_word' id='word_1_489' title='bbox 991 5542 1022 5599; x_wconf 89' lang='lat' dir='ltr'>in</span> <span class='ocrx_word' id='word_1_490' title='bbox 1044 5545 1171 5601; x_wconf 88' lang='lat' dir='ltr'>numeris</span> <span class='ocrx_word' id='word_1_491' title='bbox 1192 5544 1342 5619; x_wconf 85' lang='lat' dir='ltr'>proponit,</span> <span class='ocrx_word' id='word_1_492' title='bbox 1367 5515 1396 5601; x_wconf 82' lang='lat' dir='ltr'>et</span> <span class='ocrx_word' id='word_1_493' title='bbox 1417 5545 1541 5620; x_wconf 88' lang='lat' dir='ltr'>primum</span> <span class='ocrx_word' id='word_1_494' title='bbox 1564 5546 1601 5602; x_wconf 86' lang='lat' dir='ltr'>in·</span> 
     </span>
     <span class='ocr_line' id='line_1_50' title="bbox 247 5623 1593 5707; baseline 0.001 -17"><span class='ocrx_word' id='word_1_495' title='bbox 247 5631 293 5691; x_wconf 86' lang='lat' dir='ltr'>itis</span> <span class='ocrx_word' id='word_1_496' title='bbox 316 5633 351 5707; x_wconf 81' lang='lat'>4,</span> <span class='ocrx_word' id='word_1_497' title='bbox 382 5633 416 5707; x_wconf 83' lang='grc'>6,</span> <span class='ocrx_word' id='word_1_498' title='bbox 449 5635 477 5691; x_wconf 77' lang='lat' dir='ltr'>i.</span> <span class='ocrx_word' id='word_1_499' title='bbox 522 5630 580 5691; x_wconf 85' lang='lat' dir='ltr'>Hic</span> <span class='ocrx_word' id='word_1_500' title='bbox 603 5633 621 5688; x_wconf 79' lang='grc'>4</span> <span class='ocrx_word' id='word_1_501' title='bbox 644 5647 741 5706; x_wconf 81' lang='lat' dir='ltr'>regem</span> <span class='ocrx_word' id='word_1_502' title='bbox 770 5637 982 5704; x_wconf 86' lang='lat' dir='ltr'>repraesentat,</span> <span class='ocrx_word' id='word_1_503' title='bbox 1013 5623 1253 5705; x_wconf 78' lang='lat' dir='ltr'>tantilitatem,</span> <span class='ocrx_word' id='word_1_504' title='bbox 1283 5632 1415 5707; x_wconf 83' lang='lat' dir='ltr'>interque</span> <span class='ocrx_word' id='word_1_505' title='bbox 1444 5632 1498 5691; x_wconf 90' lang='lat' dir='ltr'>hos</span> <span class='ocrx_word' id='word_1_506' title='bbox 1528 5650 1593 5692; x_wconf 89' lang='lat' dir='ltr'>esse</span> 
     </span>
    </p>
   </div>
   <div class='ocr_carea' id='block_1_7' title="bbox 0 0 1846 7255">
    <p class='ocr_par' dir='ltr' id='par_1_7' title="bbox 0 0 1846 7255">
     <span class='ocr_line' id='line_1_51' title="bbox 0 0 1846 7255; baseline 0 0"><span class='ocrx_word' id='word_1_507' title='bbox 0 0 1846 7255; x_wconf 95' lang='lat' dir='ltr'> </span> 
     </span>
    </p>
   </div>
  </div>
 </body>
</html>
