3684 7259
763 1240 791 1294 in
808 1237 983 1295 Hermoninm
998 1234 1100 1293 Mundi.
1550 1239 1587 1297 11

352 1416 589 1495 sfgnmcationss
611 1432 803 1478 consonorum
824 1415 1052 1491 intervallorum,
1081 1418 1176 1493 capite
1199 1418 1301 1492 quinto
1322 1414 1498 1492 propositae,
1522 1418 1590 1472 sunt

243 1506 315 1566 illas
330 1504 410 1582 apud
427 1512 542 1565 veteres
557 1503 686 1567 Graecos
701 1506 837 1565 usitatas.
874 1503 1037 1574 Diserimsn
1060 1505 1134 1563 inter
1155 1511 1273 1566 cantum
1294 1502 1398 1561 durum
1420 1509 1449 1561 et
1471 1499 1589 1560 mollem

246 1589 328 1674 (cap.
349 1589 421 1673 VI.)
450 1590 597 1669 Keplerus
620 1609 656 1651 ex
677 1592 777 1652 circuli
801 1591 993 1651 divisionibus
1023 1593 1141 1668 repetit,
1172 1608 1230 1667 quo
1262 1590 1339 1650 iacto
1360 1591 1455 1666 pergit
1476 1587 1516 1647 ad
1537 1604 1591 1647 ex·

244 1680 415 1757 plicandam
437 1687 574 1740 octavam
597 1681 627 1737 in
647 1696 753 1755 genere
776 1678 840 1738 duri
863 1687 893 1739 et
913 1678 1009 1738 mollis
1032 1686 1134 1738 cantus
1158 1673 1238 1759 (cap.
1254 1672 1349 1758 vii).
1385 1676 1487 1753 Capite
1505 1674 1589 1734 VIII.

248 1767 447 1844 longitudines
469 1766 642 1827 chordarum
664 1766 702 1826 sd
725 1766 884 1826 eliciendos
905 1766 1038 1842 singulos
1059 1782 1147 1825 sonos
1170 1765 1369 1825 deseribuntur
1395 1771 1425 1823 st
1446 1763 1591 1847 capitibus

248 1854 424 1914 lX-XI.
447 1853 484 1915 de
506 1852 767 1930 significationibus
787 1853 966 1930 singularum
988 1860 1122 1913 notarum
1150 1863 1179 1913 et
1201 1852 1423 1929 digrammatum
1444 1854 1591 1909 variorum

248 1959 386 2002 sonorum
409 1945 513 2017 agitur.
547 1940 735 2017 Imperfectae
756 1943 965 2001 consonantiae
984 1943 1169 2001 nominantur
1182 1937 1263 2022 (cap.
1280 1935 1368 2021 XII.)
1391 1938 1590 1997 odelerium.

250 2030 356 2106 Capite
370 2028 458 2087 xiil.
482 2031 686 2104 interpretatur
699 2028 860 2104 Keplerus,
884 2027 955 2105 quid
977 2030 1015 2087 sit
1037 2030 1194 2087 concinnus
1217 2035 1246 2088 et
1266 2026 1456 2087 humansrum
1478 2027 1591 2085 aurium

251 2117 361 2194 judicio
383 2124 471 2193 aptus
493 2123 605 2190 cantus,
627 2118 674 2174 cui
697 2133 733 2175 ex
755 2115 879 2175 adverso
902 2118 1024 2192 opponit
1046 2123 1162 2175 cantum
1178 2115 1337 2176 ancarnm
1353 2121 1382 2174 et
1395 2113 1591 2190 Hungrornm,

254 2205 417 2264 omenes
435 2206 540 2279 potius
561 2205 768 2263 animantium
790 2220 874 2263 voces
895 2203 1065 2277 inauditos,
1097 2220 1191 2279 quom
1212 2203 1422 2266 bemasmerim
1444 2208 1593 2260 semrom

250 2294 449 2351 imitatorium.
495 2290 629 2363 (lantum,
653 2292 704 2366 qui
725 2307 794 2350 vere
815 2293 854 2349 sit
875 2298 991 2364 cantus,
1016 2289 1121 2350 debere
1144 2289 1231 2350 ordiri
1253 2307 1272 2349 e
1294 2296 1372 2350 certo
1394 2306 1466 2348 sono
1490 2295 1519 2346 et
1539 2304 1591 2362 per

251 2378 405 2438 intervalla
426 2379 568 2437 concinna
589 2378 627 2437 ad
649 2375 737 2437 sonos
760 2394 903 2437 consonos
927 2376 1055 2454 perduci.
1095 2376 1178 2453 Quae
1200 2379 1239 2436 sit
1259 2379 1334 2437 ratio
1357 2378 1431 2436 inter
1452 2375 1591 2434 sceletum

252 2478 281 2525 et
303 2482 424 2542 corpus,
456 2465 579 2526 eandem
601 2482 665 2524 esse
688 2464 793 2526 debere
815 2482 952 2524 sonorum
975 2481 1167 2525 consonorum
1189 2472 1219 2524 et
1240 2466 1314 2525 iuter
1335 2482 1367 2524 ss
1390 2470 1506 2523 etcum
1528 2463 1592 2520 basi

252 2560 375 2613 octavae
398 2551 436 2612 ad
459 2555 553 2628 ipsam
574 2551 732 2613 melodiam
753 2569 805 2613 scu
827 2560 954 2613 cantum.
1015 2552 1141 2613 Diversa
1162 2552 1299 2611 sonorum
1321 2568 1428 2628 genera
1449 2550 1591 2625 capitibus

252 2640 337 2699 XIV.
361 2647 391 2699 et
412 2639 483 2699 XV.
507 2642 717 2714 examinantur,
739 2642 785 2699 vis
810 2640 1000 2716 „commatis“
1026 2648 1055 2699 et
1076 2640 1201 2712 diversa,
1224 2657 1282 2716 qua
1304 2634 1418 2700 animus
1440 2637 1590 2710 alliciatur,

252 2729 339 2800 ratio,
371 2726 498 2803 denique
522 2735 636 2801 ‚cantus
670 2726 799 2803 figuralis
835 2726 1002 2787 illustratur.
1063 2726 1150 2787 Hune
1182 2744 1247 2787 esse
1280 2743 1389 2786 novum
1424 2731 1454 2785 et
1486 2740 1591 2784 nomen

251 2815 375 2887 habete,
408 2814 487 2891 quod
508 2816 593 2891 primi
614 2822 748 2874 auctores
770 2814 980 2890 diagrammata
1008 2830 1065 2874 non
1088 2816 1130 2874 ita
1151 2813 1295 2891 simplicia
1316 2815 1449 2888 fecerint,
1481 2820 1514 2871 ut
1535 2814 1594 2871 sint
1695 2853 1698 2858 ,

253 2904 282 2959 in
304 2900 419 2962 eborali
440 2909 537 2974 cantu
561 2900 613 2962 sed
635 2904 724 2961 variis
746 2905 792 2960 usi
813 2903 872 2960 siut
892 2901 993 2977 figuris
1015 2909 1046 2962 ot
1067 2901 1212 2963 coloribus
1234 2908 1264 2962 et
1285 2904 1409 2978 punctis.
1463 2899 1593 2976 Regulus

251 2990 322 3048 artis
346 2991 569 3064 composItoriae
591 2989 749 3049 artificibus
771 2990 842 3065 ipsis
864 2989 1009 3065 Keplerua
1031 2988 1167 3066 relinquit
1189 2988 1433 3066 comprobandam
1461 2986 1594 3047 sufficere

251 3079 317 3150 elbi,
341 3078 445 3151 inquit,
475 3077 636 3152 praemissa
658 3094 723 3136 cum
745 3076 784 3135 ad
805 3084 938 3135 naturam
961 3085 1062 3136 cantus
1085 3077 1294 3150 illustrandam,
1325 3084 1386 3135 tum
1408 3078 1534 3135 maxims
1556 3072 1593 3134 ad

251 3162 469 3240 speculationes
491 3163 558 3223 libri
579 3163 618 3224 V.
641 3165 798 3239 sequentis.
853 3166 1059 3223 Astronomum
1082 3167 1158 3224 enim
1180 3181 1213 3224 ss
1235 3162 1271 3223 ds
1291 3163 1391 3239 figuris
1413 3161 1593 3240 regularibus

251 3252 402 3327 disputare
423 3267 482 3310 non
504 3259 565 3311 tam
586 3253 760 3328 geometrice
782 3268 869 3327 quam
891 3247 1136 3313 astronomice'et
1156 3251 1363 3329 metaphysice,
1386 3258 1416 3309 et
1437 3252 1481 3309 sic
1505 3251 1594 3308 eiiam

253 3338 290 3399 de
312 3346 417 3397 nanim
438 3338 600 3398 rationIbus
622 3355 654 3398 se
676 3339 802 3398 scribere
824 3355 882 3397 non
904 3346 966 3398 tam
987 3341 1106 3408 musice,
1139 3356 1226 3415 quarn
1249 3340 1432 3415 geometrico,
1462 3336 1593 3414 physice,

253 3426 378 3500 deniqne
401 3434 434 3483 nt
453 3427 543 3501 prins,
574 3427 766 3486 astronomica
789 3434 819 3485 et
840 3426 1054 3503 metaphysice3
1085 3429 1154 3503 quia
1176 3428 1252 3486 sicut
1274 3425 1441 3502 corporibus
1464 3426 1593 3500 quinque

252 3511 435 3590 regularibus
452 3529 487 3571 ex
501 3514 668 3588 geometria,
691 3515 734 3572 sic
756 3515 845 3572 etiam
866 3514 1103 3590 proportionibus
1124 3522 1245 3589 totoque
1268 3521 1411 3591 apparatu
1425 3512 1593 3571 harmonico

253 3619 289 3661 ex
308 3601 426 3659 musica
448 3617 522 3676 opus
543 3600 651 3661 habeat
672 3598 711 3659 ad
733 3599 920 3676 explicandas
942 3617 1046 3660 causas
1068 3603 1264 3677 proportionis
1287 3602 1398 3660 orbium
1414 3599 1593 3660 coelestium.

253 3690 355 3747 Artem
376 3690 610 3763 compositorIam
625 3690 675 3763 qui
690 3687 800 3747 discere
816 3685 896 3762 velit,
920 3705 987 3747 sum
1009 3688 1089 3749 adire
1113 3688 1218 3749 debere
1239 3705 1328 3764 opera
1343 3687 1453 3747 Ariusii
1476 3682 1594 3767 (musici

251 3775 462 3848 Bononiensis,
491 3778 542 3850 qui
571 3792 647 3835 anno
679 3775 771 3833 1586.
802 3792 875 3851 opus
906 3775 942 3834 de
972 3774 1028 3835 hec
1055 3784 1117 3836 arte
1142 3776 1275 3836 Veneriis
1304 3771 1410 3857 edidit)
1444 3774 1490 3834 vel
1512 3772 1594 3834 Setbi

252 3862 374 3924 Calvisii
397 3864 454 3931 (eir.
473 3865 493 3918 i.
511 3883 538 3935 p.
556 3866 617 3936 384)
639 3861 688 3923 vel
709 3862 855 3922 Viucentii
878 3860 1014 3922 Galilaei.

355 3950 459 4009 Finem
480 3952 557 4008 tertii
579 3950 645 4009 llbri
659 3950 768 4008 iaciunt
782 3949 981 4010 additamenta
1003 3948 1041 4009 ad
1057 3967 1121 4026 cap.
1136 3950 1192 4011 lll.
1215 3951 1250 4010 de
1271 3949 1367 4009 itibus
1388 3948 1595 4008 medietatibus

252 4035 395 4112 ἀίφνασίο
413 4038 554 4112 politico,
584 4038 639 4096 sub
662 4039 774 4095 initium
797 4054 860 4113 cap.
883 4037 939 4120 III.
963 4054 981 4098 a
1003 4038 1088 4096 nobis
1110 4039 1234 4114 signata.
1256 4081 1260 4098 .
1286 4035 1369 4095 Haec
1396 4035 1595 4097 additamenta

250 4140 302 4200 pro
325 4126 564 4200 interpretatione
586 4126 682 4201 operis
709 4123 759 4186 Jo.
775 4119 883 4184 Bodini
914 4124 979 4197 „De
993 4123 1143 4201 republica
1156 4125 1222 4184 llbri
1237 4126 1307 4184 sex“
1326 4119 1443 4204 (1596)
1460 4122 1596 4184 habenda

252 4217 321 4269 sunt
345 4219 374 4271 at
397 4229 415 4270 a
436 4209 564 4288 Keplero
587 4228 709 4285 annexa,
738 4219 775 4271 ut
796 4212 930 4270 taedium
952 4229 1144 4273 morosas-itm
1165 4213 1456 4273 demonstrationes
1478 4212 1594 4270 metite·

250 4300 436 4357 mciicomm
471 4302 696 4373 interpositione
726 4300 889 4373 popularia
920 4300 1078 4374 iucundae
1112 4304 1259 4359 montiae
1293 4300 1409 4357 leniret.
1466 4298 1595 4357 PrImum

250 4386 386 4446 notiones
409 4384 445 4445 de
466 4386 701 4462 proportionibus
723 4385 914 4446 arithmeticIs
937 4394 966 4445 et
987 4388 1169 4462 geometricis
1191 4385 1339 4447 aBodino
1362 4385 1436 4445 ialso
1459 4385 1594 4446 definitae

252 4472 450 4547 emendantur,
474 4472 578 4534 deinde
600 4473 771 4533 admoram
794 4472 977 4550 disciplinam
1000 4483 1029 4534 st
1050 4475 1199 4551 politicam
1220 4474 1336 4534 Bodino
1360 4481 1477 4534 anctore
1499 4481 1595 4532 usos-

252 4561 389 4633 lernntnr,
420 4559 545 4637 deniqne
576 4560 682 4621 Bodini
710 4562 873 4620 sententias
904 4577 970 4621 cum
1002 4565 1063 4621 suis
1092 4561 1128 4642 de
1159 4562 1329 4623 coelestium
1360 4568 1491 4621 motuum
1522 4576 1595 4620 con-

250 4648 402 4723 junctione
418 4664 490 4719 ,cnm
512 4649 693 4708 terrestribus
716 4656 928 4724 comparantur.
1419 4675 1424 4685 ·

360 4733 521 4810 Quartus
542 4734 721 4795 Harmoniae
748 4734 821 4794 liber
843 4737 905 4810 agit
926 4729 1051 4794 manime
1074 4735 1110 4794 de
1132 4730 1299 4813 aspectibus
1325 4750 1481 4810 earumque
1504 4734 1536 4793 vi
1557 4732 1595 4792 ad

252 4830 386 4883 numam
415 4829 588 4883 terrestrem.
643 4822 700 4882 Sed
729 4831 762 4882 ut
787 4824 925 4882 transitus
954 4822 1005 4880 fiat
1032 4839 1050 4880 a
1080 4823 1224 4898 priorIbus
1251 4823 1289 4885 ad
1320 4822 1395 4883 hano
1426 4820 1596 4881 harmoniae

252 4917 372 4986 partem,
404 4909 550 4986 Keplerus
576 4911 736 4986 praemittit
765 4912 861 4969 varias
891 4909 928 4971 de
958 4908 1116 4969 harmoniis
1139 4909 1364 4987 disquisitiones,
1397 4925 1472 4985 qnae
1495 4907 1594 4969 ordine

253 4996 419 5057 referendae
442 4997 528 5056 nobis
550 5006 627 5057 sunt.
672 4997 801 5056 Primum
824 4994 905 5078 (cap.
921 4993 963 5078 Ι.)
986 5004 1090 5057 natura
1111 4998 1343 5059 harmonicorum
1353 4997 1593 5074 proportionum,

253 5093 311 5144 mm
339 5083 522 5144 sensibilium
551 5102 637 5159 qnam
664 5083 904 5144 intellectualium
929 5085 1097 5147 illustratur.
1143 5086 1190 5145 Ad
1211 5104 1270 5145 eeae
1290 5085 1504 5144 harmoniarum
1526 5100 1596 5143 sen-

253 5171 380 5231 sibilium
403 5176 576 5231 concurrunt
599 5179 724 5248 quatuor
746 5174 818 5230 ista:
854 5174 886 5250 i)
909 5171 985 5231 duae
1006 5190 1052 5232 res
1075 5173 1205 5247 sensiles,
1238 5176 1271 5247 2)
1295 5173 1391 5231 anima
1413 5187 1593 5247 comparans,

254 5255 288 5340 3)
310 5261 440 5335 receptio
463 5261 631 5333 introrsum,
663 5255 699 5340 t)
723 5257 828 5319 idonea
849 5262 1008 5336 proportio.
1054 5260 1088 5319 In
1111 5259 1287 5335 inquirendis
1309 5264 1433 5334 quatuor
1455 5257 1502 5318 his
1523 5276 1595 5318 con-

253 5345 411 5406 ditionibus
443 5349 598 5407 recurritur
629 5346 667 5406 ad
696 5348 828 5405 musicos
852 5364 941 5406 sonos
971 5364 1081 5424 sesque
1112 5347 1155 5406 bis
1187 5346 1388 5425 illustranturq
1417 5344 1503 5405 simul
1536 5346 1595 5406 ella

254 5434 409 5494 aduruntur
432 5442 461 5494 et
487 5436 652 5512 „receptio“
676 5436 800 5494 maxime
823 5441 856 5492 nt
879 5437 924 5494 vis
947 5434 1063 5511 duplex,
1086 5435 1190 5510 partim
1206 5433 1320 5508 agendo
1334 5436 1439 5510 partim
1454 5432 1594 5511 patiendo

255 5524 427 5598 mmpicua,
460 5523 592 5598 variique
623 5519 732 5598 gradum
762 5522 932 5597 passionum
965 5539 1061 5597 aquae
1094 5519 1225 5598 exemplo
1260 5520 1451 5581 illustrantur:
1484 5523 1594 5598 patitur

254 5626 343 5685 aqna,
374 5607 444 5667 dnm
472 5608 587 5685 egelida
614 5610 741 5693 existens
764 5610 879 5684 ignibus
906 5608 1032 5669 admotis
1054 5610 1188 5753 tegeseit,
1219 5610 1328 5686 patitur
1349 5609 1452 5669 humor
1474 5608 1595 5668 humec-

254 5695 340 5776 tando
361 5694 460 5772 arlda,
482 5699 592 5774 patitur
613 5712 692 5774 aqua
712 5697 743 5756 in
763 5704 898 5774 gustata,
930 5713 995 5757 cum
1018 5714 1037 5756 a
1057 5695 1079 5755 li
1099 5712 1159 5772 gua
1179 5698 1368 5776 contingitur,
1400 5714 1465 5758 cum
1487 5697 1593 5757 antimo
