3684 7259
307 1158 371 1216 424
434 1218 436 1230 ,
515 1170 520 1185 ··
771 1109 937 1222 dppendicis
955 1152 1178 1207 Harmonicornm
1203 1175 1209 1182 ·

233 1357 240 1366 ··
306 1333 380 1392 torte
403 1328 498 1389 minui
521 1337 651 1390 attentus
675 1330 713 1389 ad
735 1331 890 1391 verborum
912 1349 1042 1392 meorum
1067 1349 1185 1391 sensum
1207 1332 1282 1410 suit,
1306 1336 1481 1391 contemtum
1504 1327 1653 1407 operiatui

294 1419 437 1479 ¹vicissim
460 1414 607 1496 exuat.⁴⁸)
682 1492 694 1497 α
960 1471 962 1476 2
1114 1412 1115 1416 ’
1407 1411 1410 1417 “
1466 1465 1470 1473 ,
1622 1488 1625 1492 ⁴

394 1505 523 1564 Primum
546 1507 621 1564 lacio
645 1504 797 1565 discrimen
823 1509 850 1563 in
874 1509 1005 1564 materia.
1052 1508 1127 1566 Nam
1149 1523 1215 1565 cum
1239 1504 1312 1563 nihil
1333 1505 1372 1562 sit
1396 1505 1425 1560 in
1448 1510 1510 1562 toto
1534 1503 1651 1575 ntundo,

307 1591 386 1669 quod
416 1596 515 1669 operis
545 1595 587 1650 tui
617 1592 778 1670 amplitudo
810 1609 867 1650 uon
899 1583 1123 1669 complectatur,
1155 1594 1191 1653 de
1216 1594 1317 1652 ceteris
1345 1591 1461 1667 quidem
1493 1593 1589 1666 operis
1612 1593 1652 1648 tui

308 1680 439 1759 partibus
470 1697 545 1737 unus
575 1697 630 1755 ego
661 1698 718 1737 non
743 1679 889 1738 intercedo
913 1682 1057 1756 sullragiis
1091 1690 1133 1741 tot
1156 1680 1307 1740 doctorum
1330 1682 1471 1749 virorum,
1508 1696 1583 1754 qnae
1607 1677 1651 1735 al-

306 1767 405 1864 legasi
428 1766 507 1842 quod
532 1784 600 1826 vero
623 1779 736 1843 partem
759 1766 842 1825 illam
865 1770 969 1827 attinet
992 1769 1228 1847 mathematicas,
1251 1784 1326 1844 quae
1350 1765 1516 1824 harmonice
1540 1765 1651 1837 dicitur,

309 1870 394 1931 spero
418 1854 562 1929 equidem,
586 1872 632 1913 me
655 1855 897 1929 diagrammaturn
920 1873 1050 1914 meorum
1074 1874 1197 1933 operosa
1221 1852 1413 1933 suppellectili
1440 1852 1653 1930 demonstrasse

306 1941 463 2000 lectoribus
495 1944 642 2017 egregiam
674 1941 873 2016 voluntatem,
906 1952 1043 2002 conatum
1074 1963 1125 2004 seu
1152 1947 1271 2014 nuum,
1310 1958 1357 1998 res
1386 1944 1467 2014 ipsas
1499 1941 1672 1998 involutas·

308 2028 487 2088 obscuritate
510 2032 543 2086 in
565 2030 640 2087 lucis
662 2017 844 2088 intellectum
866 2031 1058 2106 proferendi,
1092 2050 1156 2090 cum
1180 2039 1211 2089 tu
1235 2030 1362 2088 vicissim
1384 2026 1554 2095 harmonica
1577 2038 1653 2086 trac·

307 2124 351 2175 tes
375 2115 462 2192 paulo
485 2115 586 2189 aliter,
617 2116 727 2191 illaque
750 2115 962 2191 quantitatibus
992 2117 1033 2198 (id
1057 2128 1101 2177 est
1129 2137 1195 2179 meo
1214 2117 1328 2193 judicio
1357 2106 1422 2174 lu‘cs
1440 2107 1510 2191 sua)
1533 2115 1652 2191 spolies.

308 2203 384 2262 Nam
407 2203 463 2262 hoc
486 2202 645 2262 secundum
664 2204 726 2278 jam
749 2211 794 2262 est
818 2203 971 2272 discrimen
995 2206 1211 2265 observandum
1234 2208 1262 2261 in
1284 2203 1380 2262 verbis
1396 2203 1477 2276 meis,
1501 2201 1580 2277 quod
1604 2201 1654 2264 illa

308 2307 366 2348 non
391 2290 427 2348 de
450 2290 601 2368 proiectu,
632 2290 683 2348 sed
708 2290 873 2349 decanatu
901 2290 1070 2367 loquuntur.
1116 2291 1194 2367 Quid
1223 2293 1312 2367 igitur
1334 2290 1385 2349 tibi
1415 2291 1454 2348 sit
1485 2290 1563 2347 circa
1585 2289 1653 2347 har-

309 2380 426 2436 monica
449 2380 639 2453 propositum,
660 2378 721 2452 jam
744 2395 832 2453 supra
856 2378 963 2449 dixisti,
988 2381 1086 2438 marita
1108 2384 1141 2438 in
1152 2389 1257 2455 pauca
1273 2395 1465 2456 concrepare,
1486 2384 1654 2435 extractam

310 2466 500 2537 harmonicen
521 2468 680 2523 essentiam
696 2466 839 2541 colligere,
862 2467 1067 2542 faeculentam
1082 2455 1512 2545 substantiane(quautitatum‚
1537 2474 1568 2520 ut
1583 2465 1655 2523 inira

311 2550 451 2631 explicas)
473 2553 603 2626 rejicere,
628 2552 709 2626 quod
731 2552 843 2611 bonurn
866 2561 907 2611 cst
928 2558 962 2612 in
983 2572 1038 2613 suo
1050 2558 1177 2631 proprio
1199 2552 1323 2630 sermm
1336 2549 1415 2631 (suut
1431 2559 1529 2610 autem
1546 2550 1654 2626 figurae

308 2638 564 2720 hieroglyphicas,
594 2640 649 2697 hoc
679 2646 724 2697 est
753 2639 931 2716 aenigmata)
961 2642 1112 2702 collocare.
1158 2640 1224 2701 Hoc
1252 2637 1328 2700 anim
1351 2639 1405 2699 tibi
1428 2648 1472 2697 est
1501 2657 1652 2697 arcanum

305 2729 445 2785 scientiae
476 2726 623 2802 magere,
656 2727 805 2786 occrdtum
827 2728 1031 2804 manifestare,
1055 2732 1080 2785 si
1101 2732 1148 2788 rei
1166 2726 1362 2788 harmonicae
1381 2734 1499 2786 natura
1521 2729 1652 2801 interna,

307 2814 435 2873 vestibus
457 2822 552 2890 cruta>
572 2814 800 2891 (quantitatum),
831 2814 1009 2873 includatur
1028 2812 1146 2891 tipurue
1166 2813 1406 2897 hieroglyphicuc
1426 2820 1560 2872 naturae
1582 2832 1654 2871 suae

308 2911 360 2959 tuo
380 2900 493 2976 judicio
515 2905 614 2976 magia
636 2908 746 2975 aptae„
759 2909 794 2959 ut
815 2904 849 2958 in
871 2920 907 2959 ca
930 2909 1080 2977 tanquam
1102 2906 1137 2959 in
1157 2903 1277 2978 speculo
1299 2899 1347 2962 vel
1369 2901 1536 2977 aenigmate
1558 2904 1654 2969 cartus

309 2990 372 3060 ejus
395 2988 507 3063 absque
529 2991 706 3046 circuitione
727 2989 888 3047 verborum
912 2990 1005 3047 oculis
1029 2998 1056 3047 et
1078 2993 1183 3048 animo
1199 2989 1411 3065 conspiciatur.
1456 2985 1542 3061 Quod
1567 2990 1653 3063 igitur

308 3068 477 3152 aenigmata
499 3082 564 3146 tua,
598 3075 768 3134 harmonica
799 3077 934 3151 inquam,
967 3078 1121 3135 tenebrosa
1144 3074 1277 3154 appello,
1306 3076 1412 3151 loquor
1435 3092 1470 3133 cx
1490 3074 1602 3149 judicio
1626 3086 1653 3135 et

308 3170 394 3238 captu
417 3181 496 3237 meo,
530 3170 559 3220 et
580 3162 677 3221 habeo
700 3171 729 3221 te
752 3161 1067 3239 astipulatorem„qui
1095 3166 1199 3238 negas,
1232 3172 1311 3222 tuam
1335 3164 1523 3235 intentionem
1547 3163 1651 3236 subjici

308 3250 602 3309 demonstrationibus
626 3249 852 3321 mathematicis,
881 3252 943 3308 sine
967 3252 1073 3326 quibus
1098 3268 1153 3326 ego
1177 3268 1384 3323 successuum
1415 3249 1466 3307 tibi
1492 3259 1523 3306 tu
1548 3251 1653 3308 videris

307 3337 534 3396 luculentissime
569 3339 666 3395 omnia
696 3336 871 3413 depingere,
905 3336 1004 3413 figuris
1035 3338 1262 3415 hieroglyphicis
1297 3336 1383 3396 valde
1419 3336 1651 3411 significantibus

308 3424 461 3502 explicare.
506 3425 543 3483 Et
564 3423 637 3482 illud
659 3423 730 3482 mihi
753 3432 783 3482 et
805 3425 857 3483 tibi
881 3423 937 3483 hoc
961 3424 1094 3499 videtur;
1124 3425 1306 3502 abundemus
1335 3433 1455 3498 uterque
1479 3441 1532 3481 suo
1556 3443 1652 3496 sensu,

308 3512 420 3586 judicet
442 3511 533 3571 lector
555 3519 585 3570 et
608 3513 771 3588 composita
792 3510 828 3570 lis
852 3514 914 3571 erit.
962 3511 1038 3570 Illud
1062 3512 1155 3571 solum
1179 3514 1249 3571 mihi
1268 3511 1458 3589 relinquatur,
1480 3510 1654 3585 quodnulla
1726 3564 1731 3575 ,

311 3600 417 3674 injuria
439 3616 492 3658 nec
515 3608 565 3672 tuo
589 3601 618 3655 in
642 3599 818 3657 harmonicis
840 3616 930 3675 scopo
954 3603 1157 3678 aenigmatag,
1172 3619 1224 3659 nec
1246 3617 1311 3658 urso
1333 3600 1450 3659 conatui
1473 3616 1569 3658 rerum
1601 3600 1654 3658 ob-

314 3703 464 3745 scararum
481 3687 713 3763 explicationem,
739 3702 815 3761 quae
838 3685 870 3743 fit
892 3705 944 3762 per
966 3688 1064 3759 verba,
1080 3696 1107 3745 ct
1132 3689 1231 3763 quant·
1342 3687 1438 3744 tribui.
1483 3685 1559 3744 Naru
1582 3686 1653 3744 illud

310 3772 346 3832 de
369 3781 419 3831 tuo
443 3791 531 3850 scopo
552 3774 614 3849 jam
638 3773 733 3831 verbis
756 3775 813 3831 tuis
837 3775 927 3848 ipsius
950 3775 1083 3849 probavi,
1107 3774 1162 3834 lroc
1184 3669 1431 3928 deamata
1454 3791 1567 3832 rursum
1594 3782 1653 3834 tuto

308 3862 370 3937 ipse
394 3861 507 3937 analysi
530 3878 607 3918 nona
638 3878 668 3919 es
692 3861 804 3931 lassus,
834 3877 881 3919 nra
904 3864 1109 3921 consonantias
1134 3863 1263 3935 coelo,'·'
1296 3877 1356 3931 rra,
1389 3877 1445 3923 non
1469 3860 1582 3919 meliori
1606 3864 1654 3918 via

280 3998 282 4009 .
310 3965 398 4024 quam
421 3948 634 4022 longitudinum
658 3949 843 4024 proportione
867 3947 1019 4008 enucleare
1042 3966 1138 4025 posse.
1182 3951 1220 4009 Et
1234 3951 1343 4024 passim
1361 3948 1567 4006 verbositatem
1584 3948 1653 4024 mihi

311 4035 428 4111 objicis,
464 4053 522 4111 qua
544 4053 574 4093 re
597 4035 831 4110 perspicuitatem
863 4038 963 4110 utique
986 4034 1114 4094 solemus
1137 4037 1286 4108 aliectare,
1319 4053 1382 4093 cum
1406 4041 1437 4091 tu
1467 4053 1555 4111 saepe
1587 4036 1652 4095 loco

309 4124 472 4197 verborum,
497 4140 572 4198 quae
595 4140 729 4192 recusas,
754 4120 893 4180 exhibeas
914 4125 1053 4197 picturas.
1475 4161 1477 4164 v

396 4211 498 4286 Neque
521 4219 619 4268 tamen
641 4210 699 4268 hoc
721 4208 796 4267 idern
820 4221 879 4283 est,
904 4227 939 4268 ac
962 4214 987 4268 si
1010 4218 1037 4270 te
1061 4209 1199 4268 dixissem
1226 4209 1322 4267 celare
1343 4212 1486 4283 mysteria
1510 4219 1653 4284 crateram,

312 4298 390 4372 quod
414 4309 457 4356 cst
480 4299 631 4375 propositi.
678 4298 739 4355 litai
762 4298 839 4356 enirn
862 4297 948 4364 mihi,
973 4301 1023 4373 qui
1047 4297 1260 4356 mathematicis
1283 4294 1580 4356 demonstrationibus
1603 4317 1654 4357 as·

312 4386 407 4463 suevi,
435 4385 558 4443 multum
588 4384 771 4443 tenebrarum
796 4384 949 4452 offundunt
980 4388 1013 4441 in
1038 4386 1214 4443 harmonicis
1243 4383 1462 4459 hieroglyphice
1491 4394 1558 4458 tua,
1593 4386 1655 4444 tieri

311 4480 409 4530 tamen
431 4480 529 4549 potest
556 4482 585 4531 et
614 4473 722 4529 laetum
746 4472 849 4544 credo,
883 4482 915 4530 ut
939 4481 969 4532 tn
994 4474 1223 4539 existimaveris,
1253 4480 1281 4530 te
1305 4471 1533 4531 luculentissime
1557 4478 1655 4534 cannia

312 4555 529 4640 depingere.⁴⁵)
575 4558 710 4634 Quiane
734 4558 790 4617 hoc
813 4558 930 4635 quidem
953 4577 1043 4619 ausus
1067 4561 1183 4619 inissem
1208 4558 1321 4631 dicere,
1345 4559 1423 4633 quod
1446 4568 1477 4616 tu
1510 4580 1577 4637 pag.
1605 4565 1652 4619 12.

313 4645 350 4705 de
375 4652 407 4706 te'
427 4646 504 4706 credi
529 4649 588 4724 vis,
620 4655 648 4705 te
672 4646 787 4706 occulta
811 4665 861 4722 pro
884 4664 971 4722 posse
994 4648 1210 4719 manifestasse,
1239 4663 1306 4705 nam
1329 4647 1412 4722 plura
1434 4647 1481 4705 lrie
1504 4658 1533 4707 tc
1558 4666 1653 4726 posse,

313 4751 402 4809 qnam
425 4751 484 4793 una
507 4730 681 4795 vice'libuit
704 4741 868 4808 praestare,
890 4734 990 4793 malim
1014 4736 1138 4794 credere.

400 4820 483 4897 Quae
507 4822 643 4897 deinceps
666 4829 821 4897 praecepta
845 4824 1008 4899 sapientum
1033 4833 1094 4881 tute
1118 4822 1170 4879 tibi
1195 4822 1250 4897 ipsi
1274 4820 1391 4895 objicis,
1415 4825 1554 4897 mysteria
1576 4823 1655 4899 phy-

311 4912 373 4971 sica
396 4910 547 4982 revelanti,
572 4928 607 4968 ea
631 4908 717 4967 velim
741 4927 759 4967 a
781 4911 890 4984 teipso
907 4908 1039 4968 dissolvi.
1085 4911 1219 4968 Forsitan
1238 4910 1315 4966 enirn
1331 4907 1442 4981 aliquid
1459 4909 1572 4981 afferes,
1596 4928 1654 4985 quo

311 5006 340 5057 et
363 5000 426 5073 ipse
449 5000 522 5056 tueri
546 5015 591 5054 me
614 4999 733 5071 possim,
756 4997 922 5055 harmonias
947 4998 1087 5056 coelestes
1110 4998 1139 5053 in
1161 4996 1254 5054 lucem
1278 4996 1424 5069 proterens
1449 4997 1653 5055 stridentium

309 5088 343 5143 in
365 5088 488 5143 scientia
509 5091 620 5141 secretu
642 5101 793 5141 recusans.
841 5083 917 5157 Quin
943 5086 1030 5142 etiam
1053 5084 1106 5142 tibi
1129 5085 1184 5159 ipsi
1207 5085 1359 5157 quaerenti
1383 5090 1444 5141 tute
1466 5083 1652 5160 respondeto,

310 5190 371 5245 cur,
395 5189 460 5230 curn
482 5189 589 5233 arcana
611 5169 734 5247 physica
755 5170 863 5230 mundo
886 5170 1071 5248 propalatum
1095 5189 1159 5243 eas,
1193 5172 1409 5245 aenigmatibus
1440 5173 1539 5245 potius
1562 5175 1653 5230 utaris

308 5261 337 5315 in
360 5261 454 5318 vicem
476 5244 640 5319 s'ermonis'i

398 5345 514 5421 Quaero
539 5347 666 5404 vicissim
690 5361 754 5420 ego,
778 5362 828 5404 cur
850 5362 1023 5404 succenseas
1045 5344 1125 5417 mihi,
1150 5346 1315 5420 aenigmata
1337 5346 1388 5402 tibi
1414 5344 1559 5414 tribuenti,
1588 5364 1652 5405 curn

310 5432 366 5490 hac
397 5435 461 5511 ipsa
483 5451 569 5509 super
598 5450 628 5491 re
650 5441 716 5505 tam
740 5449 860 5508 operose
884 5441 913 5492 te
937 5430 1148 5492 defendendum
1172 5432 1224 5489 tibi
1258 5432 1375 5490 alinea
1402 5433 1449 5489 16.
1478 5435 1666 5507 putaverisl‘

309 5519 413 5579 Nonne
437 5538 505 5596 ergo
530 5521 628 5578 lateris
651 5520 818 5595 aenigmata
840 5520 1003 5592 tenebrosa,
1028 5522 1146 5578 sirecte
1169 5538 1187 5578 a
1209 5526 1238 5577 tc
1263 5526 1403 5594 usurpata
1422 5520 1596 5593 contendis,
1628 5524 1653 5580 si

310 5608 450 5689 exemplis
472 5615 501 5667 te
524 5609 637 5686 magnis
660 5607 779 5667 munis?
822 5606 943 5668 Licetne
973 5607 1043 5667 mihi
1067 5615 1148 5667 tuum
1177 5610 1311 5665 intanta
1335 5608 1476 5665 sermonis
1508 5610 1652 5687 inaequa-
