3684 7259
705 1235 963 1294 -Demomtretione
999 1236 1120 1295 Liberi
1546 1241 1589 1303 83

243 1416 342 1494 potuit
363 1415 529 1491 significare
551 1414 687 1489 Terram,
711 1423 741 1476 et
763 1415 871 1477 mundo
894 1415 1095 1477 dodeoaidron
1118 1416 1253 1490 adscribi,
1276 1418 1346 1493 qnia
1367 1416 1474 1478 Terrae
1498 1419 1589 1477 curri-

244 1503 345 1564 culum
367 1503 423 1563 hac
445 1503 539 1579 figura
561 1506 739 1576 continetur,
773 1505 925 1564 duodecim
954 1503 1143 1581 longitudinis
1172 1504 1304 1580 partibus
1334 1504 1517 1579 distinctum,
1548 1507 1591 1565 uti

244 1589 297 1650 illa
318 1591 413 1667 figura
435 1590 591 1650 duodecim
621 1599 681 1651 toto
709 1592 821 1650 ambitu
845 1593 940 1669 planis
963 1594 1134 1652 continetur.
1179 1590 1264 1667 Quod
1286 1594 1373 1667 igitur
1394 1595 1423 1649 iu
1446 1595 1591 1671 mysteriis

243 1677 499 1756 Pythagoreorum
526 1677 583 1738 hoc
614 1686 701 1755 pacto
732 1683 860 1756 quinque
890 1680 1000 1755 figurae
1031 1680 1202 1738 distributae
1224 1680 1329 1738 inerint
1352 1695 1410 1738 non
1433 1682 1507 1740 inter
1530 1680 1591 1741 ele-

244 1773 354 1839 menta,
378 1776 411 1826 ut
429 1766 602 1848 Aristoteles
618 1764 748 1839 eredidit,
771 1767 822 1826 sed
845 1769 919 1825 inter
943 1769 1023 1843 ipsos
1037 1768 1187 1843 planetas,
1212 1766 1283 1824 illud
1308 1765 1354 1824 vel
1369 1771 1502 1854 ,maxime
1520 1785 1592 1827 con-

245 1853 350 1927 ilrmat,
374 1852 453 1930 quod
469 1852 591 1914 Procius
614 1854 700 1914 tinem
722 1857 900 1930 geometriae
922 1856 999 1913 inter
1022 1862 1134 1914 ceteros
1157 1854 1234 1912 hunc
1256 1852 1352 1928 tradit,
1376 1855 1455 1930 quod
1478 1856 1590 1929 doceat,

247 1957 307 2018 quo
329 1941 418 2001 modo
440 1940 548 2017 tignras
570 1945 777 2002 convenientes
801 1942 914 2002 coelum
941 1944 1026 2001 certis
1048 1944 1093 2001 sni
1115 1943 1246 2018 partibus
1269 1946 1421 2018 acceperit.

333 2027 465 2088 Necdum
494 2028 561 2087 finis
591 2038 636 2088 est
658 2029 772 2103 damni,
803 2029 882 2105 qnod
904 2029 1016 2089 Romus
1038 2031 1123 2089 nobis
1145 2027 1243 2104 dedit3
1272 2045 1339 2089 ecce
1361 2029 1592 2089 sollertissimum

245 2125 460 2193 geomeuamm
481 2115 688 2176 hodiernorum
709 2116 865 2190 Suellium,
888 2117 977 2193 pianc
999 2118 1207 2194 suffragantem
1229 2115 1337 2190 Romo,
1361 2118 1540 2193 praefatione
1562 2118 1592 2174 in
1650 2170 1657 2180 ,

245 2202 398 2279 Lndolphi
422 2221 440 2262 a
463 2201 582 2262 (ioellen
604 2201 840 2281 Problemata²lz
864 2208 988 2280 primum
1002 2207 1052 2279 ait,
1076 2205 1118 2264 ad
1139 2222 1229 2263 usam
1244 2205 1381 2263 inutilem
1398 2222 1455 2263 esee
1470 2204 1593 2264 divuio-

245 2308 317 2350 nem
346 2291 432 2350 illum
460 2290 661 2367 ineffabilium
691 2295 724 2351 in
747 2292 887 2351 tredecim
908 2296 1025 2367 menies.
1070 2291 1219 2363 Concedo,
1251 2293 1276 2349 si
1304 2291 1413 2350 nullum
1437 2292 1485 2350 ille
1509 2309 1593 2350 usum

250 2385 405 2454 agnosca,
434 2379 490 2436 nisi
513 2381 542 2435 in
567 2379 628 2438 vita
647 2383 796 2456 communi
825 2387 853 2439 et
876 2382 900 2437 si
922 2379 1022 2438 nullus
1051 2377 1327 2455 contemplationum
1349 2377 1534 2456 physicarum
1557 2382 1595 2437 sit

248 2483 321 2526 nens
343 2464 381 2525 ad
406 2467 505 2524 sitam
550 2466 591 2525 At
613 2483 663 2525 cur
685 2485 743 2527 non
766 2467 901 2526 Proclnm
931 2470 1076 2544 seqnitur,
1109 2483 1196 2542 quem
1223 2465 1347 2542 allegat,
1380 2468 1430 2542 qui
1461 2468 1593 2546 agnoscit

247 2551 370 2629 aliquod
397 2552 494 2627 majus
522 2557 700 2629 geometriae
727 2556 850 2628 bonum,
881 2572 970 2630 qnam
999 2563 1067 2613 sunt
1083 2563 1171 2613 -artes
1203 2554 1241 2612 ad
1269 2559 1360 2613 vitam
1389 2552 1592 2613 necessariae?

247 2648 319 2701 tune
340 2639 476 2715 equidem
499 2640 528 2699 ct
550 2639 654 2700 decimi
677 2641 743 2701 libri
766 2660 836 2702 usus
858 2644 1042 2719 apparuisset
1072 2644 1100 2699 in
1130 2640 1319 2700 aestimandis
1347 2640 1502 2718 figurarum
1524 2657 1593 2717 spe-

247 2730 361 2789 ciebus.
407 2727 526 2802 Allegst
547 2727 674 2789 Suellins
697 2738 831 2790 auctores
858 2738 1037 2805 geometras,
1067 2731 1118 2805 qni
1146 2745 1203 2787 nou
1233 2735 1351 2787 utantur
1378 2729 1452 2788 libro
1482 2727 1593 2787 decimo

201 2823 206 2838 '
246 2814 390 2875 Euclidis.
435 2814 513 2875 Sanc
537 2832 636 2875 omnes
659 2816 701 2874 illi
724 2826 777 2878 aut
798 2817 920 2877 linearia
943 2823 1068 2878 tractent
1089 2816 1271 2893 problemata
1293 2824 1345 2875 ant
1367 2815 1477 2889 solida,
1506 2814 1593 2875 etde

247 2902 350 2979 liguris
374 2901 422 2962 vel
444 2905 657 2978 quantitatibus
679 2904 796 2980 talibus,
821 2922 896 2981 quae
919 2920 977 2964 non
1000 2906 1109 2965 habent
1131 2903 1216 2963 linem
1238 2921 1323 2963 suum
1346 2906 1427 2962 intra
1444 2920 1521 2982 sese,
1542 2900 1594 2961 sed

247 2990 402 3051 mmitests
426 2990 548 3050 tendunt
570 2989 607 3050 ad
631 3008 701 3050 usus
723 2993 798 3052 alios
820 3009 873 3052 nec
895 2994 959 3051 sine
981 2995 1017 3052 iis
1041 2994 1267 3069 exquirerentur.
1313 2992 1352 3049 Αι
1374 2990 1484 3067 figurae
1507 3006 1594 3066 regu·

248 3078 328 3138 lares
349 3086 466 3154 propter
486 3096 519 3137 se
541 3080 620 3155 ipsas
643 3082 832 3155 exquiruntur
852 3088 886 3137 ut
907 3079 1067 3157 archetypi,
1090 3072 1174 3139 sua'm
1196 3082 1225 3136 in
1248 3096 1280 3138 se
1303 3079 1374 3155 ipsis
1396 3078 1505 3137 babent
1526 3094 1595 3153 per-

249 3165 406 3226 lechonem
429 3169 554 3241 suntque
576 3169 650 3225 inter
672 3168 806 3243 subjecta
826 3167 980 3244 planorum
1002 3167 1232 3244 problematum,
1255 3167 1486 3239 nonobstante,
1511 3161 1590 3241 quod

249 3253 348 3331 planis
370 3252 476 3314 hedris·
489 3252 616 3314 solidum
639 3256 728 3313 etiam
750 3255 909 3314 clauditur:
934 3256 1067 3316 similiter
1089 3265 1119 3315 et
1140 3256 1245 3315 decimi
1267 3253 1334 3312 libri
1355 3254 1477 3311 materia
1498 3253 1596 3328 potis-

249 3342 357 3399 simum
380 3339 417 3398 ad
441 3340 531 3416 plana
552 3342 686 3417 pertinet
731 3342 790 3401 Cur
812 3346 898 3419 igitur
921 3343 1117 3420 allegarentur
1139 3341 1354 3417 heterogeueai
1383 3348 1434 3399 ant
1457 3355 1506 3397 cnr
1529 3338 1596 3398 vilis

251 3431 424 3488 aestimatur
447 3446 541 3500 merx,
573 3446 662 3504 quam
684 3446 742 3487 uon
765 3433 834 3489 emit
858 3429 985 3505 Codrds,
1017 3427 1049 3490 ιιι
1078 3449 1112 3491 ea
1135 3439 1265 3490 ventrem
1287 3437 1405 3506 paseat,
1434 3429 1503 3486 emit
1526 3442 1596 3485 vero

252 3514 419 3591 Cleopatra,
444 3523 476 3573 ut
499 3532 582 3575 aures
606 3515 706 3574 ornet?
739 3517 836 3592 ,Crux
859 3526 972 3577 tantum
996 3519 1091 3578 defixa
1114 3526 1158 3578 est
1180 3516 1348 3594 ingeniis“i
1386 3514 1527 3591 Equidem
1550 3516 1595 3587 iis,

252 3605 302 3679 qni
324 3603 468 3675 numeris,
497 3602 552 3661 hoo
580 3610 625 3661 est
654 3604 768 3663 effando
797 3613 905 3665 vexant
933 3606 1101 3666 ineffabilia.
1147 3607 1187 3665 At
1211 3621 1265 3682 ego
1295 3604 1348 3663 has
1370 3605 1481 3678 species
1504 3609 1595 3661 tracto

252 3707 311 3749 non
333 3691 469 3763 numeris,
493 3706 551 3748 non
574 3708 625 3766 per
647 3690 804 3766 algebram,
828 3694 880 3753 sed
895 3696 1117 3753 ratiocinatione
1140 3695 1262 3768 mentis3
1286 3709 1355 3751 sane
1379 3692 1447 3765 quia
1469 3691 1505 3747 iis
1526 3688 1597 3747 mihi

252 3795 310 3837 non
333 3785 379 3836 est
402 3794 476 3854 opus
499 3776 536 3835 ad
559 3778 762 3838 subducendas
785 3783 912 3839 rationes
935 3791 1129 3853 mercatnnm,
1159 3780 1210 3839 sed
1234 3779 1270 3839 ad
1294 3776 1480 3855 explicandas
1503 3793 1597 3836 rerum

253 3882 367 3925 musas.
412 3863 599 3941 Segreganda
623 3875 720 3926 censet
742 3868 862 3926 subtilia
884 3871 941 3927 ista
963 3889 982 3928 a
1003 3888 1174 3948 στοιχειωσει
1204 3870 1291 3944 inque
1319 3864 1513 3926 bibliothecas
1542 3864 1597 3922 ab·

231 3950 422 4013 'stmdenda
467 3950 594 4011 Omnino
616 3952 707 4011 fidum
729 3953 815 4013 Remi
838 3955 1013 4031 discipulum
1041 3958 1104 4032 agit
1131 3971 1185 4014 nec
1213 3957 1340 4031 ineptam
1368 3951 1447 4010 locat
1469 3968 1596 4027 operam.

253 4040 365 4100 Eamus
388 4037 522 4099 aedilicio
546 4039 684 4100 Eucliden
706 4041 827 4102 formam
850 4044 975 4116 ademit,
1004 4044 1116 4103 culmen
1147 4045 1274 4119 proruit,
1303 4043 1431 4117 quinque
1461 4056 1597 4116 corporay

253 4129 360 4205 quibus
384 4126 492 4187 ablatis
521 4144 678 4203 compages
709 4134 803 4189 omnis
835 4130 977 4189 dissoluta
1005 4132 1073 4204 luit,
1106 4137 1185 4192 stant
1206 4130 1278 4188 muri
1311 4127 1386 4200 lissi,
1414 4127 1538 4185 fornices
1568 4128 1597 4182 in

252 4217 532 4276 ruinamminsces:
557 4213 683 4275 Suellius
707 4218 795 4292 igitur
815 4221 903 4277 etiam
920 4229 1101 4278 caementum
1124 4218 1226 4290 aniert,
1250 4223 1282 4274 ut
1304 4215 1387 4291 cnjus
1409 4216 1465 4273 nisi
1488 4212 1526 4271 ad
1547 4229 1598 4272 so·

252 4301 399 4362 liditatem
422 4300 525 4360 domus
548 4302 602 4360 sub
626 4307 753 4381 quinque
776 4305 876 4381 liguris
892 4313 1114 4381 coagmentatae
1136 4304 1234 4363 nullus
1258 4310 1303 4362 est
1324 4320 1404 4361 usus.
1436 4299 1597 4360 Olelicem

249 4400 374 4468 ‚captum
398 4388 547 4464 discipulii
578 4408 664 4466 quam
693 4391 743 4450 ille
772 4390 872 4452 dextre
894 4393 1046 4454 Euclidem
1070 4392 1231 4469 intelligere
1255 4390 1355 4449 didicit
1378 4408 1396 4448 a
1417 4388 1525 4446 Ramol
1556 4404 1596 4446 sc.

254 4478 319 4539 ideo
343 4485 450 4554 putant
471 4496 597 4555 neuqua
620 4478 714 4558 dicta,
740 4475 819 4554 quod
842 4483 1007 4539 inveniatur
1030 4485 1058 4539 in
1082 4480 1203 4539 Euclide
1225 4480 1456 4556 propositionum
1478 4484 1506 4532 et
1528 4491 1598 4549 pro-

253 4566 416 4625 blematum
438 4572 468 4623 ct
490 4564 699 4624 theorematum
723 4567 875 4625 omnifaria
898 4570 997 4642 copia,
1021 4568 1058 4627 ad
1083 4584 1167 4625 omne
1190 4584 1282 4642 genus
1306 4567 1500 4642 quantitatum
1523 4564 1595 4619 arti-

254 4668 364 4730 umque
386 4654 463 4711 circa
485 4650 551 4711 illas
566 4661 787 4729 occupatamm:
810 4671 875 4713 cum
898 4653 972 4713 liber
985 4673 1162 4734 σιοιχειωσις
1184 4657 1222 4713 sit
1237 4653 1331 4712 dictus
1354 4670 1372 4710 a
1394 4651 1494 4723 torma,
1517 4646 1596 4725 quod

253 4756 370 4818 anper
391 4755 517 4815 sequens
538 4743 699 4816 propositio
723 4743 862 4800 inuitatur
883 4742 1068 4818 praecedenti
1085 4733 1177 4818 usquc
1201 4742 1238 4799 ad
1262 4738 1392 4799 ultimam
1414 4736 1480 4795 libri
1503 4736 1595 4795 ultimi

255 4830 378 4906 (partim
403 4835 432 4886 et
454 4826 518 4886 libri
542 4831 635 4903 noni),
668 4845 742 4903 quac
765 4829 847 4888 nulla
867 4833 996 4905 priorum
1018 4847 1114 4889 carere
1137 4836 1244 4905 potest.
1289 4828 1332 4885 Ex
1355 4824 1512 4884 architecto
1535 4821 1596 4881 sal-

255 4918 383 4975 tuarium
405 4915 516 4973 iaciunt
545 4923 599 4973 aut
627 4920 835 4991 materiarium,
866 4920 1079 4991 existimantes,
1111 4916 1258 4975 Euclidem
1291 4912 1355 4971 ideo
1385 4912 1491 4969 librum
1513 4928 1597 4969 sunm

255 5004 422 5081 scripsisse,
446 5009 480 5061 ut
502 5004 636 5060 omnibus
659 5004 725 5061 aliis
748 5005 960 5076 commodaret,
992 5006 1073 5064 solus
1096 5007 1157 5079 ipse
1181 5003 1326 5079 propriam
1350 4999 1466 5057 domum
1489 4998 1598 5056 nullam

255 5090 387 5151 baberet
417 5087 476 5148 Sed
498 5088 564 5166 plus
586 5091 657 5149 satis
680 5090 823 5152 hocloco
846 5092 986 5167 dehisce,
1010 5091 1212 5152 revertendum
1235 5097 1278 5147 est
1294 5087 1331 5145 ad
1348 5096 1436 5162 caput
1451 5089 1598 5144 orationis.

342 5175 419 5236 Cum
442 5176 519 5236 enim
542 5193 696 5252 cometem,
719 5195 804 5239 veras
827 5182 1020 5254 etgenuinas
1043 5197 1137 5237 rerum
1152 5178 1392 5253 geometricsrum
1416 5173 1599 5242 differentias,

257 5265 408 5342 aquibus
436 5265 627 5325 arcessendae
656 5266 726 5324 mihi
755 5274 824 5325 sunt
854 5283 960 5327 causae
991 5267 1221 5325 harmonicorum
1248 5264 1480 5339 proportionum,
1512 5260 1602 5335 vulgo

257 5351 385 5432 ignorari
408 5353 535 5429 penitus,
557 5351 717 5428 Euclidem,
741 5357 791 5430 qui
812 5353 910 5414 studio
933 5353 999 5412 illas
1015 5353 1182 5429 tradiderat,
1204 5350 1288 5408 Remi
1305 5348 1418 5408 cavillis
1434 5365 1603 5425 oppressum

258 5437 378 5518 explodi
404 5440 586 5518 strepituque
613 5440 828 5501 lascivientium
858 5441 1031 5502 obturbante
1061 5459 1079 5498 a
1107 5441 1221 5498 nemine
1250 5435 1396 5509 exaudiri,
1428 5447 1480 5496 aut
1509 5436 1604 5495 surdis

259 5530 347 5586 etiarn
370 5521 488 5586 narrare
511 5528 718 5605 philosophiae
740 5519 897 5607 mysteria,
926 5528 1077 5598 Proclum,
1110 5529 1159 5601 qui
1183 5537 1308 5584 mentem
1331 5522 1460 5584 Euclidis
1484 5526 1606 5601 aperire,

260 5616 396 5674 abstrusa
418 5632 533 5693 eruero,
562 5614 725 5675 difficiliora
753 5626 839 5693 captu
866 5616 965 5675 facilia
985 5614 1104 5673 reddere
1127 5616 1278 5689 potuisset,
1307 5620 1335 5671 rt
1360 5610 1518 5671 deridiculo
1543 5627 1607 5669 osse

260 5719 313 5764 nec
335 5702 554 5763 Commentario
575 5721 629 5761 sua
651 5720 744 5781 nsque
766 5704 803 5763 ad
827 5705 931 5762 librum
947 5701 1090 5761 decimum
1107 5702 1308 5761 continuasse:
1336 5698 1394 5758 vidi
1417 5700 1474 5759 hoc
1489 5700 1606 5757 omnino

1411 5800 1452 5855 6*
