3684 7259
647 1224 826 1284 Harmoniam.
859 1224 944 1281 Liber
959 1224 1016 1281 111.
1037 1224 1126 1298 (ispnt
1142 1226 1165 1283 1.
1238 1238 1239 1243 ’
1523 1235 1584 1299 lab

275 1458 277 1462 ,
310 1403 512 1466 Definitio.
558 1402 675 1465 Chorda
704 1404 752 1465 bic
780 1406 898 1464 sumitur
924 1418 984 1463 non
1012 1420 1065 1482 pro
1094 1404 1234 1467 subtsnss
1257 1406 1337 1467 arcui
1360 1404 1473 1482 circuli,
1500 1415 1535 1471 ut
1554 1410 1586 1470 iu

223 1496 401 1571 geometria,
429 1494 480 1553 sed
503 1510 555 1571 pro
579 1495 657 1552 omni
680 1491 875 1568 longitudine,
906 1507 992 1566 quae
1010 1498 1155 1570 aptatest
1182 1492 1219 1554 ad
1243 1510 1346 1554 sonum
1368 1495 1526 1573 edendum3
1556 1502 1586 1559 et
1674 1487 1677 1492 ’

225 1584 292 1658 quia
314 1597 402 1640 souus
425 1588 608 1658 permotum
631 1578 755 1652 elicitur,
790 1582 819 1637 in
842 1579 990 1638 abstracto
1020 1578 1129 1641 chorda
1151 1580 1342 1657 intelligenda
1364 1589 1409 1643 est
1429 1583 1466 1644 de
1488 1584 1585 1660 longi-
1652 1607 1655 1616 ·

225 1670 323 1727 tudine
353 1676 447 1728 motus
478 1669 687 1746 cujuscunque,
717 1666 766 1728 vel
795 1665 833 1726 de
854 1683 1023 1743 quacunque
1053 1666 1113 1727 alia
1142 1666 1341 1745 longitudine,
1372 1673 1460 1730 etiam
1477 1679 1586 1740 ,ments
1649 1673 1653 1685 “

224 1763 373 1834 concepta.

312 1862 470 1920 Arroma
492 1859 516 1918 Ι
561 1858 712 1920 Diamcter
740 1858 840 1918 circuli
867 1865 897 1917 et
924 1858 1016 1920 latera
1038 1858 1196 1936 figurarum
1217 1859 1387 1921 radicalium
1408 1861 1460 1921 lib.
1484 1861 1567 1923 Lex

224 1950 402 2027 plicatarum,
427 1964 502 2025 quae
524 1950 670 2026 propriam
691 1945 802 2007 babent
823 1945 1114 2023 demonstrationem,
1139 1946 1330 2009 determinant
1351 1955 1463 2027 partem
1486 1950 1585 2041 cuculi

224 2045 432 2099 consonantem
455 2053 519 2095 cnm
541 2042 603 2094 toto
627 2032 745 2095 circulo.
1140 2070 1142 2073 -

311 2118 451 2188 Quomodo
469 2117 586 2173 circulus
606 2116 680 2171 teudi
698 2115 792 2187 possit,
811 2122 843 2169 ut
860 2116 978 2172 sonitum
996 2117 1066 2187 edat,
1084 2118 1261 2186 ecquomodo
1283 2118 1435 2187 affigendus
1448 2133 1514 2173 caro
1527 2132 1585 2175 cor·

225 2201 293 2268 pori,
312 2205 343 2252 ut
362 2196 518 2257 resonantia
537 2196 644 2258 existat,
662 2194 706 2248 rel
724 2196 758 2250 ab
782 2210 835 2248 uuo
854 2193 940 2261 signo,
959 2202 990 2250 ut
1008 2203 1084 2250 totus
1102 2202 1190 2265 sonet,
1208 2195 1250 2251 rel
1269 2212 1285 2251 a
1303 2197 1418 2264 duobus,
1438 2202 1469 2251 ut
1486 2204 1586 2269 partes,

229 2281 255 2335 id
273 2278 385 2346 longum
402 2275 447 2330 hic
465 2274 517 2329 erit
535 2273 686 2343 explicare3
706 2273 746 2328 sic
763 2279 853 2328 tamen
872 2274 1067 2331 exordiendum
1085 2274 1150 2342 fuit,
1174 2276 1309 2343 quianon
1327 2283 1433 2330 mutum
1452 2276 1486 2331 ds
1504 2285 1586 2336 cantu

225 2359 321 2428 agitur,
350 2356 397 2425 qui
414 2362 457 2411 est
473 2354 616 2409 harmonia
634 2371 694 2411 cum
712 2354 786 2408 souis
804 2361 943 2421 concreta,
967 2355 1016 2409 sed
1034 2356 1115 2409 etiarn
1133 2354 1299 2424 subintelligi
1317 2355 1399 2410 debet
1415 2354 1585 2426 intervallum
1671 2353 1677 2359 ’

225 2437 390 2490 abstractum
415 2435 530 2489 asouis.
568 2432 646 2500 Quod
665 2440 773 2487 cantum
791 2431 903 2497 attinet,
932 2431 1034 2488 sufficit
1056 2431 1186 2488 chordam
1206 2432 1234 2487 iu
1252 2441 1356 2488 rectum
1379 2437 1520 2488 extensam
1543 2433 1584 2492 sic

225 2513 304 2567 dividi
323 2529 413 2583 posse,
432 2520 463 2567 ut
480 2510 615 2576 dividitur,
632 2528 694 2565 cum
711 2510 798 2566 estin
816 2510 946 2564 circulum
964 2516 1097 2579 contorte,
1115 2527 1132 2565 a
1149 2510 1235 2567 latere
1253 2511 1356 2580 figurae
1373 2512 1539 2582 inscriptilis.

310 2603 581 2664 Corollarium
627 2602 843 2662 Consonantiae
865 2600 996 2660 infinitae
1018 2609 1098 2673 suut,
1122 2604 1192 2678 quia
1214 2602 1320 2681 figurae
1344 2602 1584 2667 demonstrabiles

225 2693 363 2752 infinitae
408 2688 544 2749 Nondum
567 2696 663 2749 autern
686 2696 730 2749 est
751 2696 863 2766 tempus
887 2687 1001 2748 dicendi
1025 2688 1061 2749 de
1084 2689 1352 2750 concordantinrum
1374 2690 1503 2766 delectu,
1534 2696 1585 2770 qui

226 2797 288 2839 sese
302 2796 361 2838 uon
377 2777 486 2855 profert
500 2775 586 2837 valde
610 2793 705 2852 porro.
749 2776 948 2855 Pythagoraei
969 2775 1017 2835 h'rc
1031 2780 1060 2837 in
1075 2779 1200 2838 numeris
1215 2780 1283 2849 suis,
1307 2786 1340 2838 nt
1362 2781 1467 2853 causis,
1491 2798 1583 2855 quae·

225 2871 353 2926 sivemnt
384 2872 477 2924 metas
510 2862 718 2940 magnitudinis
746 2863 964 2923 intervallorum
996 2881 1203 2938 consonorum,
1236 2883 1307 2941 quas
1334 2866 1415 2926 solus
1445 2866 1584 2928 humanus

225 2955 336 3014 auditus
360 2952 417 3010 illis
439 2951 518 3026 tigit,
551 2953 602 3027 qui
632 2968 689 3011 non
719 2958 763 3010 est
795 2950 932 3010 infinitae
957 2954 1113 3029 potentiae
1159 2952 1212 3011 Est
1244 2955 1330 3028 igitur
1352 2952 1404 3012 illa
1426 2955 1584 3016 coarctatis

226 3044 333 3101 numeri
366 3037 636 3099 concordantiarum
662 3037 836 3098 harmonicis
862 3038 1024 3098 intervallis
1053 3039 1207 3098 abstractis
1233 3047 1347 3099 tantum
1377 3040 1584 3120 accidentaria,

225 3147 280 3188 non
304 3146 374 3188 vero
397 3126 531 3187 causalis.
565 3126 626 3203 Ipsi
648 3128 737 3186 etiam
759 3125 891 3185 hodierni
912 3127 1015 3186 musici
1037 3135 1131 3186 metas
1151 3125 1363 3205 Pythagoricae
1385 3127 1584 3207 egredientem
1671 3193 1673 3196 ,
1707 3120 1710 3126 “

225 3226 256 3276 ut
278 3217 314 3277 de
337 3212 495 3275 harmoniis
517 3213 722 3274 coelestibus
709 3232 772 3288 Jam
795 3220 916 3272 taceam.

311 3322 471 3380 Axioma
492 3318 531 3378 11.
577 3317 640 3394 Quo
663 3317 753 3394 gradu
767 3316 866 3377 lateris
889 3316 1097 3379 demonstratio
1112 3316 1201 3377 distat
1216 3335 1234 3376 a
1249 3319 1351 3396 primo,
1375 3317 1477 3378 eodem
1492 3318 1586 3397 gradu

227 3419 254 3471 et
274 3411 365 3487 partis
387 3406 502 3479 circuli,
535 3422 587 3484 per
607 3407 684 3465 latus
705 3407 863 3478 rescissae,
895 3407 1087 3465 consonantia
1109 3422 1176 3465 cunr
1195 3413 1256 3465 toto
1286 3406 1393 3465 circulo
1415 3401 1586 3474 recedit'ab

227 3500 337 3558 unisoui
360 3496 551 3555 consonantia
573 3493 790 3571 perfectissima,
807 3509 860 3552 ssu
874 3509 951 3567 quac
967 3509 1030 3551 sors
1046 3499 1091 3552 est
1105 3492 1221 3568 figurae,
1243 3492 1322 3569 cujus
1337 3500 1382 3553 est
1403 3493 1489 3569 latus,
1503 3496 1587 3557 ‘lutat

226 3586 329 3660 figuras
352 3591 473 3653 ceteras,
496 3581 600 3659 eadem
621 3598 685 3641 sors
707 3587 752 3639 est
774 3582 983 3640 consonantiae
1004 3580 1082 3639 iliius
1104 3582 1178 3639 inter
1200 3587 1319 3640 ceteras.

311 3668 372 3723 Hoc
390 3665 497 3720 amoma
523 3663 635 3719 inferius
652 3663 829 3732 usurpabitur
850 3662 885 3716 ad
903 3662 1039 3718 delectum
1057 3661 1308 3718 concordantiamm
1330 3662 1486 3720 habendum
1504 3677 1588 3721 canu

227 3745 375 3801 scantatis.

312 3836 464 3896 Axioma
485 3833 540 3892 III.
585 3832 693 3895 Latera
714 3832 869 3908 figurarum
891 3832 1066 3910 regularium
1089 3832 1294 3910 stellarumque
1317 3832 1588 3896 indemonstrabilia

227 3926 417 3986 determinant
439 3929 550 3999 partem
574 3920 671 3982 circuli
694 3919 894 3982 dissonantem
915 3940 935 3980 a
958 3929 1020 3980 toto
1043 3920 1183 3997 circulop„
1198 3922 1248 3981 sic'
1263 3924 1351 3981 etlam
1379 3920 1455 3981 latus
1477 3920 1585 3998 figurae

227 4007 451 4072 demonstrabile
475 4008 604 4084 quidem,
638 4005 770 4068 sednon
799 4025 851 4086 per
881 4026 913 4068 se
936 4024 990 4067 nec
1013 4007 1258 4069 demonstratione
1286 4009 1411 4087 propria.
1455 4006 1512 4067 Vel
1533 4005 1585 4086 pro

228 4101 338 4160 deiectu
372 4097 626 4156 demonstrationis
657 4098 789 4173 propriae
821 4112 938 4156 accerse
970 4112 1006 4155 ex
1035 4093 1086 4155 lib.
1117 4094 1157 4154 ΙΙ
1189 4094 1331 4158 defectum
1361 4095 1585 4171 congruentias:

228 4197 344 4263 utroque
366 4182 454 4243 modo
477 4181 637 4243 excluditur
658 4182 927 4260 quindecangulurn.
1361 4208 1366 4214 ·

308 4269 368 4323 Hoc
386 4268 493 4321 axioma
510 4264 632 4320 absolvet
649 4265 834 4335 integritatem
861 4279 962 4321 causae
980 4262 1246 4335 concordantiam,
1272 4281 1354 4336 quam
1372 4282 1422 4346 ego
1439 4266 1586 4340 substituo,
1691 4247 1697 4258 ⁴

227 4347 375 4417 repudiatis
392 4344 641 4413 Pythagoraenrum
659 4344 778 4398 numeria
797 4343 949 4400 abstractis.
1361 4391 1364 4398 ,

334 4418 587 4480 Corollarium.
632 4419 796 4480 Dissonant
826 4421 914 4497 igitur
937 4414 994 4478 hae
1015 4424 1113 4496 partes
1179 4438 1199 4479 a
1220 4425 1284 4482 toto

312 5153 468 5213 Axioma
489 5152 543 5212 IV.
586 5152 725 5229 Figurae,
754 5168 830 5228 qnae
862 5157 1002 5229 cognatas
1030 5151 1139 5209 babent
1165 5147 1427 5211 demonstrationes
1455 5147 1586 5225 laterum,

228 5243 343 5319 pariunt
365 5244 453 5300 etiam
477 5248 617 5333 cognatas
639 5239 815 5300 harmonias.
887 5284 889 5290 .

313 5324 367 5379 Per
380 5324 433 5378 boc
443 5323 550 5378 axioma
560 5322 720 5391 probabitur
729 5321 803 5391 origo
816 5328 844 5375 et
853 5336 937 5376 causa
945 5316 1150 5390 proportionum
1159 5298 1374 5373 harmonicamrn
1392 5332 1426 5373 ex
1438 5316 1585 5388 superfluo.

313 5417 467 5474 Arioma
490 5414 526 5473 V.
573 5412 705 5473 Chordae
727 5412 776 5473 vel
797 5429 880 5472 arcus
902 5411 1001 5470 circuli
1023 5410 1164 5488 tensionis
1186 5409 1326 5486 aequalis,
1348 5410 1490 5471 babentes
1511 5411 1587 5469 inter

228 5519 275 5575 se,
306 5520 395 5562 cansa
417 5500 766 5577 longitudinis,.eandem
789 5500 1021 5578 proportionem,
1045 5513 1121 5573 quae
1144 5505 1189 5556 est
1210 5500 1285 5557 inter
1306 5505 1417 5576 partem
1440 5497 1488 5557 vel
1511 5497 1585 5559 resl-

228 5589 316 5650 dnum
339 5589 439 5650 circuli
461 5597 491 5649 et
512 5596 605 5650 totum
628 5590 789 5671 circuunt,
815 5586 1035 5648 consonantiam
1058 5585 1146 5643 etiam
1167 5584 1216 5644 rel
1244 5584 1455 5647 dissonantium
1476 5583 1587 5652 habeut

229 5678 359 5751 eandem,
382 5677 453 5738 licet
472 5678 548 5737 inter
569 5676 644 5737 alios
666 5678 805 5737 terminos
827 5674 877 5736 vel
897 5689 987 5735 sonos
1008 5670 1061 5735 tila
1082 5672 1277 5739 contineatur
