<?xml version="1.0" encoding="UTF-8"?>
<!DOCTYPE html PUBLIC "-//W3C//DTD XHTML 1.0 Transitional//EN"
    "http://www.w3.org/TR/xhtml1/DTD/xhtml1-transitional.dtd">
<html xmlns="http://www.w3.org/1999/xhtml" xml:lang="en" lang="en">
 <head>
  <title>
</title>
<meta http-equiv="Content-Type" content="text/html;charset=utf-8" />
  <meta name='ocr-system' content='tesseract 3.04.00' />
  <meta name='ocr-capabilities' content='ocr_page ocr_carea ocr_par ocr_line ocrx_word'/>
</head>
<body>
  <div class='ocr_page' id='page_1' title='image "./joanniskepleria09frisgoog_0631.png"; bbox 0 0 3684 7259; ppageno 0'>
   <div class='ocr_carea' id='block_1_1' title="bbox 1124 1241 3170 1317">
    <p class='ocr_par' dir='ltr' id='par_1_1' title="bbox 1124 1241 3170 1317">
     <span class='ocr_line' id='line_1_1' title="bbox 1124 1241 3170 1317; baseline 0.004 -16"><span class='ocrx_word' id='word_1_1' title='bbox 1124 1242 1400 1303; x_wconf 79' lang='lat' dir='ltr'><strong>Judicinm</strong></span> <span class='ocrx_word' id='word_1_2' title='bbox 1430 1245 1655 1317; x_wconf 70' lang='lat' dir='ltr'><strong>Kepleri</strong></span> <span class='ocrx_word' id='word_1_3' title='bbox 1687 1244 1759 1303; x_wconf 86' lang='lat' dir='ltr'><strong>de</strong></span> <span class='ocrx_word' id='word_1_4' title='bbox 1789 1257 2167 1303; x_wconf 80' lang='lat' dir='ltr'><strong>mensurarum</strong></span> <span class='ocrx_word' id='word_1_5' title='bbox 2199 1241 2538 1315; x_wconf 68' lang='lat' dir='ltr'><strong>aequatione.</strong></span> <span class='ocrx_word' id='word_1_6' title='bbox 3046 1249 3170 1313; x_wconf 80' lang='lat'><strong>619</strong></span> 
     </span>
    </p>
   </div>
   <div class='ocr_carea' id='block_1_2' title="bbox 433 1420 3198 3480">
    <p class='ocr_par' dir='ltr' id='par_1_2' title="bbox 484 1420 3176 1733">
     <span class='ocr_line' id='line_1_2' title="bbox 488 1420 3175 1496; baseline 0 -18"><span class='ocrx_word' id='word_1_7' title='bbox 488 1422 772 1490; x_wconf 78' lang='lat' dir='ltr'><strong>gressione</strong></span> <span class='ocrx_word' id='word_1_8' title='bbox 807 1422 863 1476; x_wconf 92' lang='lat' dir='ltr'><strong>in</strong></span> <span class='ocrx_word' id='word_1_9' title='bbox 898 1424 1184 1479; x_wconf 78' lang='lat' dir='ltr'><strong>mensuris.</strong></span> <span class='ocrx_word' id='word_1_10' title='bbox 1259 1424 1333 1478; x_wconf 85' lang='lat' dir='ltr'><strong>Et</strong></span> <span class='ocrx_word' id='word_1_11' title='bbox 1360 1423 1473 1491; x_wconf 87' lang='lat' dir='ltr'><strong>jam</strong></span> <span class='ocrx_word' id='word_1_12' title='bbox 1510 1424 1727 1493; x_wconf 90' lang='lat' dir='ltr'><strong>quidem</strong></span> <span class='ocrx_word' id='word_1_13' title='bbox 1764 1423 1894 1492; x_wconf 82' lang='lat' dir='ltr'><strong>dixi,</strong></span> <span class='ocrx_word' id='word_1_14' title='bbox 1948 1422 2228 1495; x_wconf 83' lang='lat' dir='ltr'><strong>pulchram</strong></span> <span class='ocrx_word' id='word_1_15' title='bbox 2279 1420 2447 1475; x_wconf 86' lang='lat' dir='ltr'><strong>videri</strong></span> <span class='ocrx_word' id='word_1_16' title='bbox 2483 1422 2889 1492; x_wconf 82' lang='lat' dir='ltr'><strong>proportionem</strong></span> <span class='ocrx_word' id='word_1_17' title='bbox 2942 1421 3175 1496; x_wconf 86' lang='lat' dir='ltr'><strong>duplam,</strong></span> 
     </span>
     <span class='ocr_line' id='line_1_3' title="bbox 490 1500 3176 1573; baseline 0.003 -20"><span class='ocrx_word' id='word_1_18' title='bbox 490 1514 659 1570; x_wconf 87' lang='lat' dir='ltr'><strong>quare</strong></span> <span class='ocrx_word' id='word_1_19' title='bbox 697 1509 752 1555; x_wconf 87' lang='lat' dir='ltr'><strong>et</strong></span> <span class='ocrx_word' id='word_1_20' title='bbox 787 1502 1119 1555; x_wconf 79' lang='lat' dir='ltr'><strong>octonariam</strong></span> <span class='ocrx_word' id='word_1_21' title='bbox 1155 1504 1210 1555; x_wconf 89' lang='lat' dir='ltr'><strong>in</strong></span> <span class='ocrx_word' id='word_1_22' title='bbox 1248 1501 1523 1556; x_wconf 85' lang='lat' dir='ltr'><strong>divisione.</strong></span> <span class='ocrx_word' id='word_1_23' title='bbox 1597 1503 1661 1558; x_wconf 90' lang='lat' dir='ltr'><strong>Id</strong></span> <span class='ocrx_word' id='word_1_24' title='bbox 1697 1520 1762 1559; x_wconf 89' lang='lat' dir='ltr'><strong>eo</strong></span> <span class='ocrx_word' id='word_1_25' title='bbox 1798 1504 1988 1573; x_wconf 84' lang='lat' dir='ltr'><strong>magis,</strong></span> <span class='ocrx_word' id='word_1_26' title='bbox 2024 1504 2154 1573; x_wconf 89' lang='lat' dir='ltr'><strong>quia</strong></span> <span class='ocrx_word' id='word_1_27' title='bbox 2189 1502 2244 1556; x_wconf 90' lang='lat' dir='ltr'><strong>in</strong></span> <span class='ocrx_word' id='word_1_28' title='bbox 2279 1501 2614 1557; x_wconf 77' lang='lat' dir='ltr'><strong>nostratibus</strong></span> <span class='ocrx_word' id='word_1_29' title='bbox 2651 1500 2996 1569; x_wconf 79' lang='lat' dir='ltr'><strong>ponderibus,</strong></span> <span class='ocrx_word' id='word_1_30' title='bbox 3036 1504 3176 1560; x_wconf 89' lang='lat' dir='ltr'><strong>ulnis</strong></span> 
     </span>
     <span class='ocr_line' id='line_1_4' title="bbox 486 1580 3176 1655; baseline 0.001 -22"><span class='ocrx_word' id='word_1_31' title='bbox 486 1587 544 1633; x_wconf 90' lang='lat' dir='ltr'><strong>et</strong></span> <span class='ocrx_word' id='word_1_32' title='bbox 568 1580 837 1636; x_wconf 82' lang='lat' dir='ltr'><strong>mensuris</strong></span> <span class='ocrx_word' id='word_1_33' title='bbox 862 1589 1081 1652; x_wconf 90' lang='lat' dir='ltr'><strong>recepta</strong></span> <span class='ocrx_word' id='word_1_34' title='bbox 1104 1590 1205 1636; x_wconf 85' lang='lat' dir='ltr'><strong>est.</strong></span> <span class='ocrx_word' id='word_1_35' title='bbox 1279 1582 1440 1637; x_wconf 89' lang='lat' dir='ltr'><strong>Solus</strong></span> <span class='ocrx_word' id='word_1_36' title='bbox 1466 1599 1563 1653; x_wconf 86' lang='lat' dir='ltr'><strong>pes</strong></span> <span class='ocrx_word' id='word_1_37' title='bbox 1599 1600 1722 1639; x_wconf 90' lang='lat' dir='ltr'><strong>cum</strong></span> <span class='ocrx_word' id='word_1_38' title='bbox 1746 1598 1871 1638; x_wconf 87' lang='lat' dir='ltr'><strong>asse</strong></span> <span class='ocrx_word' id='word_1_39' title='bbox 1906 1584 2151 1637; x_wconf 88' lang='lat' dir='ltr'><strong>Romano</strong></span> <span class='ocrx_word' id='word_1_40' title='bbox 2188 1580 2415 1637; x_wconf 81' lang='lat' dir='ltr'><strong>discedit</strong></span> <span class='ocrx_word' id='word_1_41' title='bbox 2449 1581 2506 1635; x_wconf 91' lang='lat' dir='ltr'><strong>in</strong></span> <span class='ocrx_word' id='word_1_42' title='bbox 2542 1582 2855 1651; x_wconf 88' lang='lat' dir='ltr'><strong>ternariam,</strong></span> <span class='ocrx_word' id='word_1_43' title='bbox 2894 1588 3176 1655; x_wconf 75' lang='lat' dir='ltr'><strong>senariam,</strong></span> 
     </span>
     <span class='ocr_line' id='line_1_5' title="bbox 484 1657 2396 1733; baseline 0.004 -20"><span class='ocrx_word' id='word_1_44' title='bbox 484 1657 871 1733; x_wconf 61' lang='lat' dir='ltr'><strong>duodenariam</strong></span> <span class='ocrx_word' id='word_1_45' title='bbox 909 1660 1242 1732; x_wconf 80' lang='lat' dir='ltr'><strong>divisionem.</strong></span> <span class='ocrx_word' id='word_1_46' title='bbox 2245 1688 2249 1692; x_wconf 64' lang='grc'><strong>’</strong></span> <span class='ocrx_word' id='word_1_47' title='bbox 2392 1715 2396 1720; x_wconf 90' lang='grc'><em>.</em></span> 
     </span>
    </p>

    <p class='ocr_par' dir='ltr' id='par_1_3' title="bbox 433 1727 3182 2136">
     <span class='ocr_line' id='line_1_6' title="bbox 523 1727 3178 1818; baseline 0.003 -26"><span class='ocrx_word' id='word_1_48' title='bbox 523 1729 604 1812; x_wconf 58' lang='lat'><strong>{1⁸</strong></span> <span class='ocrx_word' id='word_1_49' title='bbox 621 1731 728 1818; x_wconf 54' lang='grc' dir='ltr'><strong>*Ἅι</strong></span> <span class='ocrx_word' id='word_1_50' title='bbox 759 1727 1094 1806; x_wconf 74' lang='lat' dir='ltr'><strong>colligendas</strong></span> <span class='ocrx_word' id='word_1_51' title='bbox 1093 1753 1221 1800; x_wconf 66' lang='lat' dir='ltr'><strong>vero</strong></span> <span class='ocrx_word' id='word_1_52' title='bbox 1257 1740 1603 1797; x_wconf 88' lang='lat' dir='ltr'><strong>multitudine</strong></span> <span class='ocrx_word' id='word_1_53' title='bbox 1638 1743 1839 1798; x_wconf 89' lang='lat' dir='ltr'><strong>assium</strong></span> <span class='ocrx_word' id='word_1_54' title='bbox 1892 1741 2107 1797; x_wconf 90' lang='lat' dir='ltr'><strong>omnino</strong></span> <span class='ocrx_word' id='word_1_55' title='bbox 2161 1741 2408 1814; x_wconf 82' lang='lat' dir='ltr'><strong>praefero</strong></span> <span class='ocrx_word' id='word_1_56' title='bbox 2459 1742 2899 1813; x_wconf 76' lang='lat' dir='ltr'><strong>inaequalitatem</strong></span> <span class='ocrx_word' id='word_1_57' title='bbox 2954 1747 3178 1816; x_wconf 88' lang='lat' dir='ltr'><strong>quibus·</strong></span> 
     </span>
     <span class='ocr_line' id='line_1_7' title="bbox 485 1801 3178 1895; baseline 0.003 -22"><span class='ocrx_word' id='word_1_58' title='bbox 485 1801 1210 1892; x_wconf 50' lang='lat' dir='ltr'><strong>cffioe‘progressififflus</strong></span> <span class='ocrx_word' id='word_1_59' title='bbox 1246 1820 1515 1875; x_wconf 89' lang='lat' dir='ltr'><strong>continuis</strong></span> <span class='ocrx_word' id='word_1_60' title='bbox 1553 1829 1608 1876; x_wconf 90' lang='lat' dir='ltr'><strong>et</strong></span> <span class='ocrx_word' id='word_1_61' title='bbox 1642 1820 1989 1891; x_wconf 80' lang='lat' dir='ltr'><strong>aequalibus:</strong></span> <span class='ocrx_word' id='word_1_62' title='bbox 2045 1837 2155 1876; x_wconf 90' lang='lat' dir='ltr'><strong>non</strong></span> <span class='ocrx_word' id='word_1_63' title='bbox 2192 1824 2336 1890; x_wconf 90' lang='lat' dir='ltr'><strong>quod</strong></span> <span class='ocrx_word' id='word_1_64' title='bbox 2389 1837 2474 1875; x_wconf 91' lang='lat' dir='ltr'><strong>me</strong></span> <span class='ocrx_word' id='word_1_65' title='bbox 2526 1822 2758 1878; x_wconf 87' lang='lat' dir='ltr'><strong>delectet</strong></span> <span class='ocrx_word' id='word_1_66' title='bbox 2804 1825 3178 1895; x_wconf 80' lang='lat' dir='ltr'><strong>inaequalitas,</strong></span> 
     </span>
     <span class='ocr_line' id='line_1_8' title="bbox 433 1894 3182 1986; baseline 0.004 -35"><span class='ocrx_word' id='word_1_67' title='bbox 433 1905 438 1909; x_wconf 87' lang='grc'><strong><em>·</em></strong></span> <span class='ocrx_word' id='word_1_68' title='bbox 488 1894 589 1951; x_wconf 88' lang='lat' dir='ltr'><strong>sed</strong></span> <span class='ocrx_word' id='word_1_69' title='bbox 624 1895 771 1965; x_wconf 88' lang='lat' dir='ltr'><strong>quod</strong></span> <span class='ocrx_word' id='word_1_70' title='bbox 807 1896 1405 1986; x_wconf 49' lang='lat' dir='ltr'><strong>suadeatqjseqjsat</strong></span> <span class='ocrx_word' id='word_1_71' title='bbox 1438 1900 1543 1955; x_wconf 88' lang='lat' dir='ltr'><strong>hoc</strong></span> <span class='ocrx_word' id='word_1_72' title='bbox 1579 1904 1632 1968; x_wconf 93' lang='lat'><strong>1)</strong></span> <span class='ocrx_word' id='word_1_73' title='bbox 1668 1902 1815 1956; x_wconf 84' lang='lat' dir='ltr'><strong>varia</strong></span> <span class='ocrx_word' id='word_1_74' title='bbox 1849 1901 2108 1956; x_wconf 89' lang='lat' dir='ltr'><strong>mercium</strong></span> <span class='ocrx_word' id='word_1_75' title='bbox 2141 1910 2366 1967; x_wconf 88' lang='lat' dir='ltr'><strong>natura,</strong></span> <span class='ocrx_word' id='word_1_76' title='bbox 2414 1901 2473 1969; x_wconf 88' lang='lat'><strong>2)</strong></span> <span class='ocrx_word' id='word_1_77' title='bbox 2510 1902 2901 1975; x_wconf 86' lang='lat' dir='ltr'><strong>antiquissima,</strong></span> <span class='ocrx_word' id='word_1_78' title='bbox 2931 1906 3048 1973; x_wconf 68' lang='lat' dir='ltr'><strong>,iam</strong></span> <span class='ocrx_word' id='word_1_79' title='bbox 3082 1921 3182 1976; x_wconf 87' lang='lat' dir='ltr'><strong>per</strong></span> 
     </span>
     <span class='ocr_line' id='line_1_9' title="bbox 490 1965 3178 2054; baseline 0.006 -25"><span class='ocrx_word' id='word_1_80' title='bbox 490 1973 673 2030; x_wconf 86' lang='lat' dir='ltr'><strong>omnia</strong></span> <span class='ocrx_word' id='word_1_81' title='bbox 705 1976 828 2033; x_wconf 85' lang='lat' dir='ltr'><strong>loca</strong></span> <span class='ocrx_word' id='word_1_82' title='bbox 865 1965 1447 2054; x_wconf 53' lang='lat' dir='ltr'><strong>inolita“m0,</strong></span> <span class='ocrx_word' id='word_1_83' title='bbox 1503 1978 1817 2036; x_wconf 84' lang='lat' dir='ltr'><strong>difficillime</strong></span> <span class='ocrx_word' id='word_1_84' title='bbox 1854 1978 2126 2050; x_wconf 86' lang='lat' dir='ltr'><strong>mutanda,</strong></span> <span class='ocrx_word' id='word_1_85' title='bbox 2163 1980 2215 2047; x_wconf 87' lang='grc'><strong>3)</strong></span> <span class='ocrx_word' id='word_1_86' title='bbox 2240 1981 2558 2037; x_wconf 82' lang='lat' dir='ltr'><strong>numerandi</strong></span> <span class='ocrx_word' id='word_1_87' title='bbox 2581 1983 2949 2040; x_wconf 78' lang='lat' dir='ltr'><strong>commoditas,</strong></span> <span class='ocrx_word' id='word_1_88' title='bbox 2986 1985 3178 2044; x_wconf 80' lang='lat' dir='ltr'><strong>Dicam</strong></span> 
     </span>
     <span class='ocr_line' id='line_1_10' title="bbox 489 2045 2924 2116; baseline -0.001 -4"><span class='ocrx_word' id='word_1_89' title='bbox 489 2055 559 2112; x_wconf 89' lang='lat' dir='ltr'><strong>de</strong></span> <span class='ocrx_word' id='word_1_90' title='bbox 594 2057 844 2113; x_wconf 90' lang='lat' dir='ltr'><strong>omnibus</strong></span> <span class='ocrx_word' id='word_1_91' title='bbox 879 2045 1092 2116; x_wconf 63' lang='lat' dir='ltr'><strong>tribfl.</strong></span> <span class='ocrx_word' id='word_1_92' title='bbox 1217 2059 1236 2082; x_wconf 89' lang='grc'><strong>·“</strong></span> <span class='ocrx_word' id='word_1_93' title='bbox 2912 2102 2924 2110; x_wconf 86' lang='grc'>.</span> 
     </span>
    </p>

    <p class='ocr_par' dir='ltr' id='par_1_4' title="bbox 489 2136 3186 2763">
     <span class='ocr_line' id='line_1_11' title="bbox 664 2136 3183 2209; baseline 0.003 -18"><span class='ocrx_word' id='word_1_94' title='bbox 664 2136 750 2191; x_wconf 91' lang='lat' dir='ltr'><strong>De</strong></span> <span class='ocrx_word' id='word_1_95' title='bbox 785 2143 1036 2194; x_wconf 86' lang='lat' dir='ltr'><strong>natura</strong></span> <span class='ocrx_word' id='word_1_96' title='bbox 1068 2151 1249 2192; x_wconf 85' lang='lat' dir='ltr'><strong>rerum</strong></span> <span class='ocrx_word' id='word_1_97' title='bbox 1273 2136 1757 2193; x_wconf 84' lang='lat' dir='ltr'><strong>mensurandamm</strong></span> <span class='ocrx_word' id='word_1_98' title='bbox 1794 2139 1865 2194; x_wconf 88' lang='lat' dir='ltr'><strong>do</strong></span> <span class='ocrx_word' id='word_1_99' title='bbox 1902 2139 2209 2208; x_wconf 81' lang='lat' dir='ltr'><strong>exemplum</strong></span> <span class='ocrx_word' id='word_1_100' title='bbox 2246 2140 2402 2193; x_wconf 86' lang='lat' dir='ltr'><strong>vini.</strong></span> <span class='ocrx_word' id='word_1_101' title='bbox 2474 2139 2578 2194; x_wconf 89' lang='lat' dir='ltr'><strong>Hic</strong></span> <span class='ocrx_word' id='word_1_102' title='bbox 2601 2156 2796 2209; x_wconf 81' lang='lat' dir='ltr'><strong>magna</strong></span> <span class='ocrx_word' id='word_1_103' title='bbox 2829 2150 2917 2199; x_wconf 89' lang='lat' dir='ltr'><strong>est</strong></span> <span class='ocrx_word' id='word_1_104' title='bbox 2951 2159 3183 2199; x_wconf 88' lang='lat' dir='ltr'><strong>commo-</strong></span> 
     </span>
     <span class='ocr_line' id='line_1_12' title="bbox 493 2214 3184 2290; baseline 0.003 -21"><span class='ocrx_word' id='word_1_105' title='bbox 493 2214 639 2271; x_wconf 86' lang='lat' dir='ltr'><strong>ditas</strong></span> <span class='ocrx_word' id='word_1_106' title='bbox 674 2231 709 2269; x_wconf 90' lang='lat' dir='ltr'><strong>a</strong></span> <span class='ocrx_word' id='word_1_107' title='bbox 744 2215 1021 2288; x_wconf 89' lang='lat' dir='ltr'><strong>cantharo,</strong></span> <span class='ocrx_word' id='word_1_108' title='bbox 1060 2217 1151 2287; x_wconf 89' lang='lat' dir='ltr'><strong>qui</strong></span> <span class='ocrx_word' id='word_1_109' title='bbox 1191 2218 1547 2285; x_wconf 82' lang='lat' dir='ltr'><strong>quantitatem</strong></span> <span class='ocrx_word' id='word_1_110' title='bbox 1583 2218 1750 2272; x_wconf 87' lang='lat' dir='ltr'><strong>habet</strong></span> <span class='ocrx_word' id='word_1_111' title='bbox 1775 2239 1780 2244; x_wconf 90' lang='lat'>·</span> <span class='ocrx_word' id='word_1_112' title='bbox 1802 2234 1911 2272; x_wconf 90' lang='lat' dir='ltr'><strong>non</strong></span> <span class='ocrx_word' id='word_1_113' title='bbox 1948 2217 2180 2273; x_wconf 88' lang='lat' dir='ltr'><strong>alienam</strong></span> <span class='ocrx_word' id='word_1_114' title='bbox 2215 2234 2250 2272; x_wconf 90' lang='lat' dir='ltr'><strong>a</strong></span> <span class='ocrx_word' id='word_1_115' title='bbox 2285 2217 2479 2274; x_wconf 87' lang='lat' dir='ltr'><strong>diurno</strong></span> <span class='ocrx_word' id='word_1_116' title='bbox 2516 2219 2679 2288; x_wconf 90' lang='lat' dir='ltr'><strong>victu,</strong></span> <span class='ocrx_word' id='word_1_117' title='bbox 2715 2219 2785 2274; x_wconf 89' lang='lat' dir='ltr'><strong>ad</strong></span> <span class='ocrx_word' id='word_1_118' title='bbox 2823 2220 3022 2284; x_wconf 79' lang='lat' dir='ltr'><strong>dolium</strong></span> <span class='ocrx_word' id='word_1_119' title='bbox 3059 2235 3184 2290; x_wconf 89' lang='lat' dir='ltr'><strong>pro·</strong></span> 
     </span>
     <span class='ocr_line' id='line_1_13' title="bbox 489 2289 3185 2372; baseline 0.002 -25"><span class='ocrx_word' id='word_1_120' title='bbox 489 2293 661 2364; x_wconf 82' lang='lat' dir='ltr'><strong>gredi,</strong></span> <span class='ocrx_word' id='word_1_121' title='bbox 700 2294 862 2363; x_wconf 83' lang='lat' dir='ltr'><strong>quale</strong></span> <span class='ocrx_word' id='word_1_122' title='bbox 893 2289 1125 2372; x_wconf 64' lang='lat' dir='ltr'><strong>duorum</strong></span> <span class='ocrx_word' id='word_1_123' title='bbox 1160 2299 1389 2352; x_wconf 84' lang='lat' dir='ltr'><strong>triumve</strong></span> <span class='ocrx_word' id='word_1_124' title='bbox 1426 2297 1702 2353; x_wconf 87' lang='lat' dir='ltr'><strong>hominum</strong></span> <span class='ocrx_word' id='word_1_125' title='bbox 1740 2312 1843 2366; x_wconf 89' lang='lat' dir='ltr'><strong>ope</strong></span> <span class='ocrx_word' id='word_1_126' title='bbox 1879 2296 2102 2351; x_wconf 89' lang='lat' dir='ltr'><strong>tractari</strong></span> <span class='ocrx_word' id='word_1_127' title='bbox 2135 2301 2343 2365; x_wconf 83' lang='lat' dir='ltr'><strong>potest3</strong></span> <span class='ocrx_word' id='word_1_128' title='bbox 2399 2296 2468 2351; x_wconf 89' lang='lat' dir='ltr'><strong>ab</strong></span> <span class='ocrx_word' id='word_1_129' title='bbox 2504 2296 2619 2351; x_wconf 90' lang='lat' dir='ltr'><strong>hoc·</strong></span> <span class='ocrx_word' id='word_1_130' title='bbox 2645 2296 2715 2351; x_wconf 83' lang='lat' dir='ltr'><strong>ad</strong></span> <span class='ocrx_word' id='word_1_131' title='bbox 2752 2300 2784 2353; x_wconf 85' lang='lat'><strong>5</strong></span> <span class='ocrx_word' id='word_1_132' title='bbox 2820 2300 2906 2353; x_wconf 90' lang='lat' dir='ltr'><strong>vel</strong></span> <span class='ocrx_word' id='word_1_133' title='bbox 2952 2300 2986 2355; x_wconf 82' lang='lat'><strong>6</strong></span> <span class='ocrx_word' id='word_1_134' title='bbox 3023 2300 3185 2369; x_wconf 87' lang='lat' dir='ltr'><strong>dolia,</strong></span> 
     </span>
     <span class='ocr_line' id='line_1_14' title="bbox 491 2363 3184 2512; baseline 0.002 -86"><span class='ocrx_word' id='word_1_135' title='bbox 491 2380 629 2443; x_wconf 86' lang='lat' dir='ltr'><strong>quot</strong></span> <span class='ocrx_word' id='word_1_136' title='bbox 663 2388 737 2427; x_wconf 91' lang='lat' dir='ltr'><strong>sc.</strong></span> <span class='ocrx_word' id='word_1_137' title='bbox 775 2363 1164 2512; x_wconf 51' lang='lat' dir='ltr'><strong>unvgfflo</strong></span> <span class='ocrx_word' id='word_1_138' title='bbox 1202 2376 1558 2432; x_wconf 87' lang='lat' dir='ltr'><strong>communiter</strong></span> <span class='ocrx_word' id='word_1_139' title='bbox 1592 2376 1716 2430; x_wconf 89' lang='lat' dir='ltr'><strong>vehi</strong></span> <span class='ocrx_word' id='word_1_140' title='bbox 1754 2372 2032 2431; x_wconf 88' lang='lat' dir='ltr'><strong>commode</strong></span> <span class='ocrx_word' id='word_1_141' title='bbox 2066 2384 2315 2444; x_wconf 86' lang='lat' dir='ltr'><strong>possunt.</strong></span> <span class='ocrx_word' id='word_1_142' title='bbox 2386 2375 2491 2430; x_wconf 80' lang='lat' dir='ltr'><strong>Hic</strong></span> <span class='ocrx_word' id='word_1_143' title='bbox 2527 2376 2627 2430; x_wconf 91' lang='lat' dir='ltr'><strong>etsi</strong></span> <span class='ocrx_word' id='word_1_144' title='bbox 2662 2393 2766 2432; x_wconf 89' lang='lat' dir='ltr'><strong>non</strong></span> <span class='ocrx_word' id='word_1_145' title='bbox 2822 2393 3038 2445; x_wconf 87' lang='lat' dir='ltr'><strong>semper</strong></span> <span class='ocrx_word' id='word_1_146' title='bbox 3070 2392 3184 2431; x_wconf 89' lang='lat' dir='ltr'><strong>rem</strong></span> 
     </span>
     <span class='ocr_line' id='line_1_15' title="bbox 491 2449 3186 2528; baseline -0.001 -19"><span class='ocrx_word' id='word_1_147' title='bbox 491 2454 610 2509; x_wconf 73' lang='lat' dir='ltr'><strong>acu‘</strong></span> <span class='ocrx_word' id='word_1_148' title='bbox 634 2452 838 2523; x_wconf 89' lang='lat' dir='ltr'><strong>tangim</strong></span> <span class='ocrx_word' id='word_1_149' title='bbox 899 2449 917 2462; x_wconf 81' lang='grc'><strong>“’</strong></span> <span class='ocrx_word' id='word_1_150' title='bbox 961 2521 966 2526; x_wconf 31' lang='lat'>¹</span> <span class='ocrx_word' id='word_1_151' title='bbox 1025 2513 1046 2528; x_wconf 84' lang='lat'><strong>..</strong></span> <span class='ocrx_word' id='word_1_152' title='bbox 1175 2471 1282 2509; x_wconf 88' lang='lat' dir='ltr'><strong>non</strong></span> <span class='ocrx_word' id='word_1_153' title='bbox 1319 2454 1480 2523; x_wconf 86' lang='lat' dir='ltr'><strong>longe</strong></span> <span class='ocrx_word' id='word_1_154' title='bbox 1516 2455 1727 2510; x_wconf 89' lang='lat' dir='ltr'><strong>abimus</strong></span> <span class='ocrx_word' id='word_1_155' title='bbox 1788 2471 1822 2509; x_wconf 92' lang='lat' dir='ltr'><strong>a</strong></span> <span class='ocrx_word' id='word_1_156' title='bbox 1874 2454 2267 2524; x_wconf 82' lang='lat' dir='ltr'><strong>significatione</strong></span> <span class='ocrx_word' id='word_1_157' title='bbox 2321 2453 2568 2524; x_wconf 81' lang='lat' dir='ltr'><strong>vocabuli</strong></span> <span class='ocrx_word' id='word_1_158' title='bbox 2610 2455 2781 2519; x_wconf 86' lang='lat' dir='ltr'><strong>Fass,</strong></span> <span class='ocrx_word' id='word_1_159' title='bbox 2816 2455 3033 2509; x_wconf 87' lang='lat' dir='ltr'><strong>Fueder</strong></span> <span class='ocrx_word' id='word_1_160' title='bbox 3067 2464 3186 2522; x_wconf 73' lang='lat' dir='ltr'><strong>etc,</strong></span> 
     </span>
     <span class='ocr_line' id='line_1_16' title="bbox 500 2515 3185 2604; baseline 0.001 -18"><span class='ocrx_word' id='word_1_161' title='bbox 500 2530 648 2600; x_wconf 84' lang='lat' dir='ltr'><strong>quod</strong></span> <span class='ocrx_word' id='word_1_162' title='bbox 683 2530 815 2587; x_wconf 84' lang='lat' dir='ltr'><strong>facit</strong></span> <span class='ocrx_word' id='word_1_163' title='bbox 851 2550 884 2587; x_wconf 90' lang='lat' dir='ltr'><strong>a</strong></span> <span class='ocrx_word' id='word_1_164' title='bbox 954 2515 1287 2601; x_wconf 59' lang='lat' dir='ltr'><strong>moriam,</strong></span> <span class='ocrx_word' id='word_1_165' title='bbox 1326 2540 1381 2588; x_wconf 90' lang='lat' dir='ltr'><strong>et</strong></span> <span class='ocrx_word' id='word_1_166' title='bbox 1417 2532 1723 2601; x_wconf 82' lang='lat' dir='ltr'><strong>exemplum</strong></span> <span class='ocrx_word' id='word_1_167' title='bbox 1761 2534 2025 2588; x_wconf 87' lang='lat' dir='ltr'><strong>habemus</strong></span> <span class='ocrx_word' id='word_1_168' title='bbox 2062 2535 2118 2588; x_wconf 88' lang='lat' dir='ltr'><strong>in</strong></span> <span class='ocrx_word' id='word_1_169' title='bbox 2155 2533 2500 2589; x_wconf 84' lang='lat' dir='ltr'><strong>astronomia.</strong></span> <span class='ocrx_word' id='word_1_170' title='bbox 2571 2534 2704 2589; x_wconf 92' lang='lat' dir='ltr'><strong>Cum</strong></span> <span class='ocrx_word' id='word_1_171' title='bbox 2751 2533 2892 2604; x_wconf 87' lang='lat' dir='ltr'><strong>enim</strong></span> <span class='ocrx_word' id='word_1_172' title='bbox 2939 2534 2993 2587; x_wconf 90' lang='lat' dir='ltr'><strong>in</strong></span> <span class='ocrx_word' id='word_1_173' title='bbox 3044 2550 3185 2589; x_wconf 89' lang='lat' dir='ltr'><strong>anno</strong></span> 
     </span>
     <span class='ocr_line' id='line_1_17' title="bbox 492 2609 3186 2682; baseline 0.002 -19"><span class='ocrx_word' id='word_1_174' title='bbox 492 2615 681 2663; x_wconf 89' lang='lat' dir='ltr'><strong>essent</strong></span> <span class='ocrx_word' id='word_1_175' title='bbox 719 2609 834 2664; x_wconf 86' lang='lat' dir='ltr'><strong>dies</strong></span> <span class='ocrx_word' id='word_1_176' title='bbox 871 2610 989 2676; x_wconf 83' lang='lat'><strong>365,</strong></span> <span class='ocrx_word' id='word_1_177' title='bbox 1024 2613 1273 2681; x_wconf 56' lang='lat' dir='ltr'><strong>artifices,</strong></span> <span class='ocrx_word' id='word_1_178' title='bbox 1313 2613 1522 2669; x_wconf 74' lang='lat' dir='ltr'><strong>invitati</strong></span> <span class='ocrx_word' id='word_1_179' title='bbox 1558 2613 1938 2669; x_wconf 65' lang='lat' dir='ltr'><strong>eummmlitste</strong></span> <span class='ocrx_word' id='word_1_180' title='bbox 1975 2612 2135 2666; x_wconf 89' lang='lat' dir='ltr'><strong>vicini</strong></span> <span class='ocrx_word' id='word_1_181' title='bbox 2176 2612 2411 2682; x_wconf 89' lang='lat' dir='ltr'><strong>numeri,</strong></span> <span class='ocrx_word' id='word_1_182' title='bbox 2458 2618 2642 2680; x_wconf 82' lang='lat' dir='ltr'><strong>partes</strong></span> <span class='ocrx_word' id='word_1_183' title='bbox 2679 2612 2798 2680; x_wconf 84' lang='lat'><strong>360,</strong></span> <span class='ocrx_word' id='word_1_184' title='bbox 2836 2620 2891 2667; x_wconf 91' lang='lat' dir='ltr'><strong>et</strong></span> <span class='ocrx_word' id='word_1_185' title='bbox 2925 2612 2995 2667; x_wconf 92' lang='lat' dir='ltr'><strong>ob</strong></span> <span class='ocrx_word' id='word_1_186' title='bbox 3029 2611 3186 2668; x_wconf 86' lang='lat' dir='ltr'><strong>luna·</strong></span> 
     </span>
     <span class='ocr_line' id='line_1_18' title="bbox 493 2689 1942 2763; baseline 0.001 -20"><span class='ocrx_word' id='word_1_187' title='bbox 493 2689 670 2763; x_wconf 82' lang='lat' dir='ltr'><strong>tiones</strong></span> <span class='ocrx_word' id='word_1_188' title='bbox 706 2698 892 2758; x_wconf 84' lang='lat' dir='ltr'><strong>partes</strong></span> <span class='ocrx_word' id='word_1_189' title='bbox 928 2693 1161 2762; x_wconf 70' lang='lat' dir='ltr'><strong>majores</strong></span> <span class='ocrx_word' id='word_1_190' title='bbox 1193 2709 1293 2761; x_wconf 72' lang='lat' dir='ltr'><strong>per</strong></span> <span class='ocrx_word' id='word_1_191' title='bbox 1325 2709 1385 2749; x_wconf 73' lang='lat' dir='ltr'><strong>se</strong></span> <span class='ocrx_word' id='word_1_192' title='bbox 1429 2695 1494 2749; x_wconf 67' lang='lat'><strong>133]</strong></span> <span class='ocrx_word' id='word_1_193' title='bbox 1530 2697 1942 2749; x_wconf 64' lang='lat' dir='ltr'><strong>cunstituvrunt.</strong></span> 
     </span>
    </p>

    <p class='ocr_par' dir='ltr' id='par_1_5' title="bbox 492 2767 3198 3480">
     <span class='ocr_line' id='line_1_19' title="bbox 669 2767 3192 2840; baseline 0.002 -18"><span class='ocrx_word' id='word_1_194' title='bbox 669 2767 755 2822; x_wconf 88' lang='lat' dir='ltr'><strong>De</strong></span> <span class='ocrx_word' id='word_1_195' title='bbox 800 2773 1297 2825; x_wconf 71' lang='lat' dir='ltr'><strong>consuetudine</strong></span> <span class='ocrx_word' id='word_1_196' title='bbox 1345 2773 1574 2829; x_wconf 71' lang='lat' dir='ltr'><strong>ostendo</strong></span> <span class='ocrx_word' id='word_1_197' title='bbox 1622 2773 1722 2829; x_wconf 72' lang='lat' dir='ltr'><strong>has</strong></span> <span class='ocrx_word' id='word_1_198' title='bbox 1782 2770 2128 2835; x_wconf 70' lang='lat' dir='ltr'><strong>difficultates</strong></span> <span class='ocrx_word' id='word_1_199' title='bbox 2187 2772 2437 2840; x_wconf 90' lang='lat' dir='ltr'><strong>exemplo</strong></span> <span class='ocrx_word' id='word_1_200' title='bbox 2491 2771 2809 2840; x_wconf 68' lang='lat' dir='ltr'><strong>ponderum.</strong></span> <span class='ocrx_word' id='word_1_201' title='bbox 2885 2773 3192 2828; x_wconf 85' lang='lat' dir='ltr'><strong>Centenarii</strong></span> 
     </span>
     <span class='ocr_line' id='line_1_20' title="bbox 495 2847 3188 2921; baseline 0.001 -18"><span class='ocrx_word' id='word_1_202' title='bbox 495 2864 603 2904; x_wconf 86' lang='lat' dir='ltr'><strong>vox</strong></span> <span class='ocrx_word' id='word_1_203' title='bbox 638 2847 695 2901; x_wconf 88' lang='lat' dir='ltr'><strong>in</strong></span> <span class='ocrx_word' id='word_1_204' title='bbox 732 2848 978 2904; x_wconf 90' lang='lat' dir='ltr'><strong>omnibus</strong></span> <span class='ocrx_word' id='word_1_205' title='bbox 1014 2850 1213 2917; x_wconf 76' lang='lat' dir='ltr'><strong>linguis</strong></span> <span class='ocrx_word' id='word_1_206' title='bbox 1269 2861 1353 2909; x_wconf 74' lang='lat' dir='ltr'><strong>est</strong></span> <span class='ocrx_word' id='word_1_207' title='bbox 1393 2861 1630 2921; x_wconf 60' lang='lat' dir='ltr'><strong>resepta,</strong></span> <span class='ocrx_word' id='word_1_208' title='bbox 1706 2853 1750 2905; x_wconf 63' lang='lat' dir='ltr'><strong>&#39;f&#39;</strong></span> <span class='ocrx_word' id='word_1_209' title='bbox 1754 2853 1766 2905; x_wconf 92' lang='lat' dir='ltr'><strong>i</strong></span> <span class='ocrx_word' id='word_1_210' title='bbox 1826 2850 2074 2906; x_wconf 51' lang='lat' dir='ltr'><strong>vestibuli</strong></span> <span class='ocrx_word' id='word_1_211' title='bbox 2127 2852 2230 2907; x_wconf 83' lang='grc'><strong>100</strong></span> <span class='ocrx_word' id='word_1_212' title='bbox 2280 2852 2464 2919; x_wconf 86' lang='lat' dir='ltr'><strong>pondo</strong></span> <span class='ocrx_word' id='word_1_213' title='bbox 2517 2852 2707 2907; x_wconf 90' lang='lat' dir='ltr'><strong>insunt</strong></span> <span class='ocrx_word' id='word_1_214' title='bbox 2752 2852 2809 2906; x_wconf 90' lang='lat' dir='ltr'><strong>in</strong></span> <span class='ocrx_word' id='word_1_215' title='bbox 2862 2854 3188 2908; x_wconf 86' lang='lat' dir='ltr'><strong>centenario-</strong></span> 
     </span>
     <span class='ocr_line' id='line_1_21' title="bbox 492 2927 3187 3000; baseline 0 -15"><span class='ocrx_word' id='word_1_216' title='bbox 492 2930 609 2985; x_wconf 85' lang='lat' dir='ltr'><strong>Ant</strong></span> <span class='ocrx_word' id='word_1_217' title='bbox 641 2927 805 2997; x_wconf 88' lang='lat' dir='ltr'><strong>igitur</strong></span> <span class='ocrx_word' id='word_1_218' title='bbox 841 2927 1109 2984; x_wconf 79' lang='lat' dir='ltr'><strong>abolenda</strong></span> <span class='ocrx_word' id='word_1_219' title='bbox 1145 2929 1245 2985; x_wconf 75' lang='lat' dir='ltr'><strong>erit</strong></span> <span class='ocrx_word' id='word_1_220' title='bbox 1285 2945 1389 2985; x_wconf 67' lang='lat' dir='ltr'><strong>vox</strong></span> <span class='ocrx_word' id='word_1_221' title='bbox 1425 2933 1746 2989; x_wconf 68' lang='lat' dir='ltr'><strong>septenarii.</strong></span> <span class='ocrx_word' id='word_1_222' title='bbox 1802 2930 2192 2987; x_wconf 67' lang='lat' dir='ltr'><strong>iutra,·ducenda</strong></span> <span class='ocrx_word' id='word_1_223' title='bbox 2227 2930 2367 2994; x_wconf 87' lang='lat' dir='ltr'><strong>alia,</strong></span> <span class='ocrx_word' id='word_1_224' title='bbox 2420 2934 2516 2984; x_wconf 87' lang='lat' dir='ltr'><strong>aut</strong></span> <span class='ocrx_word' id='word_1_225' title='bbox 2565 2930 2879 2985; x_wconf 86' lang='lat' dir='ltr'><strong>centenario</strong></span> <span class='ocrx_word' id='word_1_226' title='bbox 2928 2946 3187 3000; x_wconf 84' lang='lat' dir='ltr'><strong>numerus</strong></span> 
     </span>
     <span class='ocr_line' id='line_1_22' title="bbox 498 3008 3192 3084; baseline 0 -20"><span class='ocrx_word' id='word_1_227' title='bbox 498 3009 761 3065; x_wconf 88' lang='lat' dir='ltr'><strong>librarum</strong></span> <span class='ocrx_word' id='word_1_228' title='bbox 800 3008 1012 3064; x_wconf 88' lang='lat' dir='ltr'><strong>dandus</strong></span> <span class='ocrx_word' id='word_1_229' title='bbox 1049 3009 1205 3065; x_wconf 69' lang='lat' dir='ltr'><strong>nlius.</strong></span> <span class='ocrx_word' id='word_1_230' title='bbox 1245 3017 1433 3065; x_wconf 72' lang='lat' dir='ltr'><strong>eontra</strong></span> <span class='ocrx_word' id='word_1_231' title='bbox 1469 3013 1814 3065; x_wconf 69' lang='lat' dir='ltr'><strong>manifestum</strong></span> <span class='ocrx_word' id='word_1_232' title='bbox 1858 3013 2005 3067; x_wconf 63' lang='lat' dir='ltr'><strong>rucis</strong></span> <span class='ocrx_word' id='word_1_233' title='bbox 2054 3025 2262 3066; x_wconf 91' lang='lat' dir='ltr'><strong>sonum.</strong></span> <span class='ocrx_word' id='word_1_234' title='bbox 2337 3009 2641 3084; x_wconf 84' lang='lat' dir='ltr'><strong>Utrumque</strong></span> <span class='ocrx_word' id='word_1_235' title='bbox 2683 3024 2811 3064; x_wconf 84' lang='lat' dir='ltr'><strong>vero</strong></span> <span class='ocrx_word' id='word_1_236' title='bbox 2856 3008 3037 3082; x_wconf 42' lang='lat' dir='ltr'><strong>plane·</strong></span> <span class='ocrx_word' id='word_1_237' title='bbox 3067 3019 3192 3079; x_wconf 84' lang='lat' dir='ltr'><strong>gra-</strong></span> 
     </span>
     <span class='ocr_line' id='line_1_23' title="bbox 496 3085 3186 3161; baseline 0 -18"><span class='ocrx_word' id='word_1_238' title='bbox 496 3088 785 3143; x_wconf 81' lang='lat' dir='ltr'><strong>vissimum·</strong></span> <span class='ocrx_word' id='word_1_239' title='bbox 814 3088 991 3156; x_wconf 83' lang='lat' dir='ltr'><strong>factu3</strong></span> <span class='ocrx_word' id='word_1_240' title='bbox 1033 3107 1133 3141; x_wconf 69' lang='lat' dir='ltr'><strong>usn</strong></span> <span class='ocrx_word' id='word_1_241' title='bbox 1174 3105 1277 3141; x_wconf 74' lang='lat' dir='ltr'><strong>,nnn</strong></span> <span class='ocrx_word' id='word_1_242' title='bbox 1317 3089 1389 3145; x_wconf 64' lang='lat' dir='ltr'><strong>its</strong></span> <span class='ocrx_word' id='word_1_243' title='bbox 1433 3093 1738 3161; x_wconf 63' lang='lat' dir='ltr'><strong>expetibile,</strong></span> <span class='ocrx_word' id='word_1_244' title='bbox 1782 3093 1822 3145; x_wconf 68' lang='lat' dir='ltr'><strong>si</strong></span> <span class='ocrx_word' id='word_1_245' title='bbox 1866 3090 1992 3157; x_wconf 76' lang='lat' dir='ltr'><strong>quid</strong></span> <span class='ocrx_word' id='word_1_246' title='bbox 2030 3087 2183 3143; x_wconf 86' lang='lat' dir='ltr'><strong>valeo</strong></span> <span class='ocrx_word' id='word_1_247' title='bbox 2213 3085 2445 3155; x_wconf 80' lang='lat' dir='ltr'><strong>judicio.</strong></span> <span class='ocrx_word' id='word_1_248' title='bbox 2508 3088 2646 3142; x_wconf 86' lang='lat' dir='ltr'><strong>Nam</strong></span> <span class='ocrx_word' id='word_1_249' title='bbox 2673 3088 2719 3142; x_wconf 89' lang='lat' dir='ltr'><strong>si</strong></span> <span class='ocrx_word' id='word_1_250' title='bbox 2748 3104 2855 3157; x_wconf 87' lang='lat' dir='ltr'><strong>qua</strong></span> <span class='ocrx_word' id='word_1_251' title='bbox 2876 3085 3186 3160; x_wconf 81' lang='lat' dir='ltr'><strong>progressio</strong></span> 
     </span>
     <span class='ocr_line' id='line_1_24' title="bbox 496 3167 3190 3240; baseline 0 -17"><span class='ocrx_word' id='word_1_252' title='bbox 496 3168 775 3237; x_wconf 83' lang='lat' dir='ltr'><strong>recipitur,</strong></span> <span class='ocrx_word' id='word_1_253' title='bbox 810 3168 865 3222; x_wconf 87' lang='lat' dir='ltr'><strong>id</strong></span> <span class='ocrx_word' id='word_1_254' title='bbox 902 3168 964 3222; x_wconf 86' lang='lat' dir='ltr'><strong>fit</strong></span> <span class='ocrx_word' id='word_1_255' title='bbox 1001 3184 1165 3222; x_wconf 53' lang='lat' dir='ltr'><strong>causa</strong></span> <span class='ocrx_word' id='word_1_256' title='bbox 1205 3169 1506 3237; x_wconf 61' lang='lat' dir='ltr'><strong>eumpendii</strong></span> <span class='ocrx_word' id='word_1_257' title='bbox 1546 3169 1598 3221; x_wconf 80' lang='lat' dir='ltr'><strong>in</strong></span> <span class='ocrx_word' id='word_1_258' title='bbox 1642 3169 1934 3237; x_wconf 66' lang='lat' dir='ltr'><strong>majeribus</strong></span> <span class='ocrx_word' id='word_1_259' title='bbox 1972 3167 2226 3236; x_wconf 81' lang='lat' dir='ltr'><strong>numeria,</strong></span> <span class='ocrx_word' id='word_1_260' title='bbox 2263 3168 2452 3235; x_wconf 86' lang='lat' dir='ltr'><strong>itaque</strong></span> <span class='ocrx_word' id='word_1_261' title='bbox 2487 3176 2712 3236; x_wconf 77' lang='lat' dir='ltr'><strong>recepta</strong></span> <span class='ocrx_word' id='word_1_262' title='bbox 2748 3176 2834 3223; x_wconf 89' lang='lat' dir='ltr'><strong>est</strong></span> <span class='ocrx_word' id='word_1_263' title='bbox 2867 3170 3103 3240; x_wconf 69' lang='lat' dir='ltr'><strong>primum</strong></span> <span class='ocrx_word' id='word_1_264' title='bbox 3136 3169 3190 3223; x_wconf 93' lang='lat' dir='ltr'><strong>in</strong></span> 
     </span>
     <span class='ocr_line' id='line_1_25' title="bbox 496 3244 3196 3320; baseline -0.001 -17"><span class='ocrx_word' id='word_1_265' title='bbox 496 3263 751 3303; x_wconf 87' lang='lat' dir='ltr'><strong>numeros</strong></span> <span class='ocrx_word' id='word_1_266' title='bbox 787 3247 951 3316; x_wconf 89' lang='lat' dir='ltr'><strong>ipsos,</strong></span> <span class='ocrx_word' id='word_1_267' title='bbox 990 3246 1235 3315; x_wconf 87' lang='lat' dir='ltr'><strong>quisunt</strong></span> <span class='ocrx_word' id='word_1_268' title='bbox 1260 3247 1402 3300; x_wconf 90' lang='lat' dir='ltr'><strong>omni</strong></span> <span class='ocrx_word' id='word_1_269' title='bbox 1438 3263 1497 3300; x_wconf 90' lang='lat' dir='ltr'><strong>rc</strong></span> <span class='ocrx_word' id='word_1_270' title='bbox 1522 3254 1804 3301; x_wconf 87' lang='lat' dir='ltr'><strong>numerata</strong></span> <span class='ocrx_word' id='word_1_271' title='bbox 1838 3244 2253 3314; x_wconf 85' lang='lat' dir='ltr'><strong>numerosiores,</strong></span> <span class='ocrx_word' id='word_1_272' title='bbox 2278 3244 2491 3300; x_wconf 85' lang='lat' dir='ltr'><strong>&#39;deinde</strong></span> <span class='ocrx_word' id='word_1_273' title='bbox 2526 3246 2582 3298; x_wconf 92' lang='lat' dir='ltr'><strong>in</strong></span> <span class='ocrx_word' id='word_1_274' title='bbox 2619 3246 3027 3320; x_wconf 72' lang='lat' dir='ltr'><strong>astronomiam,</strong></span> <span class='ocrx_word' id='word_1_275' title='bbox 3065 3247 3196 3316; x_wconf 78' lang='lat' dir='ltr'><strong>quia</strong></span> 
     </span>
     <span class='ocr_line' id='line_1_26' title="bbox 498 3324 3198 3395; baseline -0 -15"><span class='ocrx_word' id='word_1_276' title='bbox 498 3326 832 3381; x_wconf 86' lang='lat' dir='ltr'><strong>numerando</strong></span> <span class='ocrx_word' id='word_1_277' title='bbox 871 3327 939 3381; x_wconf 84' lang='lat' dir='ltr'><strong>ad</strong></span> <span class='ocrx_word' id='word_1_278' title='bbox 978 3324 1331 3381; x_wconf 88' lang='lat' dir='ltr'><strong>subtilissima</strong></span> <span class='ocrx_word' id='word_1_279' title='bbox 1367 3342 1465 3379; x_wconf 89' lang='lat' dir='ltr'><strong>nos</strong></span> <span class='ocrx_word' id='word_1_280' title='bbox 1502 3324 1758 3395; x_wconf 84' lang='lat' dir='ltr'><strong>progredi</strong></span> <span class='ocrx_word' id='word_1_281' title='bbox 1806 3340 2030 3380; x_wconf 87' lang='lat' dir='ltr'><strong>necesse</strong></span> <span class='ocrx_word' id='word_1_282' title='bbox 2079 3331 2195 3392; x_wconf 75' lang='lat' dir='ltr'><strong>est,</strong></span> <span class='ocrx_word' id='word_1_283' title='bbox 2252 3325 2321 3379; x_wconf 93' lang='lat' dir='ltr'><strong>ob</strong></span> <span class='ocrx_word' id='word_1_284' title='bbox 2361 3333 2601 3379; x_wconf 88' lang='lat' dir='ltr'><strong>motuum</strong></span> <span class='ocrx_word' id='word_1_285' title='bbox 2636 3326 3092 3394; x_wconf 83' lang='lat' dir='ltr'><strong>perpetuitatem,</strong></span> <span class='ocrx_word' id='word_1_286' title='bbox 3127 3339 3198 3380; x_wconf 89' lang='lat' dir='ltr'><strong>ne</strong></span> 
     </span>
     <span class='ocr_line' id='line_1_27' title="bbox 500 3403 3193 3480; baseline 0 -21"><span class='ocrx_word' id='word_1_287' title='bbox 500 3405 633 3474; x_wconf 87' lang='lat' dir='ltr'><strong>quid</strong></span> <span class='ocrx_word' id='word_1_288' title='bbox 669 3405 725 3458; x_wconf 92' lang='lat' dir='ltr'><strong>in</strong></span> <span class='ocrx_word' id='word_1_289' title='bbox 760 3404 1055 3475; x_wconf 87' lang='lat' dir='ltr'><strong>longinquo</strong></span> <span class='ocrx_word' id='word_1_290' title='bbox 1092 3413 1352 3473; x_wconf 87' lang='lat' dir='ltr'><strong>peccetur</strong></span> <span class='ocrx_word' id='word_1_291' title='bbox 1385 3404 1640 3459; x_wconf 88' lang='lat' dir='ltr'><strong>notabile.</strong></span> <span class='ocrx_word' id='word_1_292' title='bbox 1711 3406 1838 3459; x_wconf 86' lang='lat' dir='ltr'><strong>Jam</strong></span> <span class='ocrx_word' id='word_1_293' title='bbox 1893 3420 2034 3474; x_wconf 90' lang='lat' dir='ltr'><strong>quae</strong></span> <span class='ocrx_word' id='word_1_294' title='bbox 2087 3419 2188 3458; x_wconf 88' lang='lat' dir='ltr'><strong>nos</strong></span> <span class='ocrx_word' id='word_1_295' title='bbox 2240 3403 2493 3458; x_wconf 88' lang='lat' dir='ltr'><strong>metimur</strong></span> <span class='ocrx_word' id='word_1_296' title='bbox 2535 3410 2592 3480; x_wconf 85' lang='lat' dir='ltr'><strong>et</strong></span> <span class='ocrx_word' id='word_1_297' title='bbox 2638 3420 2779 3473; x_wconf 88' lang='lat' dir='ltr'><strong>quae</strong></span> <span class='ocrx_word' id='word_1_298' title='bbox 2825 3406 3193 3475; x_wconf 78' lang='lat' dir='ltr'><strong>ponderamus</strong></span> 
     </span>
    </p>
   </div>
   <div class='ocr_carea' id='block_1_3' title="bbox 500 3482 3194 3561">
    <p class='ocr_par' dir='ltr' id='par_1_6' title="bbox 500 3482 3194 3561">
     <span class='ocr_line' id='line_1_28' title="bbox 500 3482 3194 3561; baseline -0.001 -24"><span class='ocrx_word' id='word_1_299' title='bbox 500 3483 888 3551; x_wconf 87' lang='lat' dir='ltr'><strong>communiter,</strong></span> <span class='ocrx_word' id='word_1_300' title='bbox 944 3483 1038 3536; x_wconf 85' lang='lat' dir='ltr'><strong>illa</strong></span> <span class='ocrx_word' id='word_1_301' title='bbox 1081 3482 1270 3537; x_wconf 89' lang='lat' dir='ltr'><strong>breves</strong></span> <span class='ocrx_word' id='word_1_302' title='bbox 1317 3483 1533 3537; x_wconf 90' lang='lat' dir='ltr'><strong>omnino</strong></span> <span class='ocrx_word' id='word_1_303' title='bbox 1582 3499 1819 3538; x_wconf 89' lang='lat' dir='ltr'><strong>summas</strong></span> <span class='ocrx_word' id='word_1_304' title='bbox 1856 3483 2094 3549; x_wconf 83' lang='lat' dir='ltr'><strong>faciunt,</strong></span> <span class='ocrx_word' id='word_1_305' title='bbox 2148 3482 2400 3550; x_wconf 76' lang='lat' dir='ltr'><strong>majores</strong></span> <span class='ocrx_word' id='word_1_306' title='bbox 2433 3498 2561 3539; x_wconf 88' lang='lat' dir='ltr'><strong>vero</strong></span> <span class='ocrx_word' id='word_1_307' title='bbox 2617 3485 2764 3552; x_wconf 83' lang='lat' dir='ltr'><strong>apud</strong></span> <span class='ocrx_word' id='word_1_308' title='bbox 2820 3483 3194 3561; x_wconf 76' lang='lat' dir='ltr'><strong>paucissimos.</strong></span> 
     </span>
    </p>
   </div>
   <div class='ocr_carea' id='block_1_4' title="bbox 495 3561 3289 3630">
    <p class='ocr_par' dir='ltr' id='par_1_7' title="bbox 495 3561 3289 3630">
     <span class='ocr_line' id='line_1_29' title="bbox 495 3561 3289 3630; baseline -0.002 -10"><span class='ocrx_word' id='word_1_309' title='bbox 495 3564 637 3620; x_wconf 83' lang='lat' dir='ltr'><strong>Nam</strong></span> <span class='ocrx_word' id='word_1_310' title='bbox 676 3563 755 3617; x_wconf 91' lang='lat' dir='ltr'><strong>sic</strong></span> <span class='ocrx_word' id='word_1_311' title='bbox 790 3564 1058 3625; x_wconf 86' lang='lat' dir='ltr'><strong>existim0,</strong></span> <span class='ocrx_word' id='word_1_312' title='bbox 1100 3562 1147 3617; x_wconf 89' lang='lat' dir='ltr'><strong>si</strong></span> <span class='ocrx_word' id='word_1_313' title='bbox 1185 3563 1305 3630; x_wconf 90' lang='lat' dir='ltr'><strong>quis</strong></span> <span class='ocrx_word' id='word_1_314' title='bbox 1349 3565 1517 3619; x_wconf 87' lang='grc'>10000</span> <span class='ocrx_word' id='word_1_315' title='bbox 1553 3561 1869 3617; x_wconf 80' lang='lat' dir='ltr'><strong>fuderorum</strong></span> <span class='ocrx_word' id='word_1_316' title='bbox 1895 3563 2003 3616; x_wconf 87' lang='lat' dir='ltr'><strong>vini</strong></span> <span class='ocrx_word' id='word_1_317' title='bbox 2028 3563 2278 3617; x_wconf 86' lang='lat' dir='ltr'><strong>Rhenani</strong></span> <span class='ocrx_word' id='word_1_318' title='bbox 2302 3571 2572 3629; x_wconf 90' lang='lat' dir='ltr'><strong>numeret,</strong></span> <span class='ocrx_word' id='word_1_319' title='bbox 2608 3562 2770 3616; x_wconf 87' lang='lat' dir='ltr'><strong>unius</strong></span> <span class='ocrx_word' id='word_1_320' title='bbox 2807 3563 2935 3617; x_wconf 86' lang='lat' dir='ltr'><strong>anni</strong></span> <span class='ocrx_word' id='word_1_321' title='bbox 2969 3576 3196 3630; x_wconf 85' lang='lat' dir='ltr'><strong>proven·</strong></span> <span class='ocrx_word' id='word_1_322' title='bbox 3284 3566 3289 3569; x_wconf 79' lang='grc'><strong>’</strong></span> 
     </span>
    </p>
   </div>
   <div class='ocr_carea' id='block_1_5' title="bbox 442 3640 3228 5382">
    <p class='ocr_par' dir='ltr' id='par_1_8' title="bbox 442 3640 3197 3875">
     <span class='ocr_line' id='line_1_30' title="bbox 442 3640 3197 3722; baseline -0.001 -26"><span class='ocrx_word' id='word_1_323' title='bbox 442 3661 446 3665; x_wconf 61' lang='grc'><strong><em>’</em></strong></span> <span class='ocrx_word' id='word_1_324' title='bbox 484 3652 615 3722; x_wconf 48' lang='lat' dir='ltr'><strong>&#39;tum</strong></span> <span class='ocrx_word' id='word_1_325' title='bbox 654 3657 763 3696; x_wconf 88' lang='lat' dir='ltr'><strong>non</strong></span> <span class='ocrx_word' id='word_1_326' title='bbox 799 3640 935 3694; x_wconf 86' lang='lat' dir='ltr'><strong>adeo</strong></span> <span class='ocrx_word' id='word_1_327' title='bbox 972 3641 1153 3696; x_wconf 91' lang='lat' dir='ltr'><strong>multis</strong></span> <span class='ocrx_word' id='word_1_328' title='bbox 1190 3641 1401 3697; x_wconf 89' lang='lat' dir='ltr'><strong>vicibus</strong></span> <span class='ocrx_word' id='word_1_329' title='bbox 1437 3642 1556 3696; x_wconf 85' lang='lat' dir='ltr'><strong>fore</strong></span> <span class='ocrx_word' id='word_1_330' title='bbox 1591 3643 1865 3710; x_wconf 89' lang='lat' dir='ltr'><strong>majorem.</strong></span> <span class='ocrx_word' id='word_1_331' title='bbox 1938 3642 2042 3711; x_wconf 82' lang='lat' dir='ltr'><strong>Qui</strong></span> <span class='ocrx_word' id='word_1_332' title='bbox 2076 3658 2207 3697; x_wconf 83' lang='lat' dir='ltr'><strong>vero</strong></span> <span class='ocrx_word' id='word_1_333' title='bbox 2254 3642 2488 3709; x_wconf 68' lang='lat' dir='ltr'><strong>maiores</strong></span> <span class='ocrx_word' id='word_1_334' title='bbox 2532 3656 2769 3698; x_wconf 83' lang='lat' dir='ltr'><strong>summas</strong></span> <span class='ocrx_word' id='word_1_335' title='bbox 2820 3647 3082 3711; x_wconf 84' lang='lat' dir='ltr'><strong>tractant,</strong></span> <span class='ocrx_word' id='word_1_336' title='bbox 3135 3649 3197 3694; x_wconf 87' lang='lat' dir='ltr'><strong>ut</strong></span> 
     </span>
     <span class='ocr_line' id='line_1_31' title="bbox 497 3713 3196 3791; baseline -0.001 -12"><span class='ocrx_word' id='word_1_337' title='bbox 497 3726 557 3787; x_wconf 84' lang='lat' dir='ltr'><strong>in</strong></span> <span class='ocrx_word' id='word_1_338' title='bbox 593 3738 653 3776; x_wconf 88' lang='lat' dir='ltr'><strong>re</strong></span> <span class='ocrx_word' id='word_1_339' title='bbox 688 3722 1005 3786; x_wconf 87' lang='lat' dir='ltr'><strong>monetaria,</strong></span> <span class='ocrx_word' id='word_1_340' title='bbox 1039 3721 1107 3775; x_wconf 92' lang='lat' dir='ltr'><strong>iis</strong></span> <span class='ocrx_word' id='word_1_341' title='bbox 1144 3720 1452 3791; x_wconf 83' lang='lat' dir='ltr'><strong>exemplum</strong></span> <span class='ocrx_word' id='word_1_342' title='bbox 1488 3719 1827 3776; x_wconf 85' lang='lat' dir='ltr'><strong>Archimedis</strong></span> <span class='ocrx_word' id='word_1_343' title='bbox 1863 3721 1919 3774; x_wconf 90' lang='lat' dir='ltr'><strong>in</strong></span> <span class='ocrx_word' id='word_1_344' title='bbox 1966 3720 2229 3777; x_wconf 86' lang='lat' dir='ltr'><strong>tradendo</strong></span> <span class='ocrx_word' id='word_1_345' title='bbox 2279 3733 2477 3779; x_wconf 83' lang='lat' dir='ltr'><strong>arenae</strong></span> <span class='ocrx_word' id='word_1_346' title='bbox 2513 3713 2737 3778; x_wconf 81' lang='lat' dir='ltr'><strong>numero</strong></span> <span class='ocrx_word' id='word_1_347' title='bbox 2773 3723 2844 3777; x_wconf 90' lang='lat' dir='ltr'><strong>ad</strong></span> <span class='ocrx_word' id='word_1_348' title='bbox 2878 3716 3196 3777; x_wconf 82' lang='lat' dir='ltr'><strong>imitandum</strong></span> 
     </span>
     <span class='ocr_line' id='line_1_32' title="bbox 499 3801 2921 3875; baseline -0.003 -14"><span class='ocrx_word' id='word_1_349' title='bbox 499 3812 588 3861; x_wconf 85' lang='lat' dir='ltr'><strong>est</strong></span> <span class='ocrx_word' id='word_1_350' title='bbox 618 3801 977 3875; x_wconf 89' lang='lat' dir='ltr'><strong>propositum.</strong></span> <span class='ocrx_word' id='word_1_351' title='bbox 2645 3801 2649 3805; x_wconf 78' lang='grc'><strong>’</strong></span> <span class='ocrx_word' id='word_1_352' title='bbox 2794 3807 2800 3814; x_wconf 87' lang='grc'><em>’</em></span> <span class='ocrx_word' id='word_1_353' title='bbox 2912 3849 2921 3854; x_wconf 85' lang='grc'><strong>.</strong></span> 
     </span>
    </p>

    <p class='ocr_par' dir='ltr' id='par_1_9' title="bbox 496 3878 3200 4336">
     <span class='ocr_line' id='line_1_33' title="bbox 675 3878 3200 3954; baseline 0 -17"><span class='ocrx_word' id='word_1_354' title='bbox 675 3882 781 3937; x_wconf 85' lang='lat' dir='ltr'><strong>Est</strong></span> <span class='ocrx_word' id='word_1_355' title='bbox 814 3896 943 3936; x_wconf 87' lang='lat' dir='ltr'><strong>vero</strong></span> <span class='ocrx_word' id='word_1_356' title='bbox 979 3880 1202 3948; x_wconf 89' lang='lat' dir='ltr'><strong>insuper</strong></span> <span class='ocrx_word' id='word_1_357' title='bbox 1237 3878 1527 3935; x_wconf 89' lang='lat' dir='ltr'><strong>metuenda</strong></span> <span class='ocrx_word' id='word_1_358' title='bbox 1559 3879 1770 3949; x_wconf 88' lang='lat' dir='ltr'><strong>clades,</strong></span> <span class='ocrx_word' id='word_1_359' title='bbox 1823 3881 1872 3935; x_wconf 91' lang='lat' dir='ltr'><strong>si</strong></span> <span class='ocrx_word' id='word_1_360' title='bbox 1907 3881 2201 3949; x_wconf 88' lang='lat' dir='ltr'><strong>recipiatur</strong></span> <span class='ocrx_word' id='word_1_361' title='bbox 2237 3879 2632 3950; x_wconf 86' lang='lat' dir='ltr'><strong>progressionis</strong></span> <span class='ocrx_word' id='word_1_362' title='bbox 2667 3881 2988 3954; x_wconf 75' lang='lat' dir='ltr'><strong>aequalitas.</strong></span> <span class='ocrx_word' id='word_1_363' title='bbox 3058 3882 3200 3937; x_wconf 83' lang='lat' dir='ltr'><strong>Nam</strong></span> 
     </span>
     <span class='ocr_line' id='line_1_34' title="bbox 498 3957 3198 4036; baseline -0.001 -18"><span class='ocrx_word' id='word_1_364' title='bbox 498 3972 565 4019; x_wconf 88' lang='lat' dir='ltr'><strong>ut</strong></span> <span class='ocrx_word' id='word_1_365' title='bbox 600 3971 917 4032; x_wconf 85' lang='lat' dir='ltr'><strong>praesentes</strong></span> <span class='ocrx_word' id='word_1_366' title='bbox 956 3967 1012 4013; x_wconf 92' lang='lat' dir='ltr'><strong>et</strong></span> <span class='ocrx_word' id='word_1_367' title='bbox 1045 3965 1297 4027; x_wconf 88' lang='lat' dir='ltr'><strong>posteros</strong></span> <span class='ocrx_word' id='word_1_368' title='bbox 1333 3959 1389 4013; x_wconf 90' lang='lat' dir='ltr'><strong>in</strong></span> <span class='ocrx_word' id='word_1_369' title='bbox 1427 3967 1701 4027; x_wconf 85' lang='lat' dir='ltr'><strong>potestate</strong></span> <span class='ocrx_word' id='word_1_370' title='bbox 1737 3967 1926 4016; x_wconf 84' lang='lat' dir='ltr'><strong>nostra</strong></span> <span class='ocrx_word' id='word_1_371' title='bbox 1961 3960 2258 4016; x_wconf 88' lang='lat' dir='ltr'><strong>habeamus</strong></span> <span class='ocrx_word' id='word_1_372' title='bbox 2278 4000 2292 4025; x_wconf 94' lang='lat'><strong>,</strong></span> <span class='ocrx_word' id='word_1_373' title='bbox 2353 3957 2587 4026; x_wconf 80' lang='lat' dir='ltr'><strong>majores</strong></span> <span class='ocrx_word' id='word_1_374' title='bbox 2639 3966 2786 4034; x_wconf 89' lang='lat' dir='ltr'><strong>certe</strong></span> <span class='ocrx_word' id='word_1_375' title='bbox 2835 3967 3055 4036; x_wconf 80' lang='lat' dir='ltr'><strong>nostros</strong></span> <span class='ocrx_word' id='word_1_376' title='bbox 3088 3977 3198 4018; x_wconf 82' lang='lat' dir='ltr'><strong>non</strong></span> 
     </span>
     <span class='ocr_line' id='line_1_35' title="bbox 502 4037 3195 4114; baseline -0.001 -19"><span class='ocrx_word' id='word_1_377' title='bbox 502 4042 781 4101; x_wconf 85' lang='lat' dir='ltr'><strong>habemus.</strong></span> <span class='ocrx_word' id='word_1_378' title='bbox 852 4040 1047 4109; x_wconf 88' lang='lat' dir='ltr'><strong>Itaque</strong></span> <span class='ocrx_word' id='word_1_379' title='bbox 1085 4055 1206 4093; x_wconf 87' lang='lat' dir='ltr'><strong>cum</strong></span> <span class='ocrx_word' id='word_1_380' title='bbox 1243 4037 1405 4094; x_wconf 89' lang='lat' dir='ltr'><strong>iidem</strong></span> <span class='ocrx_word' id='word_1_381' title='bbox 1441 4039 1825 4110; x_wconf 87' lang='lat' dir='ltr'><strong>inaequalitate</strong></span> <span class='ocrx_word' id='word_1_382' title='bbox 1863 4041 1916 4094; x_wconf 89' lang='lat' dir='ltr'><strong>in</strong></span> <span class='ocrx_word' id='word_1_383' title='bbox 1956 4039 2259 4106; x_wconf 86' lang='lat' dir='ltr'><strong>colligendo</strong></span> <span class='ocrx_word' id='word_1_384' title='bbox 2297 4039 2405 4092; x_wconf 88' lang='lat' dir='ltr'><strong>sint</strong></span> <span class='ocrx_word' id='word_1_385' title='bbox 2428 4038 2539 4114; x_wconf 58' lang='lat' dir='ltr'><strong>usi,</strong></span> <span class='ocrx_word' id='word_1_386' title='bbox 2570 4054 2640 4091; x_wconf 89' lang='lat' dir='ltr'><strong>an</strong></span> <span class='ocrx_word' id='word_1_387' title='bbox 2667 4054 2774 4092; x_wconf 89' lang='lat' dir='ltr'><strong>non</strong></span> <span class='ocrx_word' id='word_1_388' title='bbox 2803 4038 2930 4095; x_wconf 90' lang='lat' dir='ltr'><strong>olim</strong></span> <span class='ocrx_word' id='word_1_389' title='bbox 2951 4042 3195 4110; x_wconf 87' lang='lat' dir='ltr'><strong>ipsorum</strong></span> 
     </span>
     <span class='ocr_line' id='line_1_36' title="bbox 496 4117 3200 4189; baseline -0.002 -12"><span class='ocrx_word' id='word_1_390' title='bbox 496 4121 729 4177; x_wconf 88' lang='lat' dir='ltr'><strong>rationis</strong></span> <span class='ocrx_word' id='word_1_391' title='bbox 780 4117 1097 4173; x_wconf 85' lang='lat' dir='ltr'><strong>numerandi</strong></span> <span class='ocrx_word' id='word_1_392' title='bbox 1149 4118 1368 4186; x_wconf 88' lang='lat' dir='ltr'><strong>penitus</strong></span> <span class='ocrx_word' id='word_1_393' title='bbox 1422 4119 1833 4187; x_wconf 75' lang='lat' dir='ltr'><strong>obliviscemur,</strong></span> <span class='ocrx_word' id='word_1_394' title='bbox 1887 4121 2173 4189; x_wconf 85' lang='lat' dir='ltr'><strong>repudiata</strong></span> <span class='ocrx_word' id='word_1_395' title='bbox 2226 4117 2634 4187; x_wconf 80' lang='lat' dir='ltr'><strong>inaequalitate:</strong></span> <span class='ocrx_word' id='word_1_396' title='bbox 2691 4118 2772 4172; x_wconf 89' lang='lat' dir='ltr'><strong>uti</strong></span> <span class='ocrx_word' id='word_1_397' title='bbox 2819 4119 3034 4186; x_wconf 85' lang='lat' dir='ltr'><strong>quidem</strong></span> <span class='ocrx_word' id='word_1_398' title='bbox 3082 4117 3200 4172; x_wconf 83' lang='lat' dir='ltr'><strong>sola</strong></span> 
     </span>
     <span class='ocr_line' id='line_1_37' title="bbox 498 4197 3194 4273; baseline -0.001 -16"><span class='ocrx_word' id='word_1_399' title='bbox 498 4211 809 4269; x_wconf 88' lang='lat' dir='ltr'><strong>temporum</strong></span> <span class='ocrx_word' id='word_1_400' title='bbox 845 4197 1198 4254; x_wconf 87' lang='lat' dir='ltr'><strong>diuturnitate</strong></span> <span class='ocrx_word' id='word_1_401' title='bbox 1234 4197 1439 4253; x_wconf 82' lang='lat' dir='ltr'><strong>factum</strong></span> <span class='ocrx_word' id='word_1_402' title='bbox 1469 4199 1586 4267; x_wconf 85' lang='lat' dir='ltr'><strong>jam</strong></span> <span class='ocrx_word' id='word_1_403' title='bbox 1624 4199 1867 4255; x_wconf 87' lang='lat' dir='ltr'><strong>videmus</strong></span> <span class='ocrx_word' id='word_1_404' title='bbox 1906 4199 1973 4255; x_wconf 88' lang='lat' dir='ltr'><strong>de</strong></span> <span class='ocrx_word' id='word_1_405' title='bbox 2008 4198 2273 4253; x_wconf 87' lang='lat' dir='ltr'><strong>mensuris</strong></span> <span class='ocrx_word' id='word_1_406' title='bbox 2307 4197 2699 4265; x_wconf 77' lang='lat' dir='ltr'><strong>Romanorum,</strong></span> <span class='ocrx_word' id='word_1_407' title='bbox 2749 4213 2889 4273; x_wconf 87' lang='lat' dir='ltr'><strong>quas</strong></span> <span class='ocrx_word' id='word_1_408' title='bbox 2923 4198 3022 4253; x_wconf 83' lang='lat' dir='ltr'><strong>viri</strong></span> <span class='ocrx_word' id='word_1_409' title='bbox 3067 4198 3194 4254; x_wconf 85' lang='lat' dir='ltr'><strong>doc·</strong></span> 
     </span>
     <span class='ocr_line' id='line_1_38' title="bbox 498 4277 1836 4336; baseline -0.002 0"><span class='ocrx_word' id='word_1_410' title='bbox 498 4279 698 4336; x_wconf 90' lang='lat' dir='ltr'><strong>tissimi</strong></span> <span class='ocrx_word' id='word_1_411' title='bbox 732 4279 821 4332; x_wconf 81' lang='lat' dir='ltr'><strong>vix</strong></span> <span class='ocrx_word' id='word_1_412' title='bbox 858 4277 1004 4332; x_wconf 91' lang='lat' dir='ltr'><strong>omni</strong></span> <span class='ocrx_word' id='word_1_413' title='bbox 1037 4277 1221 4332; x_wconf 89' lang='lat' dir='ltr'><strong>studio</strong></span> <span class='ocrx_word' id='word_1_414' title='bbox 1260 4277 1314 4331; x_wconf 88' lang='lat' dir='ltr'><strong>in</strong></span> <span class='ocrx_word' id='word_1_415' title='bbox 1350 4278 1525 4333; x_wconf 91' lang='lat' dir='ltr'><strong>lucem</strong></span> <span class='ocrx_word' id='word_1_416' title='bbox 1561 4288 1836 4333; x_wconf 84' lang='lat' dir='ltr'><strong>revocant.</strong></span> 
     </span>
    </p>

    <p class='ocr_par' dir='ltr' id='par_1_10' title="bbox 496 4350 3205 4904">
     <span class='ocr_line' id='line_1_39' title="bbox 678 4350 3200 4429; baseline -0 -16"><span class='ocrx_word' id='word_1_417' title='bbox 678 4359 806 4413; x_wconf 87' lang='lat' dir='ltr'><strong>Dixi</strong></span> <span class='ocrx_word' id='word_1_418' title='bbox 843 4373 969 4412; x_wconf 88' lang='lat' dir='ltr'><strong>vero</strong></span> <span class='ocrx_word' id='word_1_419' title='bbox 1007 4364 1064 4411; x_wconf 90' lang='lat' dir='ltr'><strong>et</strong></span> <span class='ocrx_word' id='word_1_420' title='bbox 1098 4357 1416 4412; x_wconf 87' lang='lat' dir='ltr'><strong>numerandi</strong></span> <span class='ocrx_word' id='word_1_421' title='bbox 1452 4350 2006 4412; x_wconf 79' lang='lat' dir='ltr'><strong>commoditatem</strong></span> <span class='ocrx_word' id='word_1_422' title='bbox 2050 4355 2301 4423; x_wconf 83' lang='lat' dir='ltr'><strong>adjuvari</strong></span> <span class='ocrx_word' id='word_1_423' title='bbox 2348 4354 2749 4425; x_wconf 82' lang='lat' dir='ltr'><strong>inaequalitate.</strong></span> <span class='ocrx_word' id='word_1_424' title='bbox 2825 4355 2965 4411; x_wconf 73' lang='lat' dir='ltr'><strong>Bam</strong></span> <span class='ocrx_word' id='word_1_425' title='bbox 3002 4356 3072 4429; x_wconf 79' lang='lat' dir='ltr'><strong>ad</strong></span> <span class='ocrx_word' id='word_1_426' title='bbox 3108 4372 3200 4412; x_wconf 83' lang='lat' dir='ltr'><strong>ex·</strong></span> 
     </span>
     <span class='ocr_line' id='line_1_40' title="bbox 499 4432 3200 4508; baseline -0.001 -16"><span class='ocrx_word' id='word_1_427' title='bbox 499 4438 688 4508; x_wconf 86' lang='lat' dir='ltr'><strong>pedite</strong></span> <span class='ocrx_word' id='word_1_428' title='bbox 726 4432 1132 4501; x_wconf 80' lang='lat' dir='ltr'><strong>numerandum,</strong></span> <span class='ocrx_word' id='word_1_429' title='bbox 1170 4437 1489 4506; x_wconf 81' lang='lat' dir='ltr'><strong>praesertim</strong></span> <span class='ocrx_word' id='word_1_430' title='bbox 1520 4437 1579 4491; x_wconf 89' lang='lat' dir='ltr'><strong>in</strong></span> <span class='ocrx_word' id='word_1_431' title='bbox 1616 4435 2010 4492; x_wconf 85' lang='lat' dir='ltr'><strong>contractibus.</strong></span> <span class='ocrx_word' id='word_1_432' title='bbox 2060 4435 2356 4504; x_wconf 77' lang='lat' dir='ltr'><strong>requiritur</strong></span> <span class='ocrx_word' id='word_1_433' title='bbox 2397 4434 2657 4489; x_wconf 87' lang='lat' dir='ltr'><strong>memoria</strong></span> <span class='ocrx_word' id='word_1_434' title='bbox 2692 4441 2747 4488; x_wconf 89' lang='lat' dir='ltr'><strong>et</strong></span> <span class='ocrx_word' id='word_1_435' title='bbox 2782 4434 3200 4490; x_wconf 85' lang='lat' dir='ltr'><strong>reminiscentia.</strong></span> 
     </span>
     <span class='ocr_line' id='line_1_41' title="bbox 496 4512 3200 4583; baseline -0.002 -10"><span class='ocrx_word' id='word_1_436' title='bbox 496 4518 626 4573; x_wconf 88' lang='lat' dir='ltr'><strong>Jam</strong></span> <span class='ocrx_word' id='word_1_437' title='bbox 651 4518 807 4572; x_wconf 86' lang='lat' dir='ltr'><strong>valde</strong></span> <span class='ocrx_word' id='word_1_438' title='bbox 829 4515 1039 4570; x_wconf 84' lang='lat' dir='ltr'><strong>lubrica</strong></span> <span class='ocrx_word' id='word_1_439' title='bbox 1072 4516 1318 4570; x_wconf 87' lang='lat' dir='ltr'><strong>redditur</strong></span> <span class='ocrx_word' id='word_1_440' title='bbox 1352 4514 1585 4571; x_wconf 84' lang='lat' dir='ltr'><strong>facultas</strong></span> <span class='ocrx_word' id='word_1_441' title='bbox 1620 4516 1744 4583; x_wconf 82' lang='lat' dir='ltr'><strong>ista,</strong></span> <span class='ocrx_word' id='word_1_442' title='bbox 1782 4516 1877 4570; x_wconf 88' lang='lat' dir='ltr'><strong>ubi</strong></span> <span class='ocrx_word' id='word_1_443' title='bbox 1913 4514 2064 4569; x_wconf 85' lang='lat' dir='ltr'><strong>nulla</strong></span> <span class='ocrx_word' id='word_1_444' title='bbox 2115 4522 2304 4569; x_wconf 83' lang='lat' dir='ltr'><strong>contra</strong></span> <span class='ocrx_word' id='word_1_445' title='bbox 2350 4527 2410 4566; x_wconf 89' lang='lat' dir='ltr'><strong>se</strong></span> <span class='ocrx_word' id='word_1_446' title='bbox 2446 4512 2700 4567; x_wconf 85' lang='lat' dir='ltr'><strong>distincta</strong></span> <span class='ocrx_word' id='word_1_447' title='bbox 2734 4512 2941 4567; x_wconf 87' lang='lat' dir='ltr'><strong>invenit</strong></span> <span class='ocrx_word' id='word_1_448' title='bbox 2975 4513 3200 4568; x_wconf 89' lang='lat' dir='ltr'><strong>admini-</strong></span> 
     </span>
     <span class='ocr_line' id='line_1_42' title="bbox 502 4590 3201 4664; baseline -0.001 -13"><span class='ocrx_word' id='word_1_449' title='bbox 502 4595 646 4651; x_wconf 90' lang='lat' dir='ltr'><strong>cula.</strong></span> <span class='ocrx_word' id='word_1_450' title='bbox 722 4595 855 4662; x_wconf 84' lang='lat' dir='ltr'><strong>Quis</strong></span> <span class='ocrx_word' id='word_1_451' title='bbox 882 4596 1020 4650; x_wconf 89' lang='lat' dir='ltr'><strong>enim</strong></span> <span class='ocrx_word' id='word_1_452' title='bbox 1057 4596 1242 4651; x_wconf 84' lang='lat' dir='ltr'><strong>statim</strong></span> <span class='ocrx_word' id='word_1_453' title='bbox 1280 4611 1338 4647; x_wconf 88' lang='lat' dir='ltr'><strong>se</strong></span> <span class='ocrx_word' id='word_1_454' title='bbox 1375 4593 1609 4664; x_wconf 85' lang='lat' dir='ltr'><strong>colliget,</strong></span> <span class='ocrx_word' id='word_1_455' title='bbox 1646 4594 1702 4648; x_wconf 91' lang='lat' dir='ltr'><strong>in</strong></span> <span class='ocrx_word' id='word_1_456' title='bbox 1739 4595 1994 4650; x_wconf 88' lang='lat' dir='ltr'><strong>secundis</strong></span> <span class='ocrx_word' id='word_1_457' title='bbox 2028 4610 2099 4648; x_wconf 89' lang='lat' dir='ltr'><strong>an</strong></span> <span class='ocrx_word' id='word_1_458' title='bbox 2135 4593 2311 4648; x_wconf 86' lang='lat' dir='ltr'><strong>tertiis</strong></span> <span class='ocrx_word' id='word_1_459' title='bbox 2348 4592 2695 4661; x_wconf 87' lang='lat' dir='ltr'><strong>versetur,·si</strong></span> <span class='ocrx_word' id='word_1_460' title='bbox 2731 4590 3090 4657; x_wconf 78' lang='lat' dir='ltr'><strong>secundorum</strong></span> <span class='ocrx_word' id='word_1_461' title='bbox 3130 4594 3201 4647; x_wconf 84' lang='lat' dir='ltr'><strong>ad</strong></span> 
     </span>
     <span class='ocr_line' id='line_1_43' title="bbox 500 4670 3202 4750; baseline -0.002 -20"><span class='ocrx_word' id='word_1_462' title='bbox 500 4676 669 4731; x_wconf 87' lang='lat' dir='ltr'><strong>tertia</strong></span> <span class='ocrx_word' id='word_1_463' title='bbox 705 4675 777 4729; x_wconf 89' lang='lat' dir='ltr'><strong>sit</strong></span> <span class='ocrx_word' id='word_1_464' title='bbox 813 4675 1000 4729; x_wconf 84' lang='lat' dir='ltr'><strong>cadem</strong></span> <span class='ocrx_word' id='word_1_465' title='bbox 1035 4674 1333 4744; x_wconf 88' lang='lat' dir='ltr'><strong>proportio,</strong></span> <span class='ocrx_word' id='word_1_466' title='bbox 1372 4690 1513 4744; x_wconf 89' lang='lat' dir='ltr'><strong>quae</strong></span> <span class='ocrx_word' id='word_1_467' title='bbox 1548 4673 1842 4743; x_wconf 88' lang='lat' dir='ltr'><strong>primorum</strong></span> <span class='ocrx_word' id='word_1_468' title='bbox 1878 4674 1949 4727; x_wconf 86' lang='lat' dir='ltr'><strong>ad</strong></span> <span class='ocrx_word' id='word_1_469' title='bbox 1986 4673 2239 4742; x_wconf 84' lang='lat' dir='ltr'><strong>secunda,</strong></span> <span class='ocrx_word' id='word_1_470' title='bbox 2274 4671 2380 4727; x_wconf 88' lang='lat' dir='ltr'><strong>nisi</strong></span> <span class='ocrx_word' id='word_1_471' title='bbox 2415 4670 2482 4725; x_wconf 81' lang='lat' dir='ltr'><strong>nd</strong></span> <span class='ocrx_word' id='word_1_472' title='bbox 2510 4686 2694 4726; x_wconf 79' lang='lat' dir='ltr'><strong>omnes</strong></span> <span class='ocrx_word' id='word_1_473' title='bbox 2721 4670 2898 4724; x_wconf 86' lang='lat' dir='ltr'><strong>nictus</strong></span> <span class='ocrx_word' id='word_1_474' title='bbox 2924 4671 3202 4750; x_wconf 80' lang='lat' dir='ltr'><strong>oculorum</strong></span> 
     </span>
     <span class='ocr_line' id='line_1_44' title="bbox 501 4748 3204 4821; baseline -0.001 -13"><span class='ocrx_word' id='word_1_475' title='bbox 501 4770 723 4808; x_wconf 87' lang='lat' dir='ltr'><strong>manum</strong></span> <span class='ocrx_word' id='word_1_476' title='bbox 760 4752 961 4807; x_wconf 86' lang='lat' dir='ltr'><strong>habeat</strong></span> <span class='ocrx_word' id='word_1_477' title='bbox 995 4754 1052 4807; x_wconf 89' lang='lat' dir='ltr'><strong>in</strong></span> <span class='ocrx_word' id='word_1_478' title='bbox 1087 4753 1276 4807; x_wconf 86' lang='lat' dir='ltr'><strong>tabula</strong></span> <span class='ocrx_word' id='word_1_479' title='bbox 1310 4760 1572 4821; x_wconf 89' lang='lat' dir='ltr'><strong>notetque</strong></span> <span class='ocrx_word' id='word_1_480' title='bbox 1610 4768 1862 4808; x_wconf 86' lang='lat' dir='ltr'><strong>numeros</strong></span> <span class='ocrx_word' id='word_1_481' title='bbox 1901 4752 2185 4821; x_wconf 81' lang='lat' dir='ltr'><strong>apicibus?</strong></span> <span class='ocrx_word' id='word_1_482' title='bbox 2247 4750 2493 4817; x_wconf 86' lang='lat' dir='ltr'><strong>Omnino,</strong></span> <span class='ocrx_word' id='word_1_483' title='bbox 2531 4750 2679 4820; x_wconf 85' lang='lat' dir='ltr'><strong>quod</strong></span> <span class='ocrx_word' id='word_1_484' title='bbox 2716 4749 2769 4802; x_wconf 89' lang='lat' dir='ltr'><strong>in</strong></span> <span class='ocrx_word' id='word_1_485' title='bbox 2804 4748 2960 4808; x_wconf 84' lang='lat' dir='ltr'><strong>clivis</strong></span> <span class='ocrx_word' id='word_1_486' title='bbox 2996 4750 3204 4818; x_wconf 85' lang='lat' dir='ltr'><strong>platea·</strong></span> 
     </span>
     <span class='ocr_line' id='line_1_45' title="bbox 499 4828 3205 4904; baseline -0.001 -15"><span class='ocrx_word' id='word_1_487' title='bbox 499 4850 626 4889; x_wconf 89' lang='lat' dir='ltr'><strong>rum</strong></span> <span class='ocrx_word' id='word_1_488' title='bbox 650 4841 778 4888; x_wconf 86' lang='lat' dir='ltr'><strong>suut</strong></span> <span class='ocrx_word' id='word_1_489' title='bbox 803 4834 987 4904; x_wconf 83' lang='lat' dir='ltr'><strong>scrupi</strong></span> <span class='ocrx_word' id='word_1_490' title='bbox 1011 4840 1066 4886; x_wconf 88' lang='lat' dir='ltr'><strong>et</strong></span> <span class='ocrx_word' id='word_1_491' title='bbox 1099 4832 1289 4899; x_wconf 87' lang='lat' dir='ltr'><strong>laevia,</strong></span> <span class='ocrx_word' id='word_1_492' title='bbox 1322 4831 1427 4886; x_wconf 87' lang='lat' dir='ltr'><strong>hoc</strong></span> <span class='ocrx_word' id='word_1_493' title='bbox 1464 4832 1674 4886; x_wconf 86' lang='lat' dir='ltr'><strong>videtur</strong></span> <span class='ocrx_word' id='word_1_494' title='bbox 1710 4832 1767 4885; x_wconf 92' lang='lat' dir='ltr'><strong>in</strong></span> <span class='ocrx_word' id='word_1_495' title='bbox 1801 4828 2268 4885; x_wconf 79' lang='lat' dir='ltr'><strong>numerationibus</strong></span> <span class='ocrx_word' id='word_1_496' title='bbox 2303 4842 2425 4885; x_wconf 86' lang='lat' dir='ltr'><strong>esse</strong></span> <span class='ocrx_word' id='word_1_497' title='bbox 2458 4829 2822 4898; x_wconf 86' lang='lat' dir='ltr'><strong>inaequalitas</strong></span> <span class='ocrx_word' id='word_1_498' title='bbox 2859 4836 2916 4884; x_wconf 84' lang='lat' dir='ltr'><strong>et</strong></span> <span class='ocrx_word' id='word_1_499' title='bbox 2950 4832 3205 4886; x_wconf 89' lang='lat' dir='ltr'><strong>continua</strong></span> 
     </span>
    </p>

    <p class='ocr_par' dir='ltr' id='par_1_11' title="bbox 498 4930 3228 5382">
     <span class='ocr_line' id='line_1_46' title="bbox 550 4930 3099 4970; baseline -0.001 -2"><span class='ocrx_word' id='word_1_500' title='bbox 550 4932 613 4969; x_wconf 92' lang='lat' dir='ltr'><strong>ro</strong></span> <span class='ocrx_word' id='word_1_501' title='bbox 682 4930 843 4970; x_wconf 78' lang='lat' dir='ltr'><strong>essio.</strong></span> <span class='ocrx_word' id='word_1_502' title='bbox 3095 4960 3099 4965; x_wconf 91' lang='lat'><strong>.</strong></span> 
     </span>
     <span class='ocr_line' id='line_1_47' title="bbox 505 4931 3205 5062; baseline -0.003 -11"><span class='ocrx_word' id='word_1_503' title='bbox 505 4933 547 4987; x_wconf 71' lang='lat' dir='ltr'>p</span> <span class='ocrx_word' id='word_1_504' title='bbox 617 4931 758 5051; x_wconf 40' lang='lat' dir='ltr'><strong>gl&#39;Ut</strong></span> <span class='ocrx_word' id='word_1_505' title='bbox 793 5008 922 5047; x_wconf 85' lang='lat' dir='ltr'><strong>vero</strong></span> <span class='ocrx_word' id='word_1_506' title='bbox 959 5008 1057 5062; x_wconf 88' lang='lat' dir='ltr'><strong>per</strong></span> <span class='ocrx_word' id='word_1_507' title='bbox 1094 5006 1285 5047; x_wconf 89' lang='lat' dir='ltr'><strong>omnes</strong></span> <span class='ocrx_word' id='word_1_508' title='bbox 1321 4990 1571 5061; x_wconf 89' lang='lat' dir='ltr'><strong>regiones</strong></span> <span class='ocrx_word' id='word_1_509' title='bbox 1608 5004 1719 5044; x_wconf 89' lang='lat' dir='ltr'><strong>una</strong></span> <span class='ocrx_word' id='word_1_510' title='bbox 1754 4996 1811 5043; x_wconf 89' lang='lat' dir='ltr'><strong>et</strong></span> <span class='ocrx_word' id='word_1_511' title='bbox 1845 4988 2034 5043; x_wconf 85' lang='lat' dir='ltr'><strong>eadem</strong></span> <span class='ocrx_word' id='word_1_512' title='bbox 2079 4988 2220 5042; x_wconf 90' lang='lat' dir='ltr'><strong>ratio</strong></span> <span class='ocrx_word' id='word_1_513' title='bbox 2258 4986 2616 5055; x_wconf 81' lang='lat' dir='ltr'><strong>collectionis,</strong></span> <span class='ocrx_word' id='word_1_514' title='bbox 2665 4988 2852 5044; x_wconf 89' lang='lat' dir='ltr'><strong>eadem</strong></span> <span class='ocrx_word' id='word_1_515' title='bbox 2899 4987 3205 5046; x_wconf 85' lang='lat' dir='ltr'><strong>aestimatio</strong></span> 
     </span>
     <span class='ocr_line' id='line_1_48' title="bbox 501 5067 3228 5141; baseline -0.004 -10"><span class='ocrx_word' id='word_1_516' title='bbox 501 5075 689 5131; x_wconf 82' lang='lat' dir='ltr'><strong>suderi</strong></span> <span class='ocrx_word' id='word_1_517' title='bbox 723 5074 775 5128; x_wconf 90' lang='lat' dir='ltr'><strong>in</strong></span> <span class='ocrx_word' id='word_1_518' title='bbox 815 5072 1107 5141; x_wconf 72' lang='lat' dir='ltr'><strong>amphoris»,</strong></span> <span class='ocrx_word' id='word_1_519' title='bbox 1146 5072 1442 5126; x_wconf 85' lang='lat' dir='ltr'><strong>centenarii</strong></span> <span class='ocrx_word' id='word_1_520' title='bbox 1479 5070 1533 5124; x_wconf 90' lang='lat' dir='ltr'><strong>in</strong></span> <span class='ocrx_word' id='word_1_521' title='bbox 1569 5069 1724 5123; x_wconf 87' lang='lat' dir='ltr'><strong>libris</strong></span> <span class='ocrx_word' id='word_1_522' title='bbox 1759 5068 2097 5134; x_wconf 84' lang='lat' dir='ltr'><strong>stabiliatur,</strong></span> <span class='ocrx_word' id='word_1_523' title='bbox 2143 5082 2317 5135; x_wconf 89' lang='lat' dir='ltr'><strong>eaque</strong></span> <span class='ocrx_word' id='word_1_524' title='bbox 2351 5067 2502 5135; x_wconf 88' lang='lat' dir='ltr'><strong>talis,</strong></span> <span class='ocrx_word' id='word_1_525' title='bbox 2557 5083 2697 5135; x_wconf 88' lang='lat' dir='ltr'><strong>quae</strong></span> <span class='ocrx_word' id='word_1_526' title='bbox 2731 5068 2992 5137; x_wconf 87' lang='lat' dir='ltr'><strong>pulchros</strong></span> <span class='ocrx_word' id='word_1_527' title='bbox 3029 5074 3089 5122; x_wconf 87' lang='lat' dir='ltr'><strong>et</strong></span> <span class='ocrx_word' id='word_1_528' title='bbox 3121 5082 3228 5122; x_wconf 63' lang='lat' dir='ltr'><strong>ro·⁴</strong></span> 
     </span>
     <span class='ocr_line' id='line_1_49' title="bbox 502 5146 3208 5220; baseline -0.004 -10"><span class='ocrx_word' id='word_1_529' title='bbox 502 5153 708 5210; x_wconf 88' lang='lat' dir='ltr'><strong>tundos</strong></span> <span class='ocrx_word' id='word_1_530' title='bbox 742 5167 999 5206; x_wconf 89' lang='lat' dir='ltr'><strong>numeros</strong></span> <span class='ocrx_word' id='word_1_531' title='bbox 1036 5151 1217 5220; x_wconf 86' lang='lat' dir='ltr'><strong>eligat,</strong></span> <span class='ocrx_word' id='word_1_532' title='bbox 1262 5165 1401 5219; x_wconf 85' lang='lat' dir='ltr'><strong>quae</strong></span> <span class='ocrx_word' id='word_1_533' title='bbox 1439 5166 1545 5202; x_wconf 89' lang='lat' dir='ltr'><strong>nou</strong></span> <span class='ocrx_word' id='word_1_534' title='bbox 1583 5149 1743 5215; x_wconf 81' lang='lat' dir='ltr'><strong>longe</strong></span> <span class='ocrx_word' id='word_1_535' title='bbox 1780 5148 1944 5213; x_wconf 80' lang='lat' dir='ltr'><strong>abeat</strong></span> <span class='ocrx_word' id='word_1_536' title='bbox 1993 5146 2062 5198; x_wconf 81' lang='lat' dir='ltr'><strong>ab</strong></span> <span class='ocrx_word' id='word_1_537' title='bbox 2118 5146 2373 5201; x_wconf 81' lang='lat' dir='ltr'><strong>extremis</strong></span> <span class='ocrx_word' id='word_1_538' title='bbox 2419 5147 2685 5201; x_wconf 83' lang='lat' dir='ltr'><strong>variarum</strong></span> <span class='ocrx_word' id='word_1_539' title='bbox 2736 5146 3037 5213; x_wconf 73' lang='lat' dir='ltr'><strong>regionum,</strong></span> <span class='ocrx_word' id='word_1_540' title='bbox 3097 5162 3208 5200; x_wconf 87' lang='lat' dir='ltr'><strong>non</strong></span> 
     </span>
     <span class='ocr_line' id='line_1_50' title="bbox 498 5216 3206 5299; baseline -0.004 -10"><span class='ocrx_word' id='word_1_541' title='bbox 498 5236 584 5289; x_wconf 83' lang='lat' dir='ltr'><strong>ita</strong></span> <span class='ocrx_word' id='word_1_542' title='bbox 619 5231 846 5287; x_wconf 87' lang='lat' dir='ltr'><strong>multum</strong></span> <span class='ocrx_word' id='word_1_543' title='bbox 882 5229 1156 5299; x_wconf 79' lang='lat' dir='ltr'><strong>improb03</strong></span> <span class='ocrx_word' id='word_1_544' title='bbox 1210 5245 1331 5284; x_wconf 92' lang='lat' dir='ltr'><strong>cum</strong></span> <span class='ocrx_word' id='word_1_545' title='bbox 1379 5243 1566 5282; x_wconf 89' lang='lat' dir='ltr'><strong>omnes</strong></span> <span class='ocrx_word' id='word_1_546' title='bbox 1613 5226 1777 5280; x_wconf 87' lang='lat' dir='ltr'><strong>hodie</strong></span> <span class='ocrx_word' id='word_1_547' title='bbox 1827 5225 2076 5292; x_wconf 83' lang='lat' dir='ltr'><strong>regiones</strong></span> <span class='ocrx_word' id='word_1_548' title='bbox 2127 5239 2270 5292; x_wconf 88' lang='lat' dir='ltr'><strong>pene</strong></span> <span class='ocrx_word' id='word_1_549' title='bbox 2302 5224 2374 5279; x_wconf 82' lang='lat' dir='ltr'><strong>ad</strong></span> <span class='ocrx_word' id='word_1_550' title='bbox 2411 5231 2571 5281; x_wconf 84' lang='lat' dir='ltr'><strong>unam</strong></span> <span class='ocrx_word' id='word_1_551' title='bbox 2608 5223 2874 5278; x_wconf 87' lang='lat' dir='ltr'><strong>rationem</strong></span> <span class='ocrx_word' id='word_1_552' title='bbox 2909 5216 3206 5291; x_wconf 76' lang='lat' dir='ltr'><strong>adspirent.</strong></span> 
     </span>
     <span class='ocr_line' id='line_1_51' title="bbox 501 5302 3207 5382; baseline -0.004 -17"><span class='ocrx_word' id='word_1_553' title='bbox 501 5312 701 5379; x_wconf 86' lang='lat' dir='ltr'><strong>Itaque</strong></span> <span class='ocrx_word' id='word_1_554' title='bbox 733 5310 878 5364; x_wconf 85' lang='lat' dir='ltr'><strong>hanc</strong></span> <span class='ocrx_word' id='word_1_555' title='bbox 912 5317 1123 5382; x_wconf 81' lang='lat' dir='ltr'><strong>partem</strong></span> <span class='ocrx_word' id='word_1_556' title='bbox 1158 5306 1491 5376; x_wconf 84' lang='lat' dir='ltr'><strong>quaestionis</strong></span> <span class='ocrx_word' id='word_1_557' title='bbox 1538 5321 1658 5361; x_wconf 89' lang='lat' dir='ltr'><strong>cum</strong></span> <span class='ocrx_word' id='word_1_558' title='bbox 1711 5303 2108 5360; x_wconf 83' lang='lat' dir='ltr'><strong>introducenda</strong></span> <span class='ocrx_word' id='word_1_559' title='bbox 2159 5317 2533 5358; x_wconf 84' lang='lat' dir='ltr'><strong>mensurarum</strong></span> <span class='ocrx_word' id='word_1_560' title='bbox 2577 5302 2820 5372; x_wconf 80' lang='lat' dir='ltr'><strong>ipsarum</strong></span> <span class='ocrx_word' id='word_1_561' title='bbox 2857 5302 3207 5371; x_wconf 79' lang='lat' dir='ltr'><strong>aequalitate,</strong></span> 
     </span>
    </p>
   </div>
   <div class='ocr_carea' id='block_1_6' title="bbox 501 5386 1541 5461">
    <p class='ocr_par' dir='ltr' id='par_1_12' title="bbox 501 5386 1541 5461">
     <span class='ocr_line' id='line_1_52' title="bbox 501 5386 1541 5461; baseline -0.006 -14"><span class='ocrx_word' id='word_1_562' title='bbox 501 5407 625 5461; x_wconf 87' lang='lat' dir='ltr'><strong>cap.</strong></span> <span class='ocrx_word' id='word_1_563' title='bbox 661 5390 704 5444; x_wconf 95' lang='lat'><strong>1.</strong></span> <span class='ocrx_word' id='word_1_564' title='bbox 742 5388 1020 5455; x_wconf 83' lang='lat' dir='ltr'><strong>ventilata,</strong></span> <span class='ocrx_word' id='word_1_565' title='bbox 1060 5386 1222 5456; x_wconf 87' lang='lat' dir='ltr'><strong>plane</strong></span> <span class='ocrx_word' id='word_1_566' title='bbox 1260 5393 1541 5457; x_wconf 79' lang='lat' dir='ltr'><strong>connecto.</strong></span> 
     </span>
    </p>
   </div>
  </div>
 </body>
</html>
