3684 7259
811 1235 845 1293 de
861 1235 1017 1318 Ηιιιιοιιὶι
1539 1243 1583 1304 dl

242 1411 302 1492 μετ’
326 1412 466 1495 &lindos
488 1413 640 1498 ἕξαρκουσι
666 1438 734 1486 τους
753 1437 859 1491 paucos
892 1420 1065 1492 drusoopoue
1093 1439 1151 1480 roos
1176 1413 1268 1480 dnos
1295 1438 1416 1494 καιτηι
1437 1413 1467 1479 ds
1489 1414 1586 1490 adrosa

245 1505 397 1565 socratica.
454 1501 531 1566 llam
551 1505 608 1566 etsi
628 1519 686 1566 non
709 1505 813 1566 crescit
833 1522 869 1566 ex
892 1503 1112 1582 quinquangulo
1138 1505 1205 1580 flos,
1236 1510 1270 1565 ut
1291 1522 1328 1565 ex
1348 1503 1460 1580 radice,
1488 1510 1585 1568 samm

245 1587 448 1652 concurrit-'ld
473 1587 513 1654 sd
540 1607 659 1654 musam
688 1592 851 1667 formalem,
886 1608 973 1669 quam
1003 1593 1147 1672 spectavit
1175 1599 1297 1655 creator.
1341 1592 1445 1670 Itaque
1473 1599 1585 1654 tautum
1691 1651 1700 1668 ,

245 1679 337 1752 abest,
359 1683 394 1764 qt
415 1673 601 1758 ἅφιλοσοφοι
621 1680 660 1740 ιίι
680 1677 737 1740 boc
757 1678 865 1739 dictum
887 1677 977 1759 (quod
993 1677 1111 1756 quidem
1128 1678 1298 1741 Aristoteles
1319 1681 1419 1740 nititur
1440 1679 1585 1758 probare),

247 1774 280 1826 ut
301 1766 400 1844 potins
421 1783 459 1828 ax
480 1765 539 1827 hoc·
558 1768 621 1845 ipso
644 1767 843 1846 perfectissimi
858 1766 1013 1828 reddamur
1033 1767 1207 1847 philosophi,
1231 1766 1310 1845 quod
1324 1767 1457 1828 videmus
1470 1768 1587 1829 mathe-

245 1855 352 1914 matica
374 1855 470 1914 inesse
493 1855 522 1912 in
544 1854 639 1931 rebus,
662 1872 717 1915 uec
738 1861 836 1916 tamen
858 1856 888 1914 in
911 1873 963 1917 eas
984 1857 1085 1916 venire
1107 1857 1158 1915 via
1178 1854 1313 1915 naturali.
1364 1856 1409 1915 En
1430 1855 1486 1915 hoc
1508 1857 1585 1916 enim

246 1941 417 2017 colligimus,
433 1957 552 2002 cansam
566 1959 631 2004 esse
645 1943 804 2022 principem
818 1942 1049 2022 deprecatorum
1064 1949 1094 2005 st
1107 1941 1326 2020 intelligentem,
1342 1959 1418 2020 quae
1434 1949 1585 2005 connectat

244 2030 353 2109 figuras
375 2027 524 2090 ordinatas
545 2037 601 2090 etc.

352 2115 422 2177 Jam
443 2118 473 2175 in
495 2118 653 2194 geometria
674 2135 762 2196 saepe
784 2119 913 2196 cogitem
934 2115 1007 2179 duas
1030 2123 1127 2197 partes
1156 2117 1265 2194 lacere,
1295 2119 1377 2178 utin
1399 2119 1492 2196 prima
1513 2134 1586 2179 con·

245 2202 406 2266 siderentur
427 2207 612 2281 quantitates,
634 2211 667 2265 nt
688 2213 756 2266 sunt
776 2206 806 2265 iu
830 2212 934 2283 quarta
955 2207 1052 2285 specie
1074 2205 1233 2282 qualitatis,
1253 2205 1285 2278 in
1307 2204 1447 2280 sedanda,
1471 2211 1504 2265 ut
1518 2209 1587 2266 suut

244 2293 274 2351 in
296 2291 447 2352 relatione.
492 2291 607 2353 Primae
634 2295 725 2372 partis
754 2293 855 2353 titulus
885 2302 963 2355 esset
985 2293 1020 2354 de
1042 2294 1156 2370 liguris,
1188 2290 1334 2353 secundae
1356 2291 1392 2353 de
1413 2294 1584 2354 rationibus.

244 2380 280 2440 Id
304 2380 455 2441 consilium
478 2379 564 2440 video
587 2388 616 2440 ιι
637 2380 661 2441 1.
680 2380 712 2440 G.
728 2379 877 2459 Scaligero
900 2382 1027 2460 probari.
1057 2380 1141 2442 Haec
1162 2378 1228 2441 ideo
1251 2380 1328 2461 dico,
1351 2381 1420 2457 quia
1433 2381 1586 2441 marrilesta

246 2466 466 2617 affiderentia
486 2468 561 2527 inter
582 2467 689 2547 figuras
711 2470 790 2548 ipsas
813 2486 970 2547 earumque
993 2470 1119 2550 speciem
1141 2473 1171 2530 et
1191 2466 1446 2554 pulchritudinem,
1469 2476 1498 2530 ιι
1511 2470 1586 2530 inter

246 2573 280 2617 co
334 2557 417 2616 ‘ones
438 2554 605 2636 figurarum,
627 2553 705 2633 qnod
728 2564 772 2618 est
794 2556 939 2619 accidens.

346 2642 431 2704 Haec
451 2640 592 2722 drcloyos
613 2643 722 2704 habent
744 2643 782 2706 ed
803 2646 897 2724 ipsam
918 2661 1014 2706 rerum
1042 2650 1185 2705 naturam.
1234 2643 1349 2704 Etenim
1379 2643 1488 2720 figurae
1518 2648 1587 2703 sunt

247 2732 330 2809 quasi
352 2731 545 2811 substantiae,
569 2734 654 2811 topos,
677 2754 783 2810 οχισεις
804 2739 924 2793 mutuae
945 2731 1113 2812 figurarum,
1134 2737 1203 2792 sunt
1225 2733 1310 2808 quasi
1331 2738 1438 2791 motus.
1476 2729 1587 2808 Quem·

245 2816 402 2880 admodum
431 2821 531 2895 itaque
560 2820 589 2877 iu
619 2818 768 2880 intellectu
796 2822 876 2899 prius
899 2824 944 2880 est
972 2818 1078 2899 figura,
1110 2837 1197 2896 quam
1226 2835 1327 2879 earum
1352 2819 1470 2880 collatio
1498 2836 1587 2880 causa

244 2904 442 2987 mensurandi,
463 2908 506 2966 ita
526 2907 556 2963 in
578 2905 664 2966 rebus
686 2909 766 2986 prins
789 2915 834 2970 est
856 2907 1035 2987 substantia,
1057 2925 1145 2984 quam
1167 2905 1301 2985 qualitas.

353 2993 390 3053 Et
412 2990 655 3071 quemadmodum
675 2998 751 3074 loyor
772 3002 840 3055 sunt
861 2994 1030 3074 relationes,
1051 2997 1094 3055 ita
1115 3002 1212 3055 motus
1233 2993 1337 3054 relatio
1360 2999 1405 3054 est
1426 2995 1588 3055 consistens

245 3083 320 3142 inter
349 3099 440 3160 agens
468 3089 498 3142 et
526 3083 655 3161 patiens,
684 3088 717 3141 ut
743 3081 817 3142 illud
844 3083 919 3144 inter
946 3100 1122 3161 exsuperans
1143 3089 1173 3143 ιι
1195 3087 1407 3160 exsuperatum.
1451 3081 1589 3162 Rursum,

245 3167 492 3246 quemadmodum
513 3170 541 3228 in
564 3169 714 3252 intellectu
739 3171 925 3231 manifestum
955 3170 1106 3230 discrimen
1134 3178 1179 3232 est
1203 3171 1278 3229 iuter
1299 3168 1408 3246 figuras
1429 3168 1536 3252 planas
1551 3175 1589 3230 ¹et

245 3254 372 3336 solidas,
399 3274 465 3317 cum
487 3255 582 3317 solida
604 3255 686 3318 finita
706 3255 809 3336 planas
833 3265 930 3318 certas
949 3276 985 3318 ex
1007 3255 1118 3319 infinito
1140 3275 1260 3320 numero
1283 3263 1461 3318 sustentent:
1494 3259 1536 3319 ila
1557 3260 1589 3317 in

244 3345 332 3405 rebus
354 3342 434 3404 aliud
457 3350 501 3404 est
522 3345 686 3406 substantia
708 3343 787 3406 aliud
809 3346 874 3423 ejus
896 3345 1033 3423 qualitas.
1549 3332 1557 3350 ⁹

349 3429 405 3491 llis
425 3429 620 3492 laudamentis
641 3434 744 3511 positis
767 3431 925 3514 concludo,
948 3431 1192 3512 quemadmodum
1213 3432 1323 3511 figurae
1345 3429 1457 3493 solidae
1479 3431 1590 3494 iaciunt

244 3518 282 3579 ad
305 3519 484 3580 substantias
505 3519 669 3581 materiales
691 3521 882 3603 exomendas,
911 3523 953 3582 ita
974 3521 1083 3599 figurae
1104 3520 1208 3600 planae
1230 3520 1268 3581 ad
1291 3518 1447 3597 qualitates
1467 3519 1588 3581 iaciunt.

245 3605 372 3667 eonauo
394 3625 465 3667 vero
488 3606 655 3687 figurarum,
677 3625 717 3669 sc.
740 3611 826 3690 ratio,
849 3612 939 3690 λογος,
962 3607 999 3668 ad
1014 3616 1111 3670 motus
1124 3610 1194 3670 lacit
1209 3606 1393 3671 ordinandos.
1430 3607 1464 3667 In
1479 3607 1588 3669 mundo

245 3696 345 3771 ltaque
368 3694 443 3756 coeli
465 3703 532 3755 suut
555 3698 694 3757 exstructi
715 3715 751 3757 ex
779 3696 879 3773 figuris
909 3696 1011 3757 solidis
1041 3705 1180 3776 tanquam
1207 3697 1379 3757 substantia.
1425 3693 1589 3772 Qualitates

245 3782 417 3858 coloresque
447 3781 627 3862 planetarum
657 3789 725 3844 sunt
756 3782 917 3845 deducendi
946 3803 982 3845 ex
1009 3784 1109 3861 figuris
1130 3785 1241 3864 planis:
1259 3775 1358 3861 'cujus
1381 3783 1589 3862 speculationis

242 3870 305 3946 jam
331 3868 432 3948 aliqua
464 3878 533 3931 sunt
558 3887 649 3949 penes
679 3888 726 3932 me
752 3874 895 3952 vestigia,
926 3870 977 3934 red
1000 3873 1072 3932 nihil
1095 3873 1190 3933 adhuc
1212 3873 1291 3936 certi.
1335 3871 1471 3948 Denique
1492 3877 1590 3932 motus

246 3956 394 4018 coelorum
422 3956 464 4037 (ιι
486 3960 614 4018 omnium
637 3974 732 4019 rernm
752 3959 886 4037 adeoque
909 3966 939 4021 ιι
960 3956 1098 4043 fixarum]
1128 3968 1197 4022 sunt
1226 3978 1262 4020 ex
1293 3958 1449 4021 collatione
1472 3961 1591 4037 quanti-

245 4052 349 4125 tatum,
371 4062 415 4118 sc..
435 4062 472 4105 ex
494 4047 738 4125 proportionibus.

350 4132 391 4193 Αι
412 4131 490 4194 unde
512 4141 580 4194 sunt
602 4132 760 4212 capiendae
781 4137 1000 4217 proportiones,
1027 4153 1064 4197 ex
1085 4127 1185 4213 liguris
1209 4134 1311 4195 solidis
1333 4152 1371 4194 an
1392 4132 1511 4214 planisi
1547 4133 1591 4192 Ex

246 4217 341 4300 planis
364 4222 489 4297 utique·
519 4221 593 4281 Nam
615 4240 703 4302 supra
725 4222 795 4302 diri,
817 4221 906 4302 plana
927 4240 992 4285 esse
1015 4220 1157 4303 dscioyos
1178 4221 1381 4302 qualitatibus,
1401 4219 1498 4281 solida
1520 4220 1592 4281 suh-

246 4309 371 4368 stautiis.
417 4309 458 4367 nt
479 4316 576 4369 motus
598 4325 656 4370 non
679 4328 715 4371 ex
736 4310 906 4372 substantiis
938 4312 1082 4392 proxime,
1115 4307 1167 4372 red
1197 4329 1233 4371 ex
1263 4309 1454 4388 qualitatibus
1484 4309 1590 4369 existit.

247 4396 352 4473 ltaque
375 4394 583 4457 demonstratio
608 4400 697 4476 λογων
712 4406 952 4476 κοσμοποιηιικωι
974 4393 1091 4459 om'nino
1112 4398 1240 4476 petenda
1262 4406 1306 4459 est
1320 4416 1356 4458 ex
1370 4397 1470 4475 figuris
1484 4393 1590 4474 planis.

247 4482 322 4544 llam
344 4482 418 4543 illud
440 4499 492 4562 per
513 4501 545 4544 se
568 4484 692 4562 intelligi
714 4485 800 4565 volo,
830 4488 860 4546 in
882 4485 1065 4550 arithmetica
1084 4486 1158 4546 nihil
1184 4504 1239 4547 nos
1266 4485 1421 4566 prolicere,
1453 4481 1532 4560 qnod
1553 4482 1592 4543 ad

247 4587 306 4630 rem
329 4572 379 4651 sit,
402 4587 468 4631 cum
491 4569 625 4648 aptitudo
646 4589 830 4634 numerorum
853 4575 947 4634 omnis
968 4592 1006 4635 ex
1025 4573 1126 4650 liguris
1147 4573 1273 4651 pendent
1294 4575 1391 4652 sitque
1412 4570 1593 4634 arithmetica

247 4656 318 4717 nihil
342 4657 424 4718 allud
456 4662 560 4735 (causa
581 4661 700 4738 gannim
722 4666 752 4722 et
773 4661 881 4739 propril
912 4657 1066 4740 subiecti),
1098 4679 1185 4738 quam
1215 4680 1283 4741 pars
1311 4659 1486 4739 geometriae
1509 4652 1591 4736 ῥητη.

247 4743 316 4805 Jam
340 4747 417 4825 loyor
438 4745 543 4805 infiniti
565 4753 649 4828 sunt,
678 4756 712 4808 ut
733 4765 927 4823 numerorum,
950 4754 984 4810 ut
1003 4747 1160 4826 figurarum
1182 4743 1368 4828 regularium.
1420 4745 1496 4807 Nam
1517 4747 1592 4805 inter
1706 4805 1709 4810 .

247 4832 394 4912 quoslibet
417 4831 491 4895 dnos
513 4851 648 4896 numeros
669 4837 744 4897 inter
764 4853 796 4898 se
816 4837 925 4915 primos
948 4841 993 4898 est
1015 4838 1096 4916 λογος
1117 4834 1201 4897 alius.
1246 4837 1320 4898 Cum
1341 4841 1439 4898 autem
1462 4831 1592 4910 pulchri-

248 4919 319 4980 tudo
343 4920 415 4981 llnat
437 4937 473 4983 ex
496 4917 725 5000 aequalitate'et
746 4923 886 4984 muudum
899 4925 982 4986 Dens
1005 4927 1145 4985 creaverit
1159 4927 1299 5003 optimum
1315 4930 1343 4985 et
1358 4921 1592 5002 pulcherrimum,
1677 4949 1692 5010 ‘-

247 5006 455 5085 aequalitatem
478 5010 509 5069 in
538 5011 673 5072 omnihus
702 5013 789 5073 rebus
818 5014 972 5090 quaesivit.
1032 5010 1203 5090 Aequaliter
1225 5019 1321 5072 antem
1344 5013 1373 5069 in
1395 5010 1496 5088 paucis
1519 5025 1593 5070 con·
1619 5037 1623 5044 ·
1646 5001 1751 5092 ιζ’-’.ιζ

247 5096 338 5175 sistit,
369 5097 564 5174 inaequalitas
593 5099 704 5160 infinita
734 5106 786 5161 est
831 5100 935 5176 ltaque
966 5100 1053 5161 etiam
1084 5102 1114 5158 in
1140 5099 1266 5160 motibus
1290 5102 1367 5177 λογοι
1388 5097 1475 5177 pauci
1498 5102 1593 5177 erunt,
1665 5089 1724 5174 ]·.,.·÷·.
1750 5125 1759 5172 .⁴

246 5200 305 5244 non
328 5192 389 5243 tam
411 5187 476 5263 ipro
499 5187 616 5246 creandi
638 5205 734 5268 opere,
757 5205 844 5265 quam
866 5190 978 5248 interna
1001 5205 1099 5247 eorum
1123 5185 1376 5247 demonstratione.
1421 5182 1592 5246 Habeamus
1750 5225 1756 5275 1

248 5273 347 5347 ltaque
372 5272 638 5351 iuyuadelectum
692 5276 722 5335 Is
745 5291 802 5335 non
825 5275 910 5336 aliter
932 5277 1044 5335 institui
1066 5280 1178 5354 potest,
1209 5291 1296 5350 quam
1319 5275 1343 5334 si
1366 5270 1507 5334 adeamus
1527 5273 1593 5350 ipsa

246 5357 350 5439 plana,
381 5377 456 5438 quae
485 5362 609 5439 gignunt
640 5366 746 5443 laycae.
790 5362 950 5424 Planorum
977 5360 1152 5440 regularum
1183 5359 1313 5422 delectus
1342 5360 1391 5422 hic
1420 5366 1482 5441 ιιι,
1512 5357 1593 5436 quod

247 5447 391 5525 quaedam
414 5453 590 5528 geometrica
611 5459 694 5530 sunt,
726 5449 869 5528 quaedam
892 5452 1094 5528 ageometrien.
1145 5447 1266 5509 Illorum
1288 5448 1381 5511 latera
1403 5447 1593 5520 demonstrari

246 5544 368 5616 possunt
404 5533 445 5619 (h.
476 5555 502 5599 e.
538 5541 697 5617 comparari
734 5537 772 5598 ad
810 5537 1001 5618 diametrum),
1038 5535 1140 5596 horum
1175 5539 1309 5618 minime,
1345 5544 1378 5599 ut
1413 5533 1593 5616 septangull,

248 5624 458 5708 undecanguli,
495 5622 711 5705 tredeoauguli).
765 5625 848 5704 Quae
883 5625 1071 5688 demonstrari
1109 5630 1247 5707 possunt,
1280 5626 1354 5687 haec
1383 5631 1467 5688 sunta
1503 5623 1534 5700 d,
1562 5621 1594 5704 4,

249 5711 277 5788 5,
311 5713 341 5795 d,
373 5715 403 5792 8,
442 5714 607 5796 lli-angula
636 5727 688 5795 per
720 5729 767 5792 se;
797 5722 866 5777 tunc
901 5716 951 5796 12,
983 5729 1020 5773 ex
1049 5714 1306 5796 comparationes
1336 5720 1366 5776 et
1388 5713 1409 5773 4
1432 5707 1533 5792 anguli
1561 5709 1593 5772 iu
