3684 7259
798 1217 830 1278 oe
848 1217 1003 1277 Harmonia.
1145 1269 1147 1276 ,
1292 1300 1295 1305 Ι
1525 1226 1565 1290 39

222 1401 271 1465 ult,
289 1399 356 1447 malo
380 1397 500 1448 (irsoum
521 1404 630 1449 autorem
647 1414 747 1468 graece,
772 1413 846 1464 quam
870 1413 997 1463 perperam
1020 1402 1048 1449 iu
1073 1398 1179 1448 latinum
1202 1412 1339 1449 sermonem
1365 1413 1508 1451 conversum
1531 1401 1566 1451 la·

223 1472 280 1518 tine
298 1470 388 1529 legere.
1325 1528 1327 1533 Ι
1520 1532 1522 1536 ⁴

314 1537 411 1587 Hismit
436 1540 596 1589 uberachlcic
620 1541 659 1589 lcb
683 1541 723 1590 dic
747 1540 905 1589 Harmoniam
922 1540 1058 1590 Ptolemaei
1079 1553 1164 1601 graece
1187 1538 1237 1588 und
1264 1539 1304 1588 dis
1327 1538 1488 1590 Harmoniam
1505 1541 1566 1591 Por-

223 1610 310 1671 phyrii
333 1622 417 1669 pasce
438 1615 463 1657 et
485 1610 577 1675 latine,
603 1625 658 1659 cum
675 1611 755 1659 tertiis
772 1608 931 1659 Harmonieis
956 1612 1080 1671 anonymi.
1115 1609 1175 1658 will
1201 1624 1260 1670 geru
1278 1610 1320 1659 dos
1340 1610 1422 1660 Herrn
1439 1611 1567 1662 iudicium

225 1681 335 1735 darbbar
351 1680 509 1741 verncbmcn,
531 1681 655 1729 vicllaicbt
672 1680 721 1729 hab
738 1680 779 1729 icb
797 1694 823 1728 cs
841 1681 919 1729 sclbrt
937 1681 1037 1730 verticrt
1054 1680 1114 1729 oder
1131 1682 1251 1730 venlsrsu
1273 1680 1362 1733 lescen.
1398 1681 1442 1730 Ich
1458 1683 1503 1732 bln
1522 1684 1567 1731 sti·

225 1751 313 1798 mullrt
330 1749 444 1810 worden,
468 1749 548 1798 diosas
564 1764 704 1799 zusammen
726 1750 834 1799 dmctsn
858 1765 889 1799 zu
914 1750 1011 1811 lassen,
1038 1749 1143 1799 dardbcr
1169 1751 1209 1798 ich
1227 1752 1279 1799 scin
1298 1750 1436 1800 Gutrchten
1458 1752 1567 1802 anbdnn

225 1820 318 1870 volite.
339 1819 401 1943 ὥσ
418 1820 553 1870 Hmmonlr
568 1820 699 1883 Porphyrii
720 1834 777 1883 says
798 1825 868 1870 const
891 1821 933 1871 nio
956 1835 988 1870 zu
1006 1820 1087 1870 'l'rnck
1110 1819 1231 1870 lommsn.
1267 1822 1314 1877 (Ex
1331 1822 1436 1883 epistola
1455 1821 1478 1874 d.
1498 1821 1521 1871 d
1540 1820 1565 1876 6.

312 2048 453 2113 Elisplerl
470 2049 628 2111 responsione
646 2044 685 2114 (d.
703 2060 786 2097 mense
804 2048 863 2111 Apr.
883 2045 957 2101 todi.
978 2046 1021 2101 sir.
1035 2049 1078 2098 111.
1095 2061 1121 2112 p,
1135 2045 1199 2112 456)
1217 2048 1277 2098 baso
1291 2048 1340 2097 buo
1358 2046 1485 2099 referenda
1496 2051 1564 2099 sunt:

310 2277 425 2338 Literas
447 2285 530 2352 tuas,
558 2276 715 2354 Magnifice
737 2283 767 2337 et
787 2275 975 2338 Nobilissims
998 2275 1067 2349 Vir,
1099 2293 1165 2337 cum
1190 2274 1329 2336 librorum
1355 2275 1495 2336 fasciculo
1521 2276 1566 2338 bis

224 2365 330 2427 diebus
351 2382 458 2441 magna
478 2365 592 2425 laetitia
612 2365 722 2441 accepi.
757 2364 850 2442 Igitur
871 2366 970 2423 statim
993 2362 1030 2423 ad
1046 2363 1279 2441 respondendum
1299 2380 1463 2437 conversus,
1488 2364 1567 2440 quod

223 2452 427 2529 magnitudine
458 2452 617 2512 officiorum
648 2469 705 2512 nou
735 2469 872 2529 possum,
904 2450 1113 2527 promtitndiue
1142 2458 1173 2512 et
1197 2452 1340 2528 obsequio
1363 2453 1462 2510 testari
1485 2450 1568 2512 volui

222 2558 321 2601 meam
341 2539 555 2618 gratitudinem
1545 2613 1547 2617 .

311 2626 454 2687 Exordiar
482 2646 502 2686 a
522 2643 588 2686 meo
615 2626 746 2687 discursu
772 2627 955 2702 harmonico,
986 2629 1156 2702 quaestione
1185 2642 1256 2685 usus
1279 2619 1429 2702 ambigua,
1459 2626 1566 2702 quibos

224 2734 261 2775 ex
276 2715 445 2775 auctoribus
461 2714 603 2775 elementa
617 2714 705 2791 hujus
719 2709 867 2775 docamsc'
880 2713 989 2773 hauriri
1005 2716 1127 2790 possint
1161 2713 1350 2786 Dubitabsm,
1373 2729 1466 2773 meam
1480 2715 1568 2773 istam
1650 2787 1653 2796 Ι

224 2806 377 2876 innueres,
408 2819 445 2861 an
474 2800 556 2861 illam
585 2809 724 2865 veterum,
769 2802 801 2862 Si
830 2808 972 2863 veterum:
1003 2800 1095 2862 edidit
1117 2799 1305 2881 Dasypodius
1324 2799 1453 2860 Euclidis
1474 2799 1566 2868 Elem.

223 2890 327 2949 Harm.
350 2887 465 2949 Graeca
488 2891 560 2949 citra
582 2888 851 2949 demonstrationes.
895 2888 967 2949 Inde
990 2888 1172 2949 definitiones
1202 2889 1387 2948 terminorum
1414 2890 1476 2964 peti
1496 2903 1568 2965 pos·

223 2982 302 3038 sunt.
342 2976 390 3035 lld
412 2976 688 3036 demonstrationum
709 2975 887 3037 intellectum
909 2977 1064 3052 requiritur
1078 2978 1206 3053 cognitio
1228 2976 1457 3052 proportionum,
1480 2991 1567 3051 quam

224 3063 383 3137 Boethius,
407 3062 591 3138 Jomandus,
615 3063 680 3124 Jac.
700 3064 795 3124 Faber
817 3066 846 3121 in
869 3065 930 3122 suis
953 3063 1167 3136 Arithmeticis,
1190 3061 1265 3123 alius
1293 3080 1329 3121 ex
1351 3061 1411 3121 alio
1433 3064 1567 3137 mutuati,

223 3151 387 3226 tradiders;
416 3149 593 3211 Glareanum
621 3150 671 3220 diu
700 3160 744 3212 est
776 3168 812 3211 ex
834 3166 891 3226 quo
913 3168 972 3210 non
996 3149 1074 3224 vidi,
1102 3150 1180 3211 buno
1202 3151 1302 3210 crebro
1325 3149 1435 3225 allegat
1457 3148 1568 3210 Artho-

223 3241 287 3298 sius
309 3238 418 3309 Italus,
449 3237 566 3316 dequo
593 3256 701 3315 nuper,
730 3246 803 3315 puto
829 3238 907 3297 huno
932 3241 1153 3316 epitomatorem
1184 3237 1272 3313 hujus
1295 3235 1443 3298 doctrinae
1465 3237 1567 3297 haberi

223 3343 323 3403 posse.
367 3323 436 3385 Vidi
459 3325 559 3401 aliqua
581 3333 610 3385 et
631 3328 662 3385 in
685 3325 882 3404 Cyclopaedia
904 3324 954 3384 Jo.
977 3325 1108 3386 Thomas
1130 3325 1248 3402 Freigii.
1285 3324 1337 3385 Sin
1359 3323 1395 3384 de
1417 3341 1482 3385 meo
1505 3322 1567 3384 di's-

225 3431 311 3474 cursu
335 3414 466 3490 quaeris:
497 3420 568 3490 puto
590 3431 637 3473 me
658 3415 689 3471 in
711 3413 802 3473 literis
830 3414 928 3472 omnia
950 3414 1094 3490 tetigisse,
1125 3430 1200 3489 qnae
1223 3418 1338 3489 praeter
1358 3412 1409 3472 lib.
1432 3410 1474 3471 X.
1497 3410 1568 3472 lile-

224 3509 388 3561 mentorum
411 3500 541 3561 Euclidis
562 3508 630 3561 sunt
651 3502 825 3561 necessaria.
870 3498 1006 3560 Omnium
1033 3518 1103 3562 vero
1126 3502 1267 3577 optimum
1296 3506 1368 3576 puto
1396 3500 1567 3575 magistrum

225 3590 453 3666 experientiam,
485 3590 511 3647 si
540 3604 627 3664 super
656 3590 783 3649 cavitate
813 3586 928 3664 aliqua,
958 3605 1034 3664 quae
1056 3588 1126 3648 iacit
1150 3589 1363 3662 resonantiam,
1395 3585 1567 3648 extendatur

225 3674 335 3736 chorda
357 3692 459 3749 aenea,
482 3683 512 3734 et
533 3677 685 3752 supposito
701 3673 847 3752 magedio,
870 3692 931 3748 seu,
955 3681 988 3734 ut
1002 3676 1194 3752 appellamus,
1217 3676 1355 3753 ephippio
1370 3674 1471 3734 mobili
1493 3672 1566 3756 (sni-

222 3763 286 3823 ficit
306 3761 401 3841 stylus
424 3760 471 3822 vel
493 3761 616 3838 ligneus,
639 3761 677 3821 ad
699 3762 835 3822 chordam
859 3762 1023 3841 applicatus
1046 3763 1204 3838 levissima,
1226 3766 1268 3823 sic
1289 3770 1472 3822 utmucrone
1493 3762 1567 3822 sub·

219 3851 333 3925 Jectum
362 3848 482 3926 planum
510 3851 651 3928 attingere
679 3852 773 3926 possit
802 3848 840 3908 ad
868 3848 1032 3910 iaciendum
1061 3851 1176 3927 signum
1202 3852 1230 3908 iu
1253 3866 1288 3911 eo
1311 3849 1390 3925 loco,
1423 3850 1473 3909 ubi
1502 3866 1567 3909 cum

224 3938 364 4016 ephippio
387 3933 584 4016 consistimus)
606 3938 770 3998 oberremus
793 3937 831 3996 ad
846 3936 961 3997 dextras
985 3947 1015 3998 et
1029 3938 1160 3998 sinistras
1176 3936 1300 3998 chordae
1315 3944 1422 4014 partes,
1446 3935 1584 3996 subinde*

224 4030 512 4101 utramquepartem
535 4023 677 4098 chordae,
701 4025 738 4084 ab
762 4024 899 4101 ephippio
922 4027 1007 4101 quasi
1030 4023 1153 4099 divisae,
1175 4023 1340 4101 pulsantes,
1364 4041 1458 4101 eaque
1480 4024 1569 4088 muso

223 4112 332 4185 libers,
363 4118 455 4171 totam
477 4127 606 4188 quoque¹
622 4112 710 4188 pulsu
733 4119 887 4172 tentantes.
931 4112 1057 4189 Reliqua
1085 4114 1288 4188 permittuntur
1309 4113 1423 4171 aurium
1447 4111 1567 4189 judicio.

222 4199 301 4258 Nam
322 4201 348 4259 si
366 4198 566 4275 judicaverint
588 4215 682 4272 aures,
705 4216 866 4260 consonare
888 4208 1000 4276 partem
1023 4207 1176 4276 utramque
1199 4216 1264 4260 cum
1285 4206 1356 4274 tota,
1379 4198 1432 4259 liat
1453 4201 1569 4275 siguum

223 4290 255 4345 in
278 4284 346 4347 loco
369 4284 521 4345 divisionis
543 4303 631 4363 super
651 4285 755 4363 plano,
779 4295 808 4347 et
830 4294 1011 4347 mensuretur
1033 4296 1157 4363 unaque
1179 4285 1332 4364 longitudo
1356 4293 1494 4347 extensae
1517 4285 1570 4345 de·

221 4390 312 4451 snper
333 4375 424 4451 partis
447 4371 587 4434 chordae:
615 4381 684 4434 tuuc
706 4375 875 4451 apparebit,
903 4373 1006 4451 quales
1028 4378 1242 4436 constituantur
1263 4375 1474 4451 proportiones.
1517 4371 1571 4431 In·

221 4460 338 4522 terdnm
360 4469 458 4538 partes
481 4461 556 4519 inter
583 4478 615 4521 se
638 4462 841 4521 consonabunt
869 4467 899 4521 et
921 4468 1024 4522 neutra
1054 4479 1119 4523 cum
1142 4468 1221 4537 tota;
1253 4462 1395 4522 interdum
1422 4475 1490 4537 pars
1511 4475 1570 4519 una

221 4549 398 4609 consonabit
419 4564 485 4608 cunr
507 4554 579 4621 tota,
601 4548 714 4624 reliqua
736 4556 766 4609 et
788 4548 825 4607 ab
848 4547 905 4607 hac
928 4555 957 4609 et
975 4567 999 4628 ¹a
1021 4557 1084 4610 tota
1103 4548 1281 4610 dissonmte.
1317 4540 1389 4607 Fiat‘
1407 4545 1512 4607 deinde
1534 4564 1571 4607 ax

221 4634 350 4696 chordae
371 4632 556 4712 longitudine
579 4635 713 4709 circulus,
736 4635 911 4696 coeuntibus
934 4637 1080 4712 capitibus
1096 4640 1274 4699 extensionis
1290 4634 1457 4697 chordaciu
1471 4650 1571 4708 unum,
1645 4691 1648 4697 ,

220 4731 253 4784 et
274 4722 460 4783 manentibus
481 4724 573 4798 siguis
590 4722 776 4795 divisionum,
800 4731 830 4782 et
841 4722 997 4798 judicatur,
1021 4741 1058 4783 an
1075 4741 1176 4784 verum
1199 4723 1327 4797 dixerim,
1352 4738 1452 4782 omnes
1466 4720 1572 4797 hujus·

220 4810 304 4870 modi
326 4817 424 4887 partes
446 4808 546 4870 circuli
568 4827 632 4871 esse
655 4809 912 4872 demonstrabiles:
945 4827 1113 4886 quaerero
1141 4827 1201 4872 nou
1233 4807 1495 4883 concordaverant,
1525 4809 1573 4867 iu-

222 4895 481 4959 demonstrabiles.

310 4984 384 5044 cnm
412 5000 504 5060 nuper
525 4984 717 5060 scripsissem,
749 4983 884 5046 carebam
912 4983 1009 5045 adbuc
1035 4984 1211 5063 supellectili
1238 4983 1364 5044 libraria.
1408 4982 1514 5060 ltaque
1537 4981 1598 5048 de.

218 5072 386 5133 Ptolemaei
406 5071 592 5137 Harmonieis
614 5061 746 5145 latinis,'
759 5089 834 5148 quse
857 5073 929 5133 olim
958 5072 995 5132 ad
1019 5090 1065 5132 me
1088 5075 1117 5131 in
1141 5072 1267 5149 Styrism
1290 5070 1412 5143 misisti,
1443 5088 1478 5131 ex
1502 5068 1572 5130 bibl.

219 5160 368 5220 Bavarica
391 5157 537 5232 desumta,
568 5158 733 5234 expressius
764 5160 890 5220 scribere
919 5175 978 5219 nou
1006 5161 1099 5236 potui.
1143 5158 1233 5218 Salva
1258 5169 1326 5217 sunt
1348 5162 1388 5237 et,
1418 5157 1444 5217 si
1474 5159 1516 5216 uti
1539 5158 1575 5238 iis

159 5291 163 5297 -
218 5246 351 5307 voluerit
372 5245 414 5305 Μ.
438 5245 514 5326 Tua,
535 5245 715 5322 postliminio
739 5253 928 5310 revertentur.
973 5246 1026 5307 Sin
1051 5253 1149 5306 autem
1173 5243 1285 5321 aliquid
1318 5261 1406 5305 ame
1434 5246 1464 5303 iu
1494 5244 1575 5305 libris

217 5351 289 5395 mss.
312 5334 454 5411 praestari
477 5337 575 5410 cupis,
599 5332 637 5393 ad
660 5332 739 5410 qood
761 5332 842 5395 libris
864 5334 964 5395 latinis
987 5333 1134 5410 impressis
1156 5332 1229 5390 mihi
1256 5348 1329 5409 opus
1351 5331 1450 5408 luerit,
1481 5331 1518 5392 de
1540 5347 1576 5392 eo

217 5438 266 5482 mc
288 5423 429 5499 proximis
450 5419 541 5482 literis
564 5419 709 5481 edocebis.
752 5419 940 5497 Gogavinnm
962 5423 1078 5497 ineptae
1101 5420 1244 5479 versionis
1265 5435 1324 5479 non
1347 5433 1447 5500 atquo,
1471 5425 1502 5479 at
1523 5418 1571 5479 la-

217 5512 314 5571 tinum
335 5516 449 5570 textum
472 5508 658 5568 obscuritatis
680 5509 709 5565 in
725 5510 846 5568 materia
860 5512 957 5569 minus
972 5510 1048 5566 trita
1086 5505 1129 5564 liu
1145 5508 1199 5567 tibi
1216 5497 1462 5583 exemplume'iic
1482 5508 1574 5567 vertit

218 5597 396 5675 Gogarinus
424 5597 639 5673 inscriptionem
661 5598 766 5672 capitis
795 5594 903 5657 ultimi:
936 5601 988 5673 „ut
1010 5593 1165 5654 errantium
1187 5594 1338 5656 stellarum
1357 5591 1572 5656 iemiliaritatos

217 5691 423 5764 comparentur
450 5685 481 5742 in
503 5700 577 5761 quas
598 5682 706 5743 habent
727 5684 821 5744 soni.“
868 5682 942 5759 Quis
964 5681 1037 5743 baec
1063 5679 1215 5760 intelligit,
1244 5684 1299 5746 atsi
1330 5682 1451 5743 verbum
1477 5680 1567 5743 verbo
