3684 7259
856 1216 997 1287 spurga
1132 1177 1136 1190 Ι
1415 1281 1426 1300 ,
1539 1228 1602 1290 455

250 1394 385 1453 naturali
409 1402 438 1454 et
460 1397 619 1473 conspicua
640 1404 711 1455 nota
734 1395 902 1471 dispungas,
925 1394 977 1454 sed
1001 1396 1029 1452 iu
1045 1396 1248 1474 dispungendo
1263 1416 1342 1459 mero
1358 1402 1450 1460 utaris
1471 1402 1601 1476 arbitrio,

254 1482 324 1540 milri
349 1491 446 1559 partes
470 1486 657 1543 terminorum
686 1488 813 1541 interae
837 1493 1071 1560 comparatorum
1100 1503 1152 1562 per
1174 1504 1206 1544 se
1235 1488 1330 1561 ipsas,
1361 1490 1424 1546 siue
1446 1488 1602 1548 arbitraria

252 1570 398 1629 divisione
421 1573 480 1632 sint
504 1574 687 1647 conspicuae.
733 1571 826 1647 Igitur
849 1572 905 1628 hoc
921 1573 971 1627 21.
996 1580 1086 1641 textu,
1111 1573 1178 1630 duru
1202 1572 1230 1630 id
1245 1577 1340 1651 ipsum
1363 1576 1471 1651 incipio
1494 1574 1601 1655 dicere,

249 1667 281 1717 tu
305 1658 499 1717 stomacharis
523 1660 615 1718 veluti
638 1671 725 1734 super
748 1660 979 1734 importunitate
1002 1678 1082 1730 mea,
1111 1663 1235 1735 copique
1257 1665 1284 1719 ic
1306 1664 1350 1721 ais
1374 1662 1416 1721 ud
1436 1662 1601 1739 defenden-

251 1745 324 1804 danr
348 1746 527 1820 diqnitutcnt
550 1749 750 1821 quaternarii.
797 1745 860 1821 Ego
885 1763 970 1815 vero,
1004 1749 1058 1805 etsi
1081 1764 1138 1806 nou
1163 1765 1282 1823 possum
1306 1749 1403 1821 aliter,
1434 1767 1522 1826 quam
1547 1769 1600 1810 ve·

252 1834 347 1890 uereri
371 1829 521 1910 mysteria,
545 1851 621 1908 quac
645 1847 675 1891 tu
700 1834 804 1892 uic-ex
828 1832 1016 1909 philosophia
1032 1834 1232 1910 Pythagorica
1255 1838 1363 1913 promis
1386 1854 1480 1912 exque
1495 1837 1601 1897 cauma

249 1919 468 1993 Hebraeorum,
501 1939 560 1978 non
583 1924 719 1980 existimo
742 1934 838 1978 tamon
863 1930 891 1979 te
915 1930 1049 1979 coactum
1072 1939 1090 1978 a
1113 1939 1159 1981 me
1182 1925 1296 1998 potius,
1324 1941 1412 1999 quarn
1435 1925 1600 1997 invitatum,

249 2025 303 2065 nec
328 2010 446 2066 invenio
470 2009 639 2083 quidquam,
664 2008 743 2084 quod
766 2010 978 2083 comparationi
1001 2026 1084 2068 meae
1107 2009 1224 2069 officiat.
1270 2011 1322 2068 list
1351 2013 1469 2070 omuino
1492 2029 1600 2087 magua

250 2093 428 2169 quaternarii
454 2096 597 2169 dignitas,
627 2108 658 2154 ut
680 2096 736 2155 hac
757 2112 816 2154 uon
840 2096 976 2154 obstante
1004 2098 1091 2155 situm
1123 2106 1220 2156 temen
1253 2098 1281 2154 iu
1306 2107 1357 2157 tuo
1386 2099 1441 2157 iuli
1468 2100 1599 2179 arbitrio,

250 2181 379 2241 dividere
407 2184 571 2258 subjectum
603 2182 723 2259 aliquod
753 2183 953 2242 harmonicum
989 2183 1035 2242 vol
1066 2186 1094 2242 in
1124 2194 1250 2260 quatuor
1281 2184 1328 2244 vel
1358 2187 1447 2244 etiam
1478 2179 1595 2246 iniria.

251 2270 315 2328 Nou
346 2272 423 2328 enim
448 2274 536 2329 uteris
565 2272 674 2346 ubique
703 2271 848 2329 divisione
876 2272 1077 2344 quaternaria,
1109 2270 1253 2331 interdum
1282 2273 1334 2331 tibi
1357 2272 1456 2350 placet
1485 2282 1515 2333 et
1537 2283 1598 2354 ter-

251 2362 342 2429 uaria,
368 2368 399 2416 ut
421 2361 554 2433 sequenti
579 2368 660 2417 textu
685 2361 736 2419 22.
760 2357 866 2416 iudico.
913 2356 992 2431 Quid
1014 2360 1040 2416 si
1064 2375 1119 2432 ego
1147 2368 1243 2434 tecpm
1274 2378 1310 2417 ex
1333 2363 1391 2419 tuis
1419 2362 1512 2436 ipsius
1536 2361 1599 2420 dis-

250 2458 353 2520 putem
376 2448 545 2522 principiis?
591 2447 636 2503 Au
662 2449 716 2504 erit
737 2444 808 2503 milri
831 2444 948 2503 diliicile
972 2446 1105 2522 probare,
1126 2453 1156 2506 te
1179 2445 1235 2504 hac
1258 2445 1376 2521 quidem
1399 2450 1463 2508 vice
1486 2465 1600 2525 nequa·

248 2551 337 2606 quarn
350 2536 512 2608 respexisse
529 2537 620 2610 primo
636 2533 673 2591 ad
693 2532 866 2608 dignitatem
883 2535 1068 2607 quaternarii,
1094 2532 1163 2594 dum
1179 2542 1305 2609 quatuor
1319 2533 1427 2608 gradus
1444 2538 1600 2612 opacitatis

247 2620 378 2691 subrues,
403 2621 455 2679 sed
478 2621 644 2680 immediate
667 2620 705 2677 ad
729 2637 879 2677 nunrorunr
903 2619 1112 2679 elementorum
1134 2621 1374 2695 quaternarium?
1417 2622 1492 2682 Nam
1509 2623 1598 2698 quid·

247 2707 317 2781 quid
348 2716 393 2766 est
421 2710 449 2765 iu
478 2726 599 2767 excessu
629 2710 783 2784 opacitatis
815 2717 908 2767 terrae
940 2725 1027 2783 super
1049 2710 1225 2785 opacitatem
1252 2726 1364 2784 aquae,
1396 2709 1426 2768 id
1449 2718 1520 2792 puto
1543 2711 1597 2769 ciui

249 2813 313 2853 csse
337 2795 460 2869 gradum
484 2806 630 2872 quartum,
654 2795 796 2871 quidquid
820 2794 885 2871 plus
903 2798 938 2854 in
953 2812 1031 2870 aqua
1054 2812 1143 2870 quam
1159 2798 1188 2852 in
1205 2800 1280 2866 edre,
1305 2797 1431 2873 tertium,
1453 2797 1598 2873 quidquid

247 2883 312 2957 plus
337 2885 366 2939 in
390 2887 457 2941 aire
480 2900 568 2957 quam
592 2886 619 2940 iu
645 2887 729 2959 igue,
752 2881 926 2954 secundum,
958 2885 1022 2957 ipsa
1044 2899 1116 2942 vero
1138 2883 1216 2959 ignis
1240 2873 1449 2956 tenebros'ititltr
1473 2887 1598 2963 primum

246 2969 351 3027 definis
375 2969 506 3044 gradum.
551 2970 633 3030 Haec
657 2970 792 3045 equidem
817 2969 964 3028 distinctio
987 2978 1108 3028 naturae
1121 2971 1214 3045 ipsius
1236 2980 1289 3042 cst,
1312 2969 1498 3050 si'pduiruur,
1522 2989 1598 3047 qua·

247 3061 410 3116 ternionem
441 3058 522 3115 illurn
553 3059 763 3117 elementorum
791 3058 844 3113 niti
875 3067 996 3114 naturae
1025 3058 1184 3134 principiis.
1229 3056 1279 3118 Sic
1301 3053 1496 3128 eniri-{etun
1518 3058 1597 3136 apud

248 3162 295 3201 rue
322 3144 442 3202 diurnus
466 3145 603 3221 planctae
631 3156 728 3204 nrotus
752 3161 809 3202 non
833 3162 865 3202 se
889 3147 967 3219 ipso,
999 3143 1051 3202 sed
1075 3145 1293 3221 comparatione
1322 3144 1494 3206 admotum
1522 3146 1598 3206 alte·

243 3235 305 3289 rius
329 3241 426 3309 partos
450 3236 569 3291 sortitur
592 3244 726 3308 quatuor,
751 3241 820 3290 tunc
842 3232 969 3305 scilicet,
1005 3248 1069 3289 cunr
1093 3248 1231 3292 cxoessus
1254 3234 1339 3291 uuius
1362 3250 1450 3309 super
1472 3232 1597 3294 altorum

245 3328 288 3378 ter
320 3322 483 3378 continetur
515 3322 543 3377 iu
574 3321 665 3377 altero
696 3328 807 3378 exacte.
854 3321 893 3377 At
924 3319 1052 3377 uicissim
1076 3320 1165 3378 etiam
1194 3317 1326 3395 expende
1353 3322 1483 3386 rationes
1505 3338 1596 3394 meas,

245 3408 353 3481 quibus
382 3406 457 3466 lianc
488 3412 711 3482 quaternitatem
741 3406 885 3482 graduum
913 3404 1052 3465 refellam.
1105 3405 1234 3468 Primum
1266 3405 1419 3467 elementa-
1439 3405 1610 3486 corporum·

245 3511 302 3550 rrou
327 3502 395 3553 sunt
419 3505 559 3568 quatuor,
591 3498 691 3554 nititur
714 3510 851 3553 numerus
874 3496 930 3553 iste
953 3492 1108 3552 Platonica
1136 3495 1234 3571 potius
1260 3485 1511 3571 symbolua'tlouc,
1549 3494 1608 3556 vel,

246 3581 434 3641 Aristotelica
458 3583 632 3656 qualitatum
664 3583 896 3653 combinatione,
927 3582 984 3640 nisi
1006 3580 1077 3656 quid
1098 3579 1180 3639 aliud
1211 3582 1308 3656 ignem
1331 3581 1476 3654 dicamur,
1507 3600 1596 3658 quern

246 3668 339 3740 illurn,
364 3672 415 3744 qui
438 3668 605 3746 depascitur
627 3678 758 3747 corpora
802 3668 865 3728 Nec
888 3686 954 3728 mea
976 3676 1020 3726 est
1042 3670 1163 3728 novatio
1186 3668 1253 3740 ista,
1277 3673 1399 3743 negavit
1421 3668 1499 3730 idern
1522 3669 1596 3730 Oar-

246 3755 340 3816 dauus
368 3765 436 3815 aute
467 3775 513 3816 rue
544 3757 686 3832 multique
714 3754 774 3815 alii.
828 3755 860 3816 Si
890 3756 1133 3833 compositionem
1164 3757 1346 3834 respicimus,
1387 3774 1423 3816 ex
1461 3765 1537 3817 terra
1568 3765 1598 3817 ct

245 3860 325 3919 aqua
348 3852 484 3915 constant¹
507 3844 671 3904 artificialia
699 3844 854 3919 pleraque,
884 3852 928 3901 est
950 3843 999 3903 ubi
1023 3845 1112 3902 etiarn
1135 3859 1172 3901 ex
1195 3846 1275 3914 aere,
1306 3861 1342 3903 ex
1364 3845 1432 3920 igue
1457 3843 1531 3904 nihil
1553 3843 1596 3918 iit,

247 3931 299 3990 sed
328 3933 402 4005 ignis
431 3935 529 3991 omnia
557 3934 710 3990 consumit.
757 3929 957 4005 Quaecunque
985 3932 1113 4005 vestigia
1134 3930 1200 4004 quis
1230 3931 1306 4004 iguis
1336 3937 1498 3992 monstraro
1526 3931 1598 3992 relii

246 4021 276 4077 iu
300 4018 497 4090 naturalibus,
512 4075 514 4079 ,
529 4037 565 4078 ea
588 4021 697 4084 loturae
720 4019 819 4094 potius
841 4025 893 4076 aut
914 4020 1031 4077 animae
1052 4025 1136 4089 aunt,
1170 4033 1245 4092 quae
1268 4034 1326 4076 nou
1350 4026 1395 4077 est
1420 4017 1597 4078 elementum

249 4123 422 4183 corporeum
455 4107 502 4164 vel
530 4109 729 4172 materiatum,
762 4112 794 4164 ut
823 4113 899 4165 terra
928 4103 975 4163 rel
1003 4122 1090 4180 aqua.
1141 4101 1194 4162 Sin
1222 4121 1291 4163 vero
1322 4104 1360 4163 ad
1388 4104 1596 4166 resolutionem

247 4196 365 4253 venitur
392 4209 547 4268 corporum
570 4192 756 4263 naturalium,
776 4190 971 4269 jamdudum
996 4192 1117 4262 Arabes,
1141 4188 1339 4266 chymicorum
1362 4200 1476 4251 tuorum
1500 4192 1596 4267 majo·

245 4298 308 4353 res,
343 4282 399 4339 tria
422 4291 606 4356 agnoverunt
629 4282 784 4356 principia:
811 4278 873 4352 sul,
902 4278 1026 4357 sulphur
1047 4285 1077 4336 et
1098 4279 1288 4350 mercurium,
1316 4288 1401 4356 puto,
1424 4296 1542 4338 sensum
1566 4281 1595 4336 in
1686 4346 1696 4368 Ι

248 4368 307 4427 hoc
330 4377 449 4427 secutos
473 4372 645 4428 mercurium
669 4367 786 4437 dixisse,
811 4365 950 4443 quicquid
974 4363 1102 4430 exhalat,
1126 4361 1205 4440 quod
1221 4363 1374 4425 odoratum
1396 4372 1509 4438 moret3
1531 4367 1596 4426 sul·

246 4455 335 4534 phur,
360 4473 419 4529 quo
443 4459 571 4530 pascitur
594 4457 724 4527 ilaruma;
747 4454 805 4525 sal,
834 4452 914 4530 quod
938 4445 1006 4528 post
1027 4450 1286 4525 conflagrationem
1309 4452 1417 4523 residet
1438 4455 1466 4510 in
1490 4455 1597 4513 cineri·

247 4545 310 4601 bus.
358 4542 412 4600 llis
437 4546 524 4618 igitur
547 4544 715 4601 auctoribus
738 4542 815 4617 iguis
839 4548 969 4599 vastetur
992 4547 1045 4611 cst,
1070 4538 1181 4620 divisor
1201 4548 1255 4613 est,
1278 4539 1436 4599 dissolutor
1451 4548 1503 4612 est,
1528 4559 1595 4618 pars
1647 4611 1650 4616 ,

246 4632 377 4706 corporis
402 4630 480 4687 haud
504 4640 557 4689 est
604 4630 699 4689 lllulta
722 4631 750 4685 in
775 4627 850 4686 lianc
872 4627 1048 4686 sententiam
1071 4626 1212 4701 disputari
1235 4635 1376 4705 possent,
1399 4645 1475 4703 quae
1498 4637 1594 4687 tamen

247 4718 336 4792 liujus
360 4717 417 4775 loci
440 4735 497 4776 uon
522 4727 564 4777 est
581 4717 722 4793 prolixius
738 4714 891 4791 explicare.
937 4712 1129 4788 Quaternario
1146 4714 1233 4788 igitur
1250 4715 1459 4795 elementorum
1475 4715 1595 4775 numero

246 4806 406 4881 dissipato,
437 4805 548 4863 deletur
579 4793 667 4863 e'tiam
697 4803 844 4861 distinctio
874 4803 932 4860 isia
964 4800 1138 4877 qualitatum
1168 4793 1466 4879 quarunrounque'iu
1487 4801 1595 4878 gratim

247 4902 385 4968 quatuor.
432 4892 545 4952 Deinde
569 4895 619 4966 qui
642 4890 750 4967 gradus
773 4889 900 4964 alicujus
922 4889 963 4948 rei
985 4897 1127 4962 numerat,
1153 4888 1179 4946 is
1201 4905 1259 4948 nou
1283 4889 1372 4954 debet
1393 4891 1422 4950 iu
1445 4906 1596 4955 numerum

248 4981 356 5038 referre
389 4979 434 5038 vel
458 4983 643 5054 negationem
672 4980 712 5036 rei
735 4994 853 5053 puram,
884 4975 932 5034 rel
959 4975 1300 5058 infinitumquippianr„
1333 4978 1374 5035 At
1401 4979 1430 5035 in
1453 4976 1500 5036 liis
1528 4978 1595 5050 tuis,

246 5068 388 5138 Roberte,
421 5066 561 5142 gradibus
591 5066 676 5126 video
706 5068 735 5121 in
765 5074 841 5124 terra
864 5066 1050 5138 negationem
1077 5061 1152 5123 lucis
1174 5081 1295 5136 meram,
1328 5057 1513 5148 obscuritatis
1532 5067 1595 5124 iim

246 5156 390 5212 infinitam
424 5165 452 5214 et
486 5153 670 5213 illiuritatam.
720 5152 787 5211 Iloc
820 5150 939 5229 perinde
972 5160 1030 5223 est,
1060 5168 1095 5210 ac
1127 5153 1153 5210 si
1183 5155 1249 5226 quis
1283 5150 1406 5222 diceret,
1439 5149 1596 5230 cujuslibet

246 5244 343 5302 lineae
367 5251 425 5300 tres
449 5260 513 5300 esse
538 5251 643 5318 partes,
668 5249 807 5316 puuctum
830 5240 914 5311 initii,
939 5238 1046 5297 lineam
1070 5241 1163 5314 ipsam
1186 5246 1216 5296 et
1239 5245 1377 5316 puuctum
1400 5238 1495 5317 finale.
1534 5233 1596 5302 ult-

250 5348 309 5405 que
339 5329 429 5404 hujus
460 5330 589 5388 deiectus
612 5329 824 5387 consessionem
853 5326 944 5386 veluti
968 5323 1117 5401 quandam
1143 5324 1286 5388 habemus
1317 5329 1344 5383 iu
1368 5319 1595 5401 ipsa2oiaticne

247 5428 317 5491 tua,
349 5434 414 5477 cum
438 5420 482 5476 ais
505 5424 619 5474 terrum
643 5434 761 5489 parurn
784 5415 832 5472 ccl
853 5414 931 5472 nsnrt
951 5412 1061 5472 taum
1080 5413 1200 5488 fotrnue
1229 5426 1282 5472 stu
1303 5413 1378 5472 lucit
1402 5406 1596 5499 'undeceni

246 5524 285 5565 sc.
333 5504 434 5563 Tertio
466 5507 490 5562 si
524 5504 682 5577 qualitates
713 5505 981 5579 ipsas'sumaruus,
1014 5502 1130 5577 ineptae
1153 5499 1221 5559 illae
1244 5501 1429 5560 invenientur
1458 5499 1596 5562 adhunc

247 5595 476 5668 quaternarium.
522 5590 553 5648 Si
586 5589 680 5649 luceru
711 5593 875 5661 intuemur,
901 5584 987 5650 nulla
1005 5586 1056 5648 lux
1078 5596 1123 5646 est
1150 5589 1180 5644 in
1206 5591 1274 5648 aiire
1303 5590 1391 5650 insita
1418 5594 1448 5647 et
1469 5590 1594 5666 propria,
1659 5582 1662 5587 ’

245 5680 329 5739 uuila
352 5681 380 5737 in
403 5697 499 5756 aqua,
529 5677 609 5737 nulla
632 5680 661 5736 iu
684 5685 778 5755 terra5
807 5680 832 5737 si
856 5675 1102 5754 pelluciditatem,
1131 5692 1167 5737 ca
1199 5676 1228 5733 iu
1251 5675 1368 5739 nemore
1390 5678 1594 5752 mutuarent,
1632 5699 1656 5742 .·
