3684 7259
772 1236 806 1294 de
823 1236 978 1293 Hmmonie.
1498 1238 1540 1297 di

198 1410 297 1459 meliori
315 1410 363 1459 lec
380 1412 481 1461 tortune
497 1413 633 1479 truebetur,
652 1428 708 1465 eum
726 1429 790 1465 euno
804 1413 882 1469 ieet.
900 1415 994 1478 proelio
1012 1414 1044 1463 ed
1056 1412 1230 1472 Noerdlinttm
1246 1412 1313 1461 [⁸00⁰
1330 1406 1382 1477 (2ss-
1394 1410 1471 1472 Aug.)
1487 1415 1540 1460 Μ·

199 1481 411 1542 Wmttembsrgie
428 1494 528 1548 unoque
545 1484 659 1546 'l'ubinge
675 1486 701 1534 in
719 1491 867 1548 potestetem
885 1485 1063 1535 eetboiicornm
1080 1485 1181 1532 renuet

290 1549 459 1617 celemitetes,
478 1554 570 1617 quibus
584 1560 635 1604 tum
645 1556 737 1605 tillicto
747 1561 785 1604 eet
799 1556 1005 1616 Wiirttembsrgis
1023 1559 1048 1603 et
1065 1557 1118 1615 ejus
1128 1552 1233 1613 iucoise,
1250 1565 1282 1601 ex
1294 1552 1326 1601 iis
1338 1554 1464 1616 epperent,
1477 1563 1542 1615 quse

199 1621 368 1671 Senteterdns
391 1621 422 1670 de
440 1622 491 1671 isto
510 1637 555 1673 suo
575 1626 642 1674 esse
660 1626 741 1674 Luoee
759 1626 846 1687 reiert,
871 1625 987 1691 quitum
1004 1625 1032 1674 in
1050 1624 1141 1685 duplis
1156 1624 1313 1688 versebetnr,
1332 1621 1468 1684 psedsrogt
1484 1633 1540 1669 mu·

198 1705 258 1740 nere
276 1691 377 1740 iunctus
395 1692 462 1754 epud
479 1694 544 1742 dlios
561 1694 640 1745 Ducis
657 1696 888 1757 Wiirttemberglse.

289 1762 338 1809 Die
358 1761 399 1815 10.
418 1762 478 1811 Dec
496 1760 565 1816 1634
590 1767 678 1816 scribit
704 1766 880 1816 Scbiclerdus:
905 1766 945 1814 Ex
968 1771 1012 1815 tue
1034 1763 1060 1818 8.
1078 1764 1143 1825 Aug.
1167 1768 1264 1813 exerete
1290 1762 1396 1824 epistole
1417 1761 1541 1842 intelliqo,

200 1832 249 1880 tibi
272 1831 384 1880 noudum
407 1839 518 1881 consters
541 1834 573 1884 de
597 1835 730 1898 multiplici
754 1837 853 1884 mIserie
876 1842 968 1886 nostre.
1005 1836 1123 1896 significo
1140 1834 1229 1898 igitur,
1253 1839 1356 1881 metrem
1374 1829 1484 1902 nostrqi'tt
1510 1830 1541 1896 ip

200 1902 257 1950 dire
275 1902 413 1963 irruptione
432 1902 670 1966 Herronbergeusle
687 1906 811 1954 militibus
827 1904 1056 1956 immisericorditer
1079 1908 1221 1968 tractatam,
1246 1902 1393 1951 duodecimo
1432 1901 1435 1906 ’
1485 1949 1489 1954 .
1623 1898 1628 1910 ’

199 1973 309 2019 enimsm
327 1971 381 2020 Deo
399 1972 549 2039 reddidisse,
568 1976 650 2023 virere
668 1978 802 2024 etiemnnm
821 1990 941 2042 sororem,
968 1977 1025 2041 sed,
1050 1980 1079 2024 ut
1102 1974 1175 2024 iecile
1197 1974 1313 2038 conjicis,
1337 1983 1425 2034 perum
1514 2029 1517 2034 ι

198 2041 241 2090 lie
258 2041 327 2106 quod
344 2044 442 2106 ettinet,
459 2056 510 2091 uon
528 2045 603 2093 bebul
620 2058 665 2107 per
683 2058 781 2095 omnem
798 2047 874 2095 ritem
888 2046 1070 2096 celemitosiore
1082 2050 1201 2108 tempore,
1220 2056 1293 2107 quem
1310 2043 1371 2092 bees
1388 2042 1458 2107 ipse;
1478 2029 1540 2089 eden

198 2126 240 2160 me
263 2111 376 2175 undique
398 2115 488 2174 premit
510 2115 594 2163 tetum
630 2115 716 2164 diense
739 2121 795 2179 post
816 2123 918 2164 metrem
937 2114 1014 2180 (Oct.)
1041 2116 1105 2164 obiit
1129 2115 1180 2163 illle
1198 2127 1252 2161 mee
1269 2118 1329 2161 netu
1347 2114 1438 2177 mejor,
1463 2112 1541 2159 eltero

200 2182 319 2243 deinceps
336 2195 420 2230 meuse
438 2196 500 2231 uxor
517 2189 542 2231 et
558 2185 622 2234 duee
639 2186 754 2251 enclllee,
773 2187 845 2235 tertio
864 2185 971 2249 deniqne
989 2186 1068 2245 (Dec.)
1087 2189 1170 2234 secute
1188 2188 1226 2232 est
1242 2184 1319 2231 eltere
1336 2182 1420 2231 filiole.
1449 2182 1541 2231 Omnes

199 2258 244 2299 sut
262 2264 328 2299 noso
346 2253 426 2300 morbi
444 2266 531 2313 genere
549 2259 592 2303 eut
608 2256 686 2317 pe'stis
708 2261 790 2304 temen
808 2258 889 2318 speeie
910 2255 1103 2304 intrentrlduum
1121 2255 1161 2303 rel
1179 2252 1321 2303 sentiduum
1335 2251 1453 2301 sublstee.
1472 2249 1540 2312 Quid

199 2322 231 2369 de
250 2334 291 2369 me
308 2323 514 2383 superstitibusve
532 2324 629 2374 duobus
647 2325 732 2374 liberis
749 2326 860 2374 minimis
878 2326 988 2374 iuturum
1007 2327 1053 2391 sit,
1081 2325 1150 2373 Deus
1167 2325 1239 2372 norit
1256 2362 1262 2375 .
1282 2361 1288 2373 .
1309 2362 1316 2374 .
1336 2360 1341 2372 .
1377 2321 1403 2369 le
1420 2334 1486 2370 nunc
1503 2324 1542 2370 est

197 2394 226 2439 in
245 2391 293 2439 boc
311 2391 404 2453 oppido
421 2396 514 2454 stetns,
532 2399 560 2442 ut
577 2396 678 2461 nemini,
697 2409 728 2444 ue
745 2397 789 2445 uui
807 2394 921 2462 quidem,
941 2397 1052 2445 iortuues
1069 2408 1138 2444 nnees
1156 2394 1253 2444 credere
1271 2394 1358 2441 susim.
1396 2392 1540 2457 Premimur,

198 2463 354 2522 morimur,
371 2466 465 2511 nutum
484 2477 534 2511 nou
553 2477 709 2524 nossemus,
726 2480 755 2532 ec
774 2464 848 2515 silere
864 2470 947 2514 temen
965 2471 1075 2531 oportet,
1093 2467 1144 2513 imo
1162 2465 1226 2513 leste
1244 2464 1323 2511 ironte
1340 2463 1451 2525 prebere,
1468 2463 1541 2525 qussi

198 2533 263 2580 bene
281 2537 384 2591 gestum.
419 2531 543 2581 Hertsme
560 2547 661 2596 vespere
677 2536 784 2584 vidimus
796 2536 976 2598 emplissimum
987 2536 1138 2600 incendium,
1157 2538 1228 2596 siunt
1246 2548 1299 2583 esse
1312 2533 1396 2597 Ursci;
1416 2532 1438 2580 si
1457 2545 1540 2580 rerum

198 2608 247 2660 est,
266 2606 346 2649 totum
364 2601 518 2663 couflsgrerit
530 2610 631 2665 oportet
662 2606 743 2654 litiem
756 2605 921 2656 Schorndorie
938 2611 990 2655 tote
1008 2608 1058 2654 iere
1076 2610 1113 2654 est
1130 2608 1224 2670 exuste,
1243 2608 1303 2666 puto
1322 2602 1401 2651 solum
1420 2602 1539 2663 templum

199 2685 258 2719 cum
276 2684 331 2719 erce
348 2685 482 2734 superesse.
518 2672 587 2733 Quos
613 2676 679 2724 ierus
696 2676 761 2725 llere
784 2677 812 2725 iu
835 2675 883 2724 boc
900 2676 993 2725 ducein
1010 2690 1060 2725 non
1083 2676 1199 2740 obstulit,
1223 2674 1244 2722 il
1264 2687 1331 2726 nuuc
1347 2671 1474 2735 pestilenti
1499 2673 1539 2720 lue

198 2740 338 2789 concidunt
354 2744 497 2792 osterretim
513 2743 636 2808 quotidie.
662 2745 757 2794 blelum
775 2750 813 2795 sst
830 2748 902 2806 longe
920 2759 1002 2809 supre,
1020 2759 1095 2810 quem
1112 2747 1172 2794 setis
1191 2743 1299 2793 describi
1317 2744 1397 2805 possit
1398 2778 1538 2795 ......

198 2811 274 2860 Nosti
291 2811 367 2861 sedes
382 2812 496 2877 elioqniu
513 2814 579 2863 beud
596 2816 692 2877 emplee
710 2830 775 2882 esse,
794 2830 856 2880 ques
874 2816 920 2865 bec
937 2823 1030 2865 esstote
1048 2818 1111 2879 emt,
1130 2820 1168 2864 est
1185 2819 1266 2863 temen
1284 2828 1313 2863 ee
1331 2812 1441 2863 solitudo
1459 2819 1484 2861 et
1500 2814 1540 2861 ie·

198 2883 286 2929 milies
304 2884 423 2943 peucitss,
441 2889 470 2932 ut
486 2886 513 2931 ln
529 2885 637 2933 insulem
655 2885 798 2947 deportetur
817 2900 870 2934 esse
888 2887 951 2934 mibi
968 2885 1060 2935 rideer.
1097 2884 1159 2933 Gum
1177 2884 1206 2933 de
1224 2884 1303 2934 bostis
1320 2883 1428 2932 edrentu
1446 2884 1540 2943 primus

198 2964 286 2999 mmor
309 2952 482 3018 increbuisset,
506 2955 636 3018 opiueber,
660 2957 749 3005 emisse
776 2956 876 3004 domum
898 2957 999 3005 omniuo
1022 2956 1204 3018 intempestive:
1238 2967 1304 3003 nuuc
1325 2953 1371 3001 nbi
1393 2954 1471 3015 pestis
1501 2967 1541 3002 me

198 3022 280 3083 priori
297 3020 371 3070 domo
390 3023 541 3072 conductitio
559 3026 652 3091 exegit,
677 3026 790 3088 intelligo
810 3025 920 3091 demum,
945 3039 1021 3090 quem
1041 3030 1144 3088 peterne
1161 3038 1229 3073 mese
1246 3023 1384 3073 reletudlni
1403 3022 1540 3084 providerit

199 3092 408 3141 elementissimus
426 3093 507 3157 Deus,
530 3096 574 3158 qul
590 3095 654 3144 benc
672 3096 756 3144 eedem
774 3096 849 3145 dedit
885 3096 1003 3146 includor
1019 3109 1085 3144 nunc
1102 3096 1143 3143 illi
1159 3095 1229 3143 velut
1246 3094 1349 3159 mereri,
1367 3093 1436 3158 qnod
1454 3097 1540 3142 coute-

197 3161 283 3221 glouls
299 3165 368 3210 metu
385 3169 542 3225 conspectum
560 3178 643 3213 meum
659 3179 709 3214 nnn
727 3168 810 3216 ierunt
826 3167 968 3231 ecedemioi,
985 3166 1128 3228 prsesertim
1145 3165 1197 3229 ille,
1216 3166 1262 3229 qui
1278 3165 1385 3225 symboli
1403 3163 1458 3213 loco
1477 3166 1540 3213 scri·

198 3232 259 3278 bers
277 3232 367 3281 nolitne
384 3239 450 3281 eret:
468 3240 588 3299 „mortem
605 3248 655 3284 non
673 3233 763 3285 timet“
775 3242 831 3302 etc,
849 3238 932 3285 siluis
949 3240 1039 3287 noster.
1069 3236 1152 3284 Etiem
1164 3236 1270 3284 Lensins
1287 3232 1430 3283 reformidet
1447 3247 1540 3283 norum

198 3302 312 3350 ricinum
329 3307 403 3366 stque
421 3302 495 3352 docte
511 3307 669 3366 percursione
687 3306 804 3355 eliorsum
830 3307 912 3367 lugere
928 3307 1004 3367 jussit
1022 3345 1028 3358 .
1047 3341 1080 3356 ..
1110 3304 1255 3355 Studiorum
1272 3304 1397 3369 quendem
1420 3303 1540 3368 eondnql,

198 3371 244 3435 qni
263 3372 380 3421 continue
397 3385 494 3422 meeum
511 3374 614 3441 bebitet,
632 3376 654 3424 si
671 3376 733 3441 quid
750 3377 830 3426 secius
848 3376 981 3443 recideret,
1007 3376 1119 3441 elloquln
1137 3375 1228 3424 encills
1244 3374 1365 3439 queedem
1382 3386 1458 3422 senex
1476 3374 1540 3423 culi·

197 3454 257 3489 nem
274 3441 433 3491 edminIstret
450 3444 513 3492 mibi
531 3482 538 3510 ,
557 3481 564 3495 .
583 3482 590 3495 .
608 3444 704 3495 lindius
721 3449 809 3496 tertius
827 3460 925 3496 rsccem
943 3447 1023 3495 inrito
1041 3448 1103 3495 mibi
1120 3446 1212 3494 milites
1229 3449 1369 3494 mscterunt
1386 3480 1393 3493 .
1413 3481 1422 3497 .
1441 3482 1449 3498 .
1468 3482 1475 3496 .

287 3528 356 3579 lines
373 3532 464 3592 repetit
480 3529 643 3583 Sebiokerdns
659 3535 687 3583 in
704 3535 783 3583 literis
801 3535 826 3587 d.
845 3531 870 3587 6.
888 3533 960 3585 liert.
982 3531 1047 3587 1635
1070 3534 1101 3583 sd
1119 3535 1219 3583 mtrem
1238 3531 1317 3598 detls,
1336 3533 1415 3598 „quis
1430 3545 1540 3582 menum

199 3598 344 3653 (minimum
361 3602 494 3665 quinquies
511 3601 542 3650 od
559 3607 584 3650 be
595 3604 793 3669 perscripturum)
812 3606 893 3653 nullos
910 3604 1028 3653 bectenns
1045 3606 1093 3652 tibi
1110 3606 1176 3652 risse
1193 3603 1300 3653 lectesve
1318 3599 1420 3665 reiers“,
1439 3603 1539 3668 elinque

198 3668 283 3717 eddit:
310 3668 387 3720 Soror
411 3673 521 3719 uncins
542 3675 649 3733 greriter
672 3676 810 3739 conveluit,
835 3675 948 3739 quemvis
972 3671 1007 3726 18
1027 3676 1092 3723 ictus
1114 3678 1222 3736 experte.
1258 3671 1409 3722 Addidersnt
1431 3686 1539 3739 quoque,

199 3751 277 3800 quem
292 3739 520 3790 immisericorditer
543 3745 694 3793 erunoulnm
717 3749 828 3794 nostrum
848 3744 988 3794 (lmelinum
1005 3744 1149 3811 treoterint,
1175 3744 1234 3792 inne
1250 3746 1308 3806 post
1326 3756 1402 3807 equos
1419 3745 1541 3791 trexeriut

196 3820 241 3870 per
259 3810 343 3877 iuris,
366 3811 467 3859 undem
484 3812 549 3873 lytro
567 3808 619 3866 300
636 3814 804 3877 imperielium
822 3819 918 3863 extorto
938 3816 980 3862 vix
998 3813 1143 3865 dimiserint.
1179 3813 1299 3863 Petruum
1316 3811 1463 3880 ilenrtcum,
1482 3827 1538 3863 sero

197 3878 301 3928 dunum
318 3884 345 3929 et
361 3881 464 3946 quendo
481 3879 519 3930 nil
536 3882 626 3932 hostile
644 3884 753 3946 emplius
770 3885 936 3945 metuebetnr,
953 3884 1116 3934 confoderunt
1132 3884 1215 3936 etium.

286 3966 424 4035 Postquem
441 3969 546 4020 bellicus
563 3972 631 4021 iuror
648 3972 806 4037 eliquentum
824 3972 953 4036 deseevlit,
974 3976 1003 4020 ut
1019 3985 1036 4020 e
1046 3975 1085 4020 tot
1101 3971 1235 4020 terroribus
1252 3969 1373 4031 respicere
1391 3967 1540 4037 debuissem,

198 4052 230 4089 ex
246 4040 384 4103 improviso
403 4038 475 4088 eliud
491 4041 553 4089 meli
569 4055 646 4102 genus
665 4042 766 4091 domum
778 4056 859 4091 meem
871 4043 971 4108 sillinit,
989 4043 1066 4104 priori
1083 4054 1163 4106 esque
1180 4053 1295 4101 seerum,
1313 4040 1374 4104 quie
1390 4039 1460 4087 brevi
1476 4045 1546 4089 tem-

198 4122 260 4171 pore
277 4122 381 4158 uxorem
399 4114 425 4159 et
441 4110 507 4159 illies
526 4125 618 4174 omnes,
636 4113 742 4161 encilles
760 4126 859 4177 quoque
871 4112 935 4161 dues
954 4125 1005 4161 une
1022 4125 1078 4161 cum
1096 4111 1220 4176 inquilino
1238 4109 1351 4159 studioso
1364 4109 1474 4175 sustulit,
1492 4110 1539 4159 ed·

197 4193 280 4245 eoque
296 4192 337 4228 me
354 4180 435 4228 solum
452 4193 507 4229 cum
525 4182 599 4231 unico
617 4181 694 4231 filiolo
713 4182 851 4245 'I'beopbilo
869 4182 971 4247 reliquit
989 4220 996 4234 .
1016 4219 1022 4234 .
1042 4220 1048 4233 .
1068 4217 1074 4231 .
1109 4181 1221 4230 Accessit
1237 4180 1400 4246 novissimum
1418 4185 1443 4228 et
1460 4180 1538 4229 multo

197 4250 263 4298 mibi
280 4249 473 4315 lntolerebilius,
491 4252 559 4316 quod
576 4252 603 4300 in
621 4252 695 4301 sedes
714 4252 846 4301 dnmnetus
864 4265 931 4300 erem
949 4253 1098 4301 unctoritete
1115 4251 1234 4316 Senetns,
1252 4263 1287 4303 so,
1300 4262 1331 4300 ne
1344 4264 1409 4316 ques
1424 4250 1538 4311 coningio

198 4333 230 4368 ex
247 4319 311 4368 meis
329 4323 437 4383 serperet
453 4320 486 4369 sd
503 4322 576 4388 elios,
594 4324 667 4387 quest
684 4336 735 4372 uon
752 4324 799 4372 boc
816 4322 907 4384 oppido
926 4326 978 4372 toto
991 4322 1084 4384 possim
1102 4334 1133 4370 ee
1149 4322 1202 4370 lues
1219 4321 1295 4370 tuertt
1305 4324 1427 4381 pruscie
1446 4320 1538 4368 Volus-

198 4396 259 4438 runt
276 4390 377 4439 omnino
394 4390 523 4441 extrudere
539 4392 655 4454 l'ubingn
671 4394 754 4455 specle
771 4393 880 4442 melioris
896 4406 973 4441 eures
992 4390 1143 4457 ceptendee;
1167 4396 1195 4439 et
1217 4392 1254 4441 sio
1277 4404 1334 4439 mee
1356 4390 1468 4453 supellex
1485 4403 1538 4439 cer-

197 4460 300 4509 tissime
315 4460 405 4509 inisset
421 4460 516 4525 praede
531 4462 639 4510 militum
656 4461 884 4528 praesidiariorum,
902 4462 970 4526 quod
988 4462 1100 4523 exemplo
1118 4462 1224 4511 eliorum
1242 4461 1383 4510 absentium
1401 4458 1538 4510 didici...

201 4529 340 4580 saumis
353 4532 423 4591 Jeeet
438 4531 558 4593 neglecte,
576 4532 669 4581 solerie
687 4532 730 4581 dlu
748 4536 811 4580 retro
829 4532 900 4580 nulle
917 4532 957 4581 vel
974 4532 1115 4594 ecceplmus
1134 4531 1173 4580 vel
1190 4544 1290 4594 spernis
1307 4543 1438 4593 possumus
1457 4542 1538 4591 porro,

198 4612 229 4647 ee
247 4612 349 4662 erogare
366 4604 451 4649 temen
474 4602 584 4662 cogimur
606 4602 639 4651 ed
658 4602 772 4651 sudorem
795 4607 819 4650 et
842 4602 988 4661 sanguinem
1012 4615 1098 4666 usque.
1134 4600 1212 4651 liemo
1234 4602 1399 4666 professorum
1418 4598 1538 4647 immums

199 4674 247 4732 est,
268 4681 299 4718 ne
317 4669 440 4731 theologis
457 4671 558 4736 quidem
575 4673 693 4738 parcitur,
717 4685 767 4737 quo
792 4673 873 4719 minus
891 4671 1098 4720 insolentissimos
1114 4672 1197 4738 eleut,
1223 4675 1268 4722 ent
1290 4672 1334 4736 qui
1356 4682 1455 4718 menses
1479 4682 1538 4717 sune
1596 4730 1601 4742 ¹

197 4752 251 4787 non
275 4738 408 4806 edbibent,
435 4741 535 4790 solvunt
560 4747 643 4790 tumen
666 4742 835 4791 hebdomatim
853 4738 1100 4802 6-1osusp1ures
1122 4742 1246 4805 theletos,
1273 4744 1370 4803 preeter
1386 4738 1538 4787 ordinarium

196 4810 397 4875 immsussmque
414 4812 623 4861 contributionem
641 4826 672 4861 ex
689 4812 770 4862 bonis.
801 4809 983 4860 (leuoellerium
1000 4811 1101 4872 tuipse
1118 4812 1237 4861 cetbedrs
1253 4823 1324 4861 soors
1342 4808 1444 4872 quidem
1461 4814 1538 4856 ume-

197 4878 290 4945 mins,
309 4877 368 4928 dnm
385 4880 419 4929 ed
437 4881 566 4931 ecclesium
583 4882 783 4946 concionentur,
802 4883 855 4931 sice
873 4885 911 4929 est
927 4881 1042 4943 edortus,
1066 4894 1116 4930 non
1140 4887 1223 4931 temen
1246 4879 1397 4944 preeveiuit,
1422 4879 1540 4939 enpustie

199 4948 252 4998 loei
270 4948 429 4999 innocentem
447 4951 600 5001 defendente.
636 4952 801 5001 Perticuleres
820 4950 920 5016 osedes,
947 4965 1010 5017 ques
1033 4952 1134 5013 longum
1158 4953 1221 5001 toret
1244 4961 1398 5007 enumerare,
1419 4947 1539 4997 incendis

198 5030 300 5081 quoqne
317 5022 356 5068 tot
372 5019 528 5086 oppidorum,
546 5035 577 5072 ex
594 5022 698 5085 publice
714 5023 783 5071 teme
799 5022 886 5085 procul
904 5020 980 5070 dubio
997 5022 1044 5070 tibi
1061 5026 1184 5082 notorum,
1204 5021 1298 5070 omitto.

287 5087 404 5157 Ultimos,
422 5103 487 5157 ques
499 5091 568 5141 dedit
579 5092 745 5143 Seblckerdus
757 5091 836 5157 metri,
853 5094 906 5153 iem
917 5090 1020 5141 Perisiis
1033 5092 1202 5157 commorenti,
1220 5087 1537 5154 deteesunt„1>uslingse,

198 5172 268 5222 μου
280 5160 451 5222 praetecum
467 5160 641 5224 Dmnnrensis
658 5163 686 5210 ln
703 5176 758 5213 meo
775 5161 880 5211 Petbmo
899 5162 924 5210 d.
944 5158 986 5214 29.
1005 5162 1072 5225 Sept.
1091 5158 1187 5223 163&ss
1211 5173 1260 5222 qno
1278 5158 1363 5207 eodem
1381 5157 1421 5207 die
1438 5158 1539 5220 scripsit

200 5228 231 5277 de
249 5233 320 5277 stetu
336 5241 381 5279 sno
399 5231 546 5281 celemitoso
564 5232 598 5284 ed
615 5233 722 5281 emicunt
733 5233 912 5294 Berneggerum
925 5232 1124 5293 Argentorstum.
1161 5230 1252 5291 liores,
1270 5228 1361 5293 inquit,
1381 5228 1538 5277 celemintes

197 5299 247 5348 tibi
265 5311 355 5363 nerro,
381 5313 474 5367 sesque
491 5302 695 5363 prsecedentibns
719 5302 787 5352 beud
804 5302 920 5351 leniores:
947 5303 1052 5364 priorem
1071 5301 1101 5349 de
1117 5300 1210 5349 netells
1228 5297 1315 5361 oppidi
1332 5299 1411 5346 noemi
1429 5297 1538 5347 llerren-

197 5369 290 5430 berges
308 5368 409 5419 moeste
432 5369 628 5437 dessegrstione,
642 5386 720 5438 quse
745 5372 851 5434 contigit
868 5372 892 5422 d
910 5367 936 5424 9.
954 5371 1029 5433 Julii,
1051 5370 1155 5419 ultorem
1173 5368 1312 5419 desereris
1330 5372 1431 5417 nostres
1448 5368 1537 5417 Aunes

199 5440 345 5502 nuperum
361 5443 447 5493 morte.
483 5442 589 5493 Etiemsi
606 5456 664 5503 orgo
681 5444 783 5496 domum
799 5442 899 5507 redens,
925 5442 1089 5490 nibil⁴temeu
1107 5439 1138 5489 de
1155 5440 1237 5501 petrio
1254 5440 1307 5488 lere
1323 5442 1448 5500 superstes
1465 5437 1536 5487 ride·

198 5508 247 5570 be,
264 5509 316 5559 nisi
332 5508 396 5559 torte
413 5510 530 5574 disiectos
547 5513 647 5577 sliquos
669 5513 766 5579 lepidos
790 5514 914 5562 cineribus
938 5511 1067 5573 permistos
1089 5514 1163 5572 etque
1188 5510 1320 5559 titionibus
1340 5514 1421 5568 ntrou
1442 5521 1494 5557 non
1511 5512 1536 5557 te
1576 5555 1579 5562 ,
1657 5512 1662 5523 ·

198 5578 317 5629 redum
333 5579 469 5649 sdutebit,
495 5582 561 5646 quod
577 5584 646 5632 leete
661 5583 742 5633 meere
758 5587 888 5646 tentopere
906 5579 1067 5642 desideravit,
1093 5580 1239 5629 charissime
1255 5592 1332 5631 soror.
1367 5576 1429 5627 cnm
1447 5590 1478 5626 ee
1494 5578 1536 5626 iu-

199 5647 290 5699 ceudio
308 5648 363 5701 diro
381 5652 557 5720 expelleretur,
584 5653 617 5703 ed
634 5666 675 5702 me
692 5654 877 5715 migravitque
894 5664 950 5701 cum
967 5651 1047 5698 tribus
1064 5648 1160 5701 liberis.
1196 5649 1290 5713 Excepi
1307 5650 1413 5699 ireteme
1430 5647 1536 5697 ridebe-

199 5731 305 5786 mque
321 5722 396 5773 nobis
411 5724 466 5785 ism
482 5724 516 5773 eb
532 5723 578 5774 illo
595 5735 655 5774 osen
671 5725 788 5775 nonulbss
803 5724 954 5788 respueres,
975 5719 1078 5784 quondo
1099 5732 1176 5771 seere
1198 5722 1224 5771 et
1239 5722 1373 5785 inopinsto
1394 5718 1471 5782 pestis
1488 5718 1536 5767 boo
