3684 7259
240 1189 310 1248 aba
479 1218 481 1222 ·
663 1183 705 1237 De
723 1181 987 1251 configurationibus
1005 1184 1184 1239 manicis.

331 1360 390 1421 Hic
415 1360 501 1420 valde
522 1378 577 1420 me-
592 1361 776 1420 confirmarit
797 1360 827 1419 id
850 1363 961 1436 ipsum,
989 1361 1069 1440 quod
1091 1361 1182 1420 alium
1203 1362 1335 1438 aliquem
1358 1364 1519 1423 absterrere
1540 1379 1598 1439 po-

245 1451 309 1517 tuit,
333 1449 445 1509 scilicet
466 1448 547 1523 quod
568 1465 626 1507 uon
649 1466 763 1526 semper
785 1448 823 1506 ad
845 1450 986 1506 amussim
1008 1450 1184 1524 respondent
1206 1454 1415 1509 commotiones
1437 1460 1599 1528 tempesta-

243 1550 305 1594 tum
331 1537 515 1611 aspectibus3
539 1535 591 1594 sed
607 1536 697 1595 Terra
719 1536 844 1594 subinde
867 1538 967 1611 segnis
992 1536 1105 1594 videtur
1127 1548 1156 1595 et
1179 1549 1350 1611 contumax,
1383 1538 1443 1596 alio
1466 1549 1598 1614 tempore

243 1623 367 1701 (scilicet
382 1624 455 1699 ¹post
478 1642 583 1699 graves
607 1633 636 1683 et
658 1623 809 1682 diuturnas
831 1621 1092 1704 configurationes)
1117 1627 1303 1697 exacerbata,
1329 1626 1462 1702 indulget
1484 1644 1598 1703 evapo-

243 1713 414 1783 rationibus,
438 1714 526 1769 ctiam
550 1713 612 1769 sine
635 1721 806 1787 aspectuum
829 1713 1057 1770 continuatione.
1087 1712 1152 1769 Nou
1176 1724 1221 1770 est
1243 1716 1351 1788 quippe
1374 1713 1465 1772 Terra
1488 1714 1596 1772 animal

244 1799 311 1869 tale,
336 1799 423 1886 quale
446 1801 541 1870 cauis,
565 1797 604 1856 ad
626 1815 741 1857 omnem
763 1807 865 1858 nutum
888 1806 1069 1873 promptum,
1098 1799 1149 1857 sed
1173 1800 1249 1871 tale,
1274 1790 1360 1875 quale
1384 1802 1437 1859 bos
1460 1809 1512 1860 aut
1535 1800 1597 1859 elc-

244 1886 327 1963 pbas,
351 1886 464 1944 tardum
488 1885 526 1944 ad
549 1887 620 1944 iram
645 1895 784 1961 tantoque
808 1885 973 1957 violentius,
998 1904 1063 1944 cum
1086 1887 1251 1953 excanduit.
1461 1880 1463 1883 ’

217 1976 223 1994 “
331 1971 414 2047 Quac
437 1973 574 2048 analogia
604 1989 670 2031 cum
700 1973 868 2031 succederet
890 1973 997 2046 efiecit,
1030 1983 1062 2031 ut
1093 1973 1215 2032 eandem
1243 1975 1364 2033 ulterius
1396 1991 1616 2051 prosequerer,¹

244 2077 416 2139 comparans
438 2065 527 2119 etiam
549 2077 671 2137 corpora
693 2064 874 2119 animantum
897 2078 962 2117 cum
993 2077 1112 2135 corpore
1135 2061 1261 2120 Terrae:
1298 2062 1441 2120 videbam'
1457 2060 1597 2138 pleraque

244 2152 360 2220 omnia,
382 2166 459 2229 quae
482 2167 518 2208 ex
541 2164 661 2223 corpore
683 2151 840 2206 animantis
862 2150 1239 2222 provenientiaxtestantur
1270 2152 1397 2207 animam
1420 2153 1448 2206 in
1472 2150 1524 2208 illo
1547 2154 1595 2207 in·

245 2254 318 2307 esse,
341 2239 495 2311 provenire
517 2237 606 2295 etiam
630 2254 665 2295 ex
687 2234 813 2296 Telluris
837 2252 965 2309 corpore.
1006 2232 1046 2293 Ut
1068 2238 1144 2293 cuim
1167 2254 1271 2313 corpus
1294 2240 1323 2294 in
1347 2239 1421 2295 cutis
1443 2236 1597 2312 superficie

171 2358 173 2365 ·
243 2323 329 2400 pilos,
353 2326 396 2382 sic
419 2322 510 2383 Terra
532 2322 650 2398 plantas
671 2324 848 2397 arboresque
871 2324 979 2398 profert
1001 2325 1090 2396 inque
1113 2327 1148 2381 iis
1171 2325 1212 2381 ibi
1234 2324 1377 2399 pediculi,
1409 2324 1457 2382 hic
1480 2341 1595 2397 cruaae,

244 2411 362 2470 cicadae
385 2413 528 2485 variaque
550 2412 664 2469 insecta
685 2420 714 2468 et
729 2419 858 2468 monstra
881 2412 993 2467 marina
1008 2421 1183 2482 nascuntur3
1207 2421 1238 2469 et
1259 2423 1291 2469 ut
1314 2428 1418 2487 corpus
1440 2412 1615 2487 lacrymas,-

168 2511 179 2565 ’,
245 2498 381 2558 blenuam
401 2501 574 2572 auriumque
596 2505 783 2569 recrementa,
808 2506 853 2554 est
875 2498 925 2554 ubi
949 2507 978 2555 et
999 2501 1109 2572 gummi
1132 2516 1168 2555 ex
1191 2498 1275 2557 faciei
1298 2497 1435 2575 pustulis,
1459 2502 1501 2557 sic
1524 2499 1597 2558 Tel-

244 2584 290 2644 lus
312 2586 469 2657 electrum,
493 2587 639 2659 bitumerr;
668 2593 758 2659 utque
779 2586 879 2642 vesica
902 2587 1029 2657 urinam,
1060 2586 1102 2643 sio
1124 2595 1237 2644 montes
1261 2587 1380 2643 flumina
1402 2585 1544 2660 funduut;
1568 2596 1597 2645 et

245 2682 277 2732 ut
300 2691 404 2749 corpus
428 2684 641 2732 excrementum
656 2671 805 2748 sulphurei
827 2670 924 2729 odoris
938 2675 1133 2747 crepitusque,
1154 2676 1205 2749 qui
1228 2676 1316 2731 etiam
1332 2673 1503 2732 inflammari
1525 2689 1597 2754 pos-
1629 2734 1631 2737 ,

245 2770 322 2833 sunt,
345 2764 389 2820 sic
411 2760 502 2819 Terra
523 2759 654 2836 sulphur,
678 2761 760 2835 ignes
782 2759 1003 2830 subterraneos,
1027 2763 1169 2832 tonitrua,
1192 2761 1320 2836 fulgura:
1345 2773 1435 2836 utque
1459 2764 1487 2817 in
1512 2755 1619 2819 renis'

244 2850 403 2907 animantis
425 2857 579 2923 generatur
601 2850 721 2922 sanguis
744 2854 853 2905 etcum
875 2863 911 2905 co
934 2845 1031 2918 sudor,
1056 2855 1137 2906 extra
1152 2864 1256 2923 corpus
1280 2848 1399 2923 eJectus,
1422 2850 1464 2906 sic
1489 2850 1518 2905 in
1542 2866 1596 2907 ve·

245 2938 290 2995 nis
312 2934 419 2996 Terrae
442 2933 561 2994 metalla
584 2944 613 2993 at
635 2933 748 2993 fossilis
772 2950 921 3011 vaporque
944 2932 1070 3010 pluvius.

332 3020 455 3097 Oportet
477 3024 581 3097 igitur,
605 3029 637 3079 ut
659 3024 736 3079 sicut
758 3022 918 3079 animantia
940 3021 1053 3095 reliqua
1075 3021 1171 3079 cibum
1193 3028 1355 3098 potumque
1378 3022 1525 3095 hauriunt,
1550 3024 1593 3081 sic

246 3112 335 3170 ctiam
357 3109 459 3169 Tellus
481 3109 633 3168 canalibus
656 3110 742 3169 certis
764 3107 876 3183 aliquid
898 3111 1037 3167 materiae
1061 3108 1169 3182 trahat,
1199 3127 1235 3168 cx
1258 3126 1318 3184 qua
1340 3107 1391 3167 illa
1413 3119 1472 3167 tam
1495 3109 1597 3167 multi-

246 3198 335 3273 plicia
357 3204 518 3272 cxcoquat,
550 3198 620 3270 quia
642 3213 678 3254 cx
700 3195 791 3253 nihilo
814 3195 886 3252 nihil
908 3195 956 3268 fit,
990 3196 1077 3254 trahit
1100 3204 1198 3254 autem
1221 3198 1377 3271 sorbetque
1401 3214 1508 3272 aquam
1531 3214 1597 3255 ma-

246 3289 348 3355 rinam,
374 3302 449 3360 quae
472 3292 643 3355 causaest,
667 3300 718 3342 our
740 3286 865 3341 aeternis
889 3291 933 3342 tot
956 3283 1105 3341 fluminum
1128 3284 1321 3342 infusionibus
1345 3302 1424 3343 marc
1446 3302 1597 3360 nunquam

246 3372 399 3431 redundet.
428 3370 487 3431 Hic
509 3388 596 3447 quam
619 3369 738 3429 absurdi
759 3372 826 3442 sint,
852 3373 900 3445 qui
924 3369 1043 3428 metalla
1065 3369 1156 3429 solius
1179 3370 1257 3430 Solis
1280 3373 1440 3447 operationi
1465 3374 1597 3430 tribuunt

246 3462 320 3519 citra
342 3458 467 3518 Telluris
491 3476 619 3535 operam,
643 3474 679 3517 ex
701 3457 855 3516 antedictis
878 3457 1016 3531 colligere
1037 3467 1131 3532 potes.

331 3546 484 3622 Respondi
511 3548 599 3605 etiam
622 3547 651 3601 in
673 3544 748 3603 libro
772 3544 808 3604 da
829 3543 923 3603 Stella
944 3544 1030 3604 Nova
1052 3545 1090 3603 ad
1115 3544 1264 3620 vulgarem
1288 3545 1368 3602 illam
1391 3546 1597 3622 objectionem,

246 3633 326 3708 quod
348 3634 452 3707 Terra,
483 3636 507 3691 si
531 3636 657 3692 animam
680 3631 815 3703 haberet,
849 3634 938 3690 etiam
967 3649 1093 3691 crescere
1123 3632 1229 3691 debere
1254 3633 1386 3692 videatur
1408 3635 1597 3710 membraque

245 3723 337 3780 motui
360 3730 431 3797 apta
453 3721 570 3781 babere.
602 3719 677 3778 Nam
700 3730 788 3796 prout
810 3736 916 3793 corpus
940 3729 993 3790 est,
1016 3737 1068 3795 pro
1092 3737 1126 3778 co
1150 3728 1179 3779 et
1201 3722 1299 3778 arrima
1321 3721 1477 3795 respondet
1499 3721 1595 3779 facul·

245 3816 380 3884 tatesque
403 3807 484 3883 ejus3
509 3826 573 3866 cum
598 3806 670 3866 haec
692 3810 790 3865 anima
812 3809 850 3864 sit
873 3807 910 3864 ob
928 3806 1034 3866 Tenue
1057 3823 1170 3882 corpus,
1193 3824 1250 3865 non
1275 3825 1343 3866 vero
1358 3808 1415 3867 hoc
1431 3826 1537 3885 corpus
1553 3810 1596 3867 sic

244 3898 283 3954 sit
306 3897 344 3954 ob
367 3897 503 3967 animam,
527 3899 602 3953 sicut
625 3912 729 3969 corpus
752 3894 877 3951 hominis
900 3903 944 3952 est
967 3895 1004 3953 ob
1020 3904 1155 3967 mentem,
1178 3897 1338 3970 principem
1361 3899 1476 3954 animae
1499 3895 1597 3954 sacul-

245 3991 350 4041 tatem:
386 3985 521 4059 eiigitur
545 3985 725 4039 incrementis
748 3982 838 4039 Terra
861 3999 934 4057 opus
958 3982 1124 4049 habuisset,
1153 3984 1178 4039 si
1200 3991 1287 4056 pastu
1310 3983 1382 4053 alio,
1413 4001 1501 4058 quam
1525 3983 1595 4055 dixi,

248 4070 326 4129 volut
348 4088 383 4129 ex
408 4081 525 4142 venatu,
548 4071 670 4128 fuissent
693 4078 722 4128 et
744 4072 800 4126 ista
823 4072 922 4127 munia
946 4070 1014 4127 huic
1035 4071 1150 4127 animae
1180 4074 1335 4128 commissa
1363 4080 1392 4129 et
1421 4071 1526 4129 idonea
1550 4072 1598 4127 in-

198 4180 202 4193 ¹
245 4163 405 4216 strumenta
427 4157 511 4231 data3
544 4173 620 4232 quac
642 4155 770 4216 Socratis
794 4159 922 4214 morituri
947 4157 1135 4233 philosophia
1157 4157 1212 4213 luit
1234 4160 1262 4214 in
1286 4158 1460 4224 Phaedone.
1495 4159 1595 4216 omnia

245 4247 333 4303 menti
356 4246 561 4320 gubernatrici,
586 4246 684 4303 omnia
707 4243 907 4301 deliberationi
924 4244 959 4303 de
983 4261 1027 4314 co,
1051 4245 1130 4319 quod
1153 4247 1302 4319 optimum,
1327 4248 1465 4303 tribuens.
1490 4246 1596 4320 ltaque

181 4328 185 4344 '
244 4335 270 4390 si
293 4335 358 4407 quis
382 4340 611 4407 argumentetur:
636 4339 762 4406 quatuor
776 4330 854 4400 solas
878 4350 941 4390 esse
956 4331 1110 4390 facultates
1126 4334 1251 4403 animae,
1276 4350 1399 4407 quarum
1422 4332 1504 4391 nulla
1527 4333 1596 4391 huic

244 4422 359 4478 animae
383 4419 528 4479 Terrenae
551 4425 714 4493 competat,
745 4436 803 4477 non
832 4437 896 4477 esse
926 4436 995 4495 ergo
1024 4420 1154 4493 aliquam
1178 4421 1207 4476 in
1230 4419 1320 4479 Terra
1342 4424 1485 4494 animam,
1519 4421 1597 4478 hunc

245 4525 299 4583 ego
319 4507 431 4582 jubebo
455 4507 531 4566 banc
553 4509 685 4583 quintam
708 4505 746 4564 ad
770 4523 921 4565 numerum
938 4506 1053 4578 addere,
1078 4506 1180 4565 eodem
1205 4508 1337 4584 exernplo
1361 4508 1522 4583 iisdemque
1547 4526 1596 4567 ar-

243 4594 433 4671 gumentandi
461 4594 592 4671 legibus,
621 4595 729 4669 quibus
760 4594 828 4653 illae
859 4612 979 4653 numero
1003 4602 1144 4670 quatuor,
1178 4597 1206 4652 in
1238 4595 1355 4654 homine
1385 4596 1514 4667 scilicet,
1548 4596 1596 4656 in-

244 4693 350 4742 ventae
373 4691 449 4741 sunt.

333 4768 371 4829 Ut
400 4777 497 4829 autem
526 4769 633 4829 Terrae
661 4777 743 4828 tanto
778 4768 969 4827 confidentius
1000 4770 1127 4826 animani
1160 4769 1328 4840 tribuerem,
1369 4775 1523 4827 moverunt
1550 4785 1597 4833 me

245 4859 333 4916 etiam
355 4856 422 4930 alia,
447 4875 531 4933 quae,
555 4859 662 4933 passim
685 4876 737 4933 per
760 4857 848 4915 libros
872 4874 953 4915 meos
976 4864 1087 4914 ceteros
1111 4856 1265 4926 inculcata,
1289 4857 1465 4932 inEpitome
1490 4856 1622 4914 listro-2

244 4949 359 5003 nomiae
389 4945 607 5020 Copemicauae
638 4944 687 5003 fol.
719 4947 789 5003 125.
822 4942 961 5002 fasciculo
992 4941 1112 5016 collegi,
1142 4946 1297 5025 praecipue
1332 4944 1402 5016 hoc,
1432 4942 1511 5016 quod
1535 4944 1597 5001 for·

244 5036 349 5091 matrix
370 5031 496 5092 facultas
519 5041 564 5091 est
586 5036 615 5090 in
640 5034 798 5092 visceribus
822 5031 941 5104 Terrae,
965 5047 1041 5104 quae
1064 5030 1189 5088 feminae
1210 5034 1398 5106 praegnantis
1432 5048 1511 5088 more
1545 5048 1597 5089 oc-

246 5127 395 5180 cursantes
418 5121 488 5178 foris
510 5137 556 5179 res
580 5120 736 5189 humanas,
759 5117 858 5176 ¹veluti
883 5136 933 5176 eas
957 5117 1082 5188 videret,
1114 5120 1142 5173 in
1166 5117 1304 5176 fissilibus
1327 5117 1474 5195 lapidibus
1498 5120 1596 5193 expri-

244 5207 305 5280 mit,
328 5214 361 5266 ut
383 5206 516 5280 militum,
540 5208 770 5278 monarchorum,
794 5205 973 5281 pontificum,
996 5223 1097 5280 regum
1120 5215 1149 5264 et
1165 5205 1304 5283 quicquid
1328 5209 1357 5262 in
1373 5222 1423 5264 ore
1446 5205 1596 5262 hominum

245 5302 299 5366 est,
323 5310 417 5352 novos
441 5294 657 5370 insolentesque
680 5294 806 5353 habitus.
842 5292 907 5352 Hoc
930 5292 1046 5369 quidem
1069 5295 1170 5363 rarius,
1195 5293 1265 5351 illud
1288 5302 1439 5369 perpetuo,
1464 5292 1543 5368 quod
1567 5295 1595 5348 in
1662 5361 1667 5377 Ι

244 5383 367 5457 gemmis
391 5390 420 5441 et
442 5383 591 5441 fossilibus
615 5382 749 5458 exprimit
771 5383 899 5457 quinque
930 5398 1051 5456 corpora
1074 5379 1220 5454 regularia
1243 5383 1435 5455 geometrica:
1467 5397 1537 5438 narn
1562 5380 1597 5438 de

245 5470 348 5546 opifice
377 5477 499 5529 testatur
528 5489 610 5546 opus.
659 5469 772 5542 Quibus
803 5467 908 5543 addat,
940 5473 987 5545 qui
1018 5469 1209 5543 Cepernicum
1238 5472 1383 5543 sequitur,
1415 5466 1597 5527 volutionem
1639 5536 1641 5540 Ι

245 5558 326 5633 globi
350 5556 639 5629 Tellurisdiurnam,
663 5566 833 5633 perpetuam
855 5569 883 5615 ct
906 5556 1187 5631 aequabilissimam,
1211 5574 1298 5630 quam
1322 5558 1396 5619 inter
1418 5554 1506 5630 hujus
1531 5557 1597 5613 ani·

245 5662 310 5705 mae
333 5648 433 5704 munia
454 5646 614 5704 rectissime
636 5645 811 5703 accensebit.
1414 5671 1416 5675 ι
