3684 7259
247 1168 311 1229 tto
490 1179 492 1186 '
759 1167 907 1223 Ptolemaei
924 1169 1079 1225 Harmonia.

245 1339 431 1421 tria;'atqne
448 1345 514 1405 ideo
529 1348 609 1407 ritae
624 1356 741 1409 nostrae
756 1351 849 1426 magis
872 1350 1066 1421 commodant,
1091 1352 1174 1426 quasi
1188 1348 1356 1419 luminibus,
1381 1351 1462 1409 vitae
1477 1361 1592 1411 nostrae

247 1432 433 1506 auctoribus,
465 1452 649 1494 numerormn
677 1440 788 1496 ratione
821 1436 990 1497 concordes.
1036 1437 1154 1496 Saturni
1184 1445 1282 1497 autem
1304 1436 1467 1514 Martisque
1490 1438 1593 1498 stellae

246 1521 289 1577 ita
309 1535 368 1577 non
391 1519 501 1580 habent
523 1539 588 1581 cum
612 1523 769 1582 luminibus
794 1526 1039 1600 competentiam,
1070 1534 1101 1583 ut
1134 1534 1230 1585 tamen
1261 1524 1362 1601 aliqua
1386 1523 1434 1583 vel
1465 1534 1594 1588 extrema

246 1622 430 1666 numerorum
453 1607 530 1669 linea
553 1610 697 1669 Saturnus
719 1610 756 1670 ad
780 1611 879 1671 Solem
901 1630 953 1690 per
979 1606 1034 1695 ¹J„
1066 1612 1146 1672 Mars
1178 1612 1322 1690 adspiciat
1343 1611 1382 1671 ad
1406 1612 1520 1671 Lunam
1542 1631 1594 1690 per

249 1688 313 1775 ’1,8.
357 1694 432 1753 Nam
462 1713 527 1755 cum
551 1697 636 1757 Luna
665 1697 808 1757 Saturnus
838 1700 908 1759 lacit
942 1694 991 1781 7„
1022 1699 1081 1759 lere
1113 1709 1142 1759 et
1168 1696 1223 1781 ’βω
1252 1706 1282 1758 et
1308 1694 1395 1781 Vm,
1427 1717 1494 1760 cum
1524 1700 1592 1762 Sole

245 1778 326 1841 Mars
349 1777 388 1861 ll,
415 1790 445 1843 et
467 1781 524 1867 Ἄ,
553 1788 756 1864 proportiones
787 1804 844 1845 non
878 1785 1064 1863 multiplices.
1109 1784 1181 1846 Ideo
1212 1789 1307 1844 minus
1337 1783 1482 1845 commodi
1514 1790 1593 1849 ritae

244 1868 390 1928 humanas
417 1872 612 1956 existimatur,
643 1875 728 1949 quasi
761 1891 826 1932 eum
855 1877 935 1934 vitae
967 1875 1135 1933 auctoribus
1164 1883 1245 1933 areta
1274 1892 1459 1933 numerorum
1482 1876 1593 1936 ratione

243 1972 303 2015 non
321 1955 434 2034 juncta.
1562 1957 1565 1961 ⁴

620 2047 703 2107 sinn
727 2048 806 2108 ntae
829 2010 1030 2109 centanam.
1054 2049 1226 2108 morenae.

330 2198 402 2252 Nota
420 2201 442 2253 Ι.
478 2200 598 2254 Tertium
624 2201 676 2255 hoc
698 2209 727 2256 et
750 2203 874 2257 ultimum
900 2211 983 2270 capnt
1002 2208 1044 2255 est
1063 2216 1168 2269 eorum,
1195 2217 1308 2269 quorum
1328 2200 1501 2255 Ptolemaeus
1519 2202 1593 2256 solos

245 2277 340 2331 titulos
359 2280 464 2346 posuit,
488 2288 617 2349 tanquam
635 2280 803 2348 problemata
821 2282 880 2335 aliis
899 2281 1051 2350 proposita3
1076 2280 1265 2333 tractationem
1282 2295 1346 2333 rere
1364 2279 1467 2333 nullam
1484 2279 1591 2349 adjecit.

245 2356 313 2409 Nam
333 2357 384 2409 etsi
404 2365 498 2412 textus
524 2357 604 2412 titulo
631 2359 771 2425 subiectus
797 2362 824 2416 in
851 2360 1074 2428 interpretatione
1097 2358 1229 2425 Gogavini
1254 2357 1337 2427 plane
1364 2358 1435 2412 idem
1463 2367 1506 2412 est
1533 2376 1592 2415 cnm

244 2451 341 2501 graeco
368 2437 395 2489 in
413 2437 617 2505 manuscriptis,
644 2439 696 2491 etsi
718 2440 798 2492 etiam
825 2456 858 2492 ex
877 2439 924 2492 illo
943 2439 1023 2492 facile
1046 2447 1174 2508 apparet,
1201 2455 1255 2492 non
1274 2438 1421 2492 cohaerere
1438 2437 1514 2490 illum
1532 2454 1593 2493 curn

245 2513 365 2568 textibus
384 2517 498 2571 duorum
517 2517 746 2585 antecedentium,
775 2517 842 2571 adeo
862 2523 891 2571 ut
909 2517 996 2585 primo
1014 2516 1113 2572 intuitu
1132 2517 1217 2570 videri
1234 2516 1321 2585 possit
1338 2517 1383 2571 hic
1401 2516 1512 2571 ultimus
1529 2518 1592 2575 Pte-

245 2594 340 2652 lernaei
359 2598 501 2665 genuinus,
520 2598 624 2665 priores
643 2598 730 2651 solum
750 2598 802 2651 duo
821 2597 974 2662 adulterini,
992 2603 1020 2649 at
1039 2604 1133 2650 contra
1151 2596 1275 2651 Barlaam
1294 2596 1442 2651 monachas
1462 2597 1535 2649 hune
1553 2597 1593 2651 ul·

245 2673 303 2727 timi
319 2675 416 2743 capitis
435 2691 487 2728 non
507 2675 593 2729 minus
607 2676 702 2743 rejicit,
721 2693 802 2742 quam
815 2674 883 2729 duos
901 2675 963 2728 illos
975 2674 1201 2743 praecedentium.
1222 2676 1333 2741 Causas,
1347 2691 1395 2728 cur
1406 2674 1591 2729 adulterinum

245 2754 325 2808 etiam
344 2753 396 2807 hoc
414 2761 496 2823 capnt
514 2755 557 2821 sit,
576 2754 674 2824 partim
691 2754 750 2824 ipse
768 2754 844 2820 dixit,
862 2755 960 2823 partim
980 2772 1029 2823 ego
1049 2770 1130 2823 supra
1148 2753 1239 2809 addidi
1258 2754 1346 2822 capite
1362 2754 1400 2807 ll.
1420 2759 1485 2806 nota
1506 2754 1545 2809 13.
1565 2762 1591 2809 et

244 2848 303 2901 cap.
323 2834 364 2887 to.
400 2832 573 2886 Ptolemaeus
592 2831 661 2887 enim
680 2832 831 2900 perfeetum
850 2844 969 2902 systema
987 2833 1099 2900 delegit,
1119 2833 1163 2889 cui
1182 2839 1320 2901 comparat
1338 2832 1473 2900 planetas,
1491 2832 1519 2885 in
1539 2850 1592 2901 qno

178 2927 183 2940 ·
244 2918 307 2963 sunt
326 2910 499 2965 tetrachorda
517 2911 664 2980 superioris
683 2905 814 2986 diapason
833 2912 968 2982 disjuncta
986 2929 1003 2967 a
1020 2910 1201 2967 tetrachordis
1220 2910 1368 2971 inferioris,
1387 2918 1416 2962 at
1434 2918 1531 2965 auctor
1549 2927 1591 2965 ca-

243 2988 308 3056 pitis
327 2991 406 3062 vulgo
425 2992 558 3044 exstantis
576 2992 744 3059 propositum
757 2990 840 3044 habet
860 2999 986 3059 systema,
1006 2991 1083 3059 cujus
1097 2990 1227 3058 diapason
1239 2989 1373 3043 inferioris
1390 2989 1591 3045 tetrachordum

243 3076 286 3122 est
304 3069 478 3136 conjunctum
497 3072 707 3138 (synemmenon)
726 3068 899 3123 tetrachordo
918 3070 1066 3137 superioris
1111 3069 1283 3123 Ptolemaeus
1306 3076 1402 3123 acntos
1420 3083 1504 3123 sonos
1523 3086 1593 3122 com·

243 3148 349 3216 paravit
367 3148 471 3202 levibus
489 3148 618 3217 planetis,
647 3165 742 3217 graves
761 3149 936 3216 ponderosis,
965 3158 1060 3205 auctor
1087 3149 1231 3220 adulterini
1259 3149 1356 3217 capitis
1384 3156 1479 3203 contra
1498 3163 1593 3216 marea

243 3235 324 3281 sonos
343 3227 460 3289 levibus,
480 3229 532 3283 hoc
551 3239 593 3283 est
610 3230 670 3283 imis
688 3230 820 3298 planetis,
846 3236 942 3283 acutos
959 3230 1134 3298 ponderosis,
1161 3230 1214 3283 hoc
1233 3235 1275 3283 est
1292 3228 1411 3283 summis.
1448 3230 1593 3284 Praeterea

246 3306 418 3361 Ptolemaeus
438 3309 569 3361 Venerem
588 3309 659 3362 insra
676 3309 764 3363 Solem
784 3308 863 3372 locat,
882 3310 927 3362 hic
945 3316 1040 3363 auctor
1058 3326 1141 3377 supra
1159 3325 1230 3363 eum.

354 3475 441 3530 Eece:
460 3475 631 3544 Comparatio
648 3475 806 3530 Ptolemaei
1030 3475 1202 3544 Comparatio
1221 3474 1384 3544 subreptitie

922 3583 1435 3764 &Le-LE?

922 3796 1034 3847 Ulteuc.
1054 3774 1231 3862 ῆῦἱιᾱὶῃᾞ
1338 3788 1363 3849 <5
1381 3798 1431 3846 ult
1442 3802 1508 3861 conj.

327 4053 572 4132 '23:01
590 4054 814 4098 ,ΖΓ-,Ξ
924 4067 1433 4117 .”,-.-.,Ξ-..-...-,.,,..-

414 4130 794 4217 stem?
955 4130 1228 4215 MseOQO
1334 4131 1449 4235 Q,

335 4316 395 4385 Ego
415 4314 496 4383 igitur
514 4320 618 4368 textum
637 4311 735 4381 capitis
761 4311 801 4365 ita
818 4312 988 4376 concinnavi,
1016 4319 1045 4366 ut
1072 4312 1223 4366 existimari
1241 4312 1425 4368 Ptolemaeum
1443 4313 1520 4368 illum
1538 4315 1594 4369 tere

244 4397 467 4448 concinnatorum
496 4391 580 4445 fuisse
608 4408 640 4445 ex
669 4391 809 4460 principiis
835 4401 898 4444 ante
925 4392 1030 4460 positis.
1067 4393 1104 4445 Et
1122 4391 1148 4444 in
1176 4392 1262 4460 prima
1282 4393 1389 4460 quidem
1408 4402 1489 4462 parte
1507 4408 1594 4447 meum

244 4471 329 4526 solius
344 4472 476 4540 judicium
494 4487 553 4524 sum
573 4478 694 4538 secutus,
724 4470 750 4524 in
768 4470 854 4523 altere
872 4486 935 4523 rere
950 4471 1070 4538 potiores
1088 4479 1180 4537 partes
1198 4470 1296 4525 indicio
1314 4472 1448 4526 Macrobii
1466 4471 1541 4541 dedi,
1566 4478 1595 4524 nt

162 4622 169 4635 .
243 4551 314 4605 intra
331 4551 427 4606 dicam.

333 4656 406 4711 Nota
424 4654 458 4709 11.
494 4653 570 4722 Quae
596 4654 641 4708 hie
667 4653 830 4722 astrologica
857 4652 985 4721 dogmata
1008 4660 1104 4722 tango,
1134 4670 1165 4705 ea
1192 4654 1274 4708 nolim
1293 4654 1357 4709 mihi
1374 4655 1473 4715 tribui,
1501 4656 1535 4710 de
1553 4654 1594 4710 his
1662 4704 1663 4707 ,

244 4736 314 4791 enim
332 4751 387 4789 non
406 4732 463 4789 sine
482 4734 588 4788 cariosa
606 4740 633 4786 et
651 4733 765 4786 sollicita
784 4731 956 4786 distinctione
975 4731 1193 4800 respondendum
1207 4734 1271 4786 mihi
1291 4741 1372 4802 esset,
1390 4735 1413 4788 si
1432 4737 1593 4791 sententiam

243 4827 354 4881 rogarer
372 4813 437 4867 etsi
456 4812 507 4865 mei
527 4813 663 4881 propositi
682 4820 764 4879 esset,
783 4811 921 4865 materiam
942 4810 1014 4864 illam
1029 4811 1080 4864 hoc
1098 4811 1158 4863 loro
1178 4819 1301 4865 tractare.
1339 4812 1549 4869 Versorautem
1568 4816 1593 4868 in

243 4893 429 4948 concinnando
449 4900 577 4947 contextu
597 4890 757 4956 Ptolemaei,
780 4892 827 4959 qui
850 4899 947 4945 auctor
964 4895 1081 4958 quatuor
1103 4890 1186 4945 libros
1210 4891 1243 4944 de
1262 4891 1409 4959 astrologia
1427 4895 1548 4963 scripsit,
1567 4895 1593 4948 in

243 4970 341 5039 quibus
360 4971 486 5039 dogmata
503 4972 571 5025 haec
589 4978 653 5025 snut
676 4970 761 5024 instar
779 4971 950 5025 axiomatum.

330 5086 401 5139 Nota
420 5085 467 5137 lli.
490 5076 674 5153 'oppositioni
692 5100 787 5139 vocum
805 5084 926 5154 perfecte
940 5084 1144 5137 consonantium
1157 5099 1206 5137 seu
1225 5084 1315 5152 potins
1333 5085 1479 5141 identicum
1497 5102 1593 5142 sonan·

243 5166 309 5220 tium
334 5181 388 5218 non
411 5163 481 5219 male
506 5172 677 5232 comparatur
700 5164 834 5234 oppositio
858 5162 1017 5216 facrrltatum
1049 5163 1222 5230 qualitatibus
1246 5164 1433 5220 distinctarum
1458 5166 1501 5220 vel
1523 5169 1593 5223 idem

244 5244 351 5314 aliquod
371 5260 439 5311 opus
457 5254 576 5310 naturae,
601 5243 683 5298 veluti
702 5259 797 5297 vocum
817 5242 851 5295 ad
870 5241 985 5295 eundem
1009 5248 1170 5296 concentum
1188 5242 1408 5309 conspirantium.
1445 5246 1483 5300 At
1501 5248 1595 5316 nequit

243 5319 310 5376 haec
328 5322 494 5389 comparatio
512 5322 664 5376 continuari
684 5337 826 5389 quousque
845 5327 1014 5390 opusesset.
1039 5320 1180 5387 Quomodo
1199 5322 1268 5375 enim
1288 5321 1506 5393 identisonantis,
1525 5340 1593 5395 quac

243 5411 286 5456 est
303 5407 484 5455 concentuum
502 5401 620 5455 omnium
639 5401 861 5467 perfectissimus,
881 5408 1054 5469 comparetur
1072 5409 1128 5453 tam
1147 5416 1207 5454 cum
1226 5400 1343 5455 amicitia
1355 5400 1425 5455 Solis
1445 5410 1473 5457 et
1490 5405 1593 5473 Lunae,

243 5496 323 5549 qnam
342 5495 402 5532 cum
421 5478 571 5534 hostilitate
590 5481 698 5535 Saturni
716 5480 751 5533 ad
768 5489 914 5547 utrumque
932 5480 1064 5533 luminare
1082 5479 1193 5547 (quippo
1213 5478 1329 5532 Saturno
1346 5480 1593 5548 proslambanome-

243 5576 293 5615 nos
307 5565 368 5616 erat
385 5558 526 5626 attributa,
544 5561 639 5614 Lunae
657 5567 719 5612 nete
737 5558 963 5626 diezeugmenon,
981 5574 1051 5626 quae
1071 5557 1139 5611 duae
1158 5555 1277 5611 chordae
1295 5558 1437 5626 supra,ia
1456 5576 1593 5629 compara·

237 5635 319 5694 'tione
338 5637 493 5706 systematis
512 5654 572 5692 cum
590 5636 712 5708 zodiaco,
731 5635 966 5704 conjungebantur
977 5635 1006 5689 in
1017 5652 1100 5690 unum
1111 5635 1210 5716 locum,
1229 5652 1328 5705 mesae,
1346 5636 1389 5723 cpi
1402 5636 1450 5693 Sol
1467 5627 1593 5709 tributus,
