3684 7259
312 2147 317 2158 .
803 2065 868 2144 ro.
894 2062 1133 2180 nrrrnnrr

311 2243 315 2250 “
392 2346 396 2354 ,
483 2221 485 2226 ’
586 2225 892 2341 irrutilant
928 2227 1078 2342 llllllll
1115 2223 1262 2341 llllllll
1296 2227 1347 2341 ll.

864 2377 869 2386 ι

518 2430 568 2503 lle
605 2430 839 2520 congruentia
877 2432 1081 2519 Figuratum
1116 2433 1410 2506 Harmonicarum.
1499 2503 1502 2508 .

864 2685 1071 2697 *-

803 2865 1125 2953 intuitioni.

379 3048 545 3109 Essentiam
559 3046 739 3125 singularum
752 3046 911 3124 figurarum
926 3048 1106 3126 regularium
1124 3046 1282 3110 mentalem
1305 3064 1359 3108 seu
1380 3069 1482 3126 soapqs
1502 3044 1644 3107 hactenns

252 3163 256 3170 ·
295 3134 459 3213 explicavi:
481 3138 613 3214 sequitur
635 3152 733 3196 earum
752 3135 919 3211 junctarum
936 3138 1108 3214 proprietas,
1131 3144 1161 3197 et
1182 3134 1275 3196 veluti
1291 3134 1410 3197 effectos
1425 3138 1501 3196 intra
1523 3152 1645 3212 geome-

295 3224 390 3299 unm,
413 3226 464 3301 qni
487 3232 532 3283 est
554 3226 745 3299 congruentia
767 3223 816 3282 vel
837 3225 1062 3285 insociabilitas.
1105 3223 1173 3284 Non
1195 3230 1264 3282 sunt
1286 3225 1364 3301 enim
1386 3221 1518 3299 eJosdam
1539 3222 1644 3283 latitu-

296 3307 372 3370 dinis
401 3310 668 3372 demonstrabilites
697 3319 727 3370 et
757 3314 960 3387 congruentia,
988 3329 1054 3371 cum
1082 3310 1135 3371 illa
1161 3311 1342 3387 singularum
1371 3313 1410 3370 sit
1439 3319 1557 3371 etcum
1580 3312 1646 3386 ipsa

296 3396 495 3475 duplicatione
517 3400 656 3458 continua
678 3397 802 3458 laterum
832 3401 918 3458 unius
948 3399 1059 3476 figurae
1085 3400 1115 3456 in
1138 3398 1281 3458 infinitum
1304 3406 1451 3472 excurrat,
1481 3399 1538 3457 ista
1561 3399 1647 3456 certis

282 3493 428 3571 'commta
448 3484 579 3563 legibus,
604 3487 713 3563 quibua
734 3487 833 3562 plures
856 3486 966 3563 figurae
989 3489 1018 3545 in
1042 3505 1130 3546 unam
1151 3489 1322 3546 societatem
1345 3493 1500 3559 vocantur,
1530 3486 1568 3545 ob
1591 3501 1647 3543 an-

209 3636 213 3643 ,
295 3573 430 3650 gaiorum
453 3576 684 3633 incrementare
707 3576 801 3656 ipsam
823 3574 1024 3652 praepediens,
1049 3576 1107 3633 cito
1131 3572 1254 3634 desinat
1299 3573 1337 3633 Et
1360 3575 1494 3650 quamvis
1517 3571 1647 3633 delectus
1754 3603 1759 3623 .

295 3661 335 3721 sit
356 3660 499 3737 graduum
521 3662 660 3721 scientiae
683 3659 997 3739 demonstrationisque
1019 3670 1048 3722 et
1069 3661 1223 3738 plurimum
1239 3661 1372 3721 differant
1394 3661 1546 3720 nobilitate
1568 3658 1647 3733 illae,

297 3765 372 3825 quas
395 3765 449 3808 nos
472 3748 692 3825 explicavimus,
709 3749 807 3821 abiis,
830 3767 904 3826 quas
919 3749 1081 3810 dimisimus
1104 3752 1167 3809 sins
1189 3751 1320 3808 nominc:
1343 3766 1401 3808 non
1417 3755 1514 3809 tamen
1529 3765 1566 3806 ne
1581 3764 1648 3806 cum

298 3835 355 3897 bac
377 3835 497 3913 quidem
519 3834 775 3898 demonstrationis
797 3837 952 3898 nobilitate
974 3841 1165 3914 congruentia
1193 3836 1281 3913 plane
1302 3839 1367 3913 pari
1388 3854 1479 3913 passu
1501 3835 1647 3908 ambulat,

298 3922 434 4000 adeoque
457 3941 547 3984 unum
570 3924 691 3984 alterius
713 3941 803 3984 cansa
824 3942 883 3984 non
898 3932 952 4000 est,
975 3923 1027 3986 sed
1042 3932 1198 4001 utrumque
1220 3942 1257 3984 ex
1271 3924 1375 3985 eadem
1398 3926 1544 3985 communi
1559 3939 1649 3982 causa

265 4039 269 4050 .
298 4006 392 4093 (quae
414 4019 459 4071 est
482 4012 655 4089 angulorum
676 4010 787 4088 figurae
802 4008 960 4095 aptitudo),
984 4010 1122 4089 quodque
1142 4021 1248 4072 tamon·
1262 4014 1324 4071 suis
1346 4012 1471 4088 legibus,
1494 4009 1648 4087 dependet

299 4097 487 4176 Quantopere
511 4117 581 4160 vero
603 4102 768 4159 necessaria
790 4102 830 4158 sit
850 4101 937 4160 nobis
959 4098 1031 4160 baec
1053 4116 1171 4176 quoque
1193 4099 1401 4176 speculationis
1422 4117 1501 4177 pars,
1525 4116 1561 4158 ex
1583 4100 1647 4174 ipso

216 4207 218 4214 ·
299 4188 391 4247 totins
414 4188 510 4263 operis
533 4189 666 4247 instituto
689 4186 789 4245 videre
812 4195 865 4246 est.
901 4186 975 4245 Cum
997 4190 1074 4247 enim
1090 4190 1230 4264 originem
1253 4187 1435 4248 harmonicas
1457 4188 1581 4264 ejusque
1603 4187 1648 4245 ei-

299 4273 394 4335 iactus
417 4279 446 4332 ln
478 4282 540 4334 toto
563 4274 672 4338 mundo
702 4276 968 4350 praestantissimos
995 4271 1184 4351 explicandos
1206 4278 1411 4349 sumserimus,
1440 4272 1588 4352 quomodo
1612 4272 1648 4332 de

300 4364 490 4438 congruentia
518 4361 694 4439 figurarum,
729 4379 806 4438 quae
835 4370 903 4420 sunt
932 4364 1153 4439 proportionum
1181 4362 1413 4423 harmonicorum
1444 4362 1648 4438 scaturigines,

299 4450 391 4509 rerba
411 4450 494 4509 nulla
515 4449 679 4510 iaciamus?
702 4464 768 4508 cunr
789 4448 867 4509 idem
881 4458 967 4511 sonet
983 4449 1095 4510 Latinis
1118 4468 1276 4528 congruere
1292 4459 1321 4510 et
1339 4452 1543 4526 congruentia,
1568 4447 1648 4525 quod

292 4533 421 4597 'Graecis
443 4532 597 4614 deportate
619 4544 648 4597 et
669 4530 811 4613 ἁρμονια,
845 4555 910 4596 oum
940 4538 989 4598 bio
1017 4538 1175 4616 figurarum
1205 4539 1324 4602 effectos
1354 4539 1429 4597 intra
1457 4538 1650 4615 geometriam

300 4624 433 4701 intraque
456 4625 694 4686 architectonicas
716 4634 828 4700 partam
843 4624 932 4699 illam,
955 4643 1032 4702 quaa
1047 4629 1125 4686 circa
1140 4625 1314 4703 archetypos
1330 4634 1470 4699 versatur,
1492 4626 1532 4686 sit
1554 4642 1650 4703 quae·

300 4709 368 4772 dam
390 4714 473 4774 volut
494 4714 592 4789 imago
621 4720 651 4772 et
672 4711 854 4788 praeludium
878 4709 1035 4773 effectuum
1065 4723 1147 4774 extra
1169 4716 1358 4790 geometriam
1381 4722 1520 4791 extraque
1543 4713 1649 4773 mentis

238 4867 240 4871 ,
300 4807 458 4877 conceptus
479 4802 510 4859 in
533 4801 604 4877 ipsis
624 4800 713 4859 robus
736 4800 919 4861 naturalibus
942 4808 972 4862 et
993 4793 1184 4876 coelestibus,
1208 4817 1273 4860 cum
1295 4803 1458 4878 proprietas
1480 4802 1554 4862 baso
1576 4817 1650 4860 con-

299 4891 459 4966 gruentiae,
484 4905 561 4965 qnae
584 4890 612 4945 in
635 4895 810 4947 structuram
833 4896 862 4949 et
883 4891 1116 4965 corporationem
1138 4888 1266 4966 aliquam
1289 4890 1362 4962 exit,
1385 4888 1453 4948 talis
1476 4891 1523 4964 sit,
1546 4896 1579 4947 ut
1602 4886 1650 4949 vcl

300 4978 367 5054 ipsa
388 4984 516 5037 montem
537 4974 758 5051 speculatricem
780 4979 885 5036 inritet
907 4975 945 5036 ad
968 4974 1080 5053 aliquid
1098 4979 1186 5036 etiam
1200 4977 1270 5035 ioris
1285 4976 1458 5051 iaciendum,
1483 4973 1649 5051 creandum,

300 5063 528 5141 corporandum,
557 5069 649 5140 utque
674 5060 770 5125 latens
797 5063 864 5123 inde
895 5065 933 5123 ab
964 5071 1082 5123 aeterno
1112 5066 1142 5122 in
1165 5061 1407 5140 superbenedicta
1429 5072 1525 5125 mente
1549 5063 1651 5125 divina

299 5168 352 5230 per
374 5151 505 5211 idearum
529 5148 645 5211 ordines
666 5156 808 5230 tanquam
831 5152 940 5212 bonum
961 5167 1115 5226 summum,
1138 5146 1184 5211 sui
1200 5154 1483 5227 communicativam,
1509 5153 1650 5212 contineri

300 5240 331 5298 ln
353 5256 408 5299 sua
429 5240 625 5299 abstractione
646 5256 705 5299 non
728 5241 872 5317 potuerit,
896 5242 966 5316 quin
989 5241 1019 5297 in
1042 5241 1195 5299 creationis
1219 5256 1292 5316 opus
1314 5249 1514 5317 prorumperet
1535 5239 1651 5300 Daum-

300 5344 358 5405 que
388 5335 546 5388 creatorem
576 5327 701 5388 efficeret
732 5344 884 5403 corporum
913 5328 969 5386 sub
996 5325 1100 5387 badam
1134 5326 1235 5405 figuris
1263 5327 1473 5389 conclusorum.
1518 5327 1564 5388 De
1595 5328 1651 5389 bac

300 5417 389 5492 igitur
411 5415 568 5491 figurarum
590 5417 779 5492 congruentia
801 5416 904 5491 paucis
926 5432 1029 5491 agam,
1062 5432 1127 5475 cum
1155 5416 1416 5476 demonstrationes
1440 5414 1572 5476 difficiles
1596 5433 1650 5475 ne·

300 5518 449 5582 quaquam
470 5506 538 5577 sint,
560 5520 615 5565 neo
637 5501 696 5563 alio
717 5518 792 5576 pene
814 5509 967 5579 apparatu,
991 5520 1079 5579 qoam
1095 5506 1160 5580 ipsa
1175 5503 1332 5581 figurarum
1354 5506 1468 5581 pictura
1486 5504 1649 5582 indigeant.

898 5687 1050 5704 -ι-ι*
