3684 7259
291 1198 355 1257 458
757 1196 921 1264 Appendieis
940 1194 1162 1249 Harmonicornm

206 1369 214 1382 '
251 1410 255 1417 ·
283 1368 472 1470 Maronitas
495 1390 530 1432 ex
555 1375 591 1432 iis
613 1382 776 1448 extractos,
800 1375 830 1433 id
853 1383 897 1435 est
919 1374 1149 1445 demonstratas,
1179 1371 1258 1449 quod
1281 1372 1431 1431 verissime
1454 1368 1513 1427 illis
1536 1368 1633 1440 insint,

377 1443 592 1536 ,ιἰιιιιιιιιιιιιι,
624 1462 654 1520 id
678 1471 748 1540 puto
771 1462 808 1521 ad
832 1464 886 1521 Dei
910 1458 1049 1523 creatoris
1079 1462 1214 1537 injuriam
1244 1461 1396 1537 pertinere.
1442 1456 1524 1516 Scito
1543 1456 1632 1527 enim,

281 1539 326 1608 ht
358 1539 435 1610 'ille
464 1563 529 1608 esse
557 1548 740 1627 accidentia,
769 1548 1322 1625 quorumcreatoreuramlrahnerit,
1354 1544 1543 1624 inquibus
1546 1560 1633 1602 exor—
1646 1569 1648 1575 ⁴

284 1611 392 1710 Qua
416 1634 545 1711 aliquem
567 1635 680 1697 radium
703 1640 865 1714 sapientiae
887 1657 959 1700 suae
983 1637 1164 1718 impenderit.
1174 1632 1215 1712 ⁵⁴)
1259 1636 1335 1696 Ecce
1351 1635 1428 1693 enim
1450 1648 1559 1707 negare
1575 1646 1633 1688 non

282 1715 404 1802 pm,
416 1723 505 1800 lnior
512 1721 631 1783 Satomi
660 1725 856 1787 tardissimum
889 1735 918 1785 et
941 1725 1029 1786 Jovis
1059 1725 1275 1785 velocissimum
1306 1739 1369 1782 csse
1403 1720 1545 1795 diapason
1569 1718 1634 1800 cpi·
1731 1716 1735 1732 '

189 1839 194 1849 ·
220 1846 222 1851 ·
275 1787 440 1996 1me
442 1813 679 1904 proportionem,
712 1815 787 1873 inter
814 1812 893 1872 illius
918 1813 1131 1873 velocissimum
1163 1820 1192 1870 et
1222 1811 1329 1888 hujus
1337 1806 1535 1867 tardissimum
1563 1822 1633 1881 pro-

405 1913 451 1957 ent
482 1883 623 1976 diapason
652 1899 828 1977 simplicem,
865 1903 1003 1977 agnoscis
1032 1900 1239 2003 perfectionem
1275 1895 1378 1957 harum
1412 1894 1633 1976 proportionum

289 1967 334 2065 ¹3²!
350 1981 386 2046 'ei
396 1977 460 2086 ¹J„
479 1985 548 2045 nec.
560 1987 652 2047 andes
675 2004 853 2061 asseverare,
875 1988 906 2046 id
929 1990 1048 2074 fortuito
1070 1990 1113 2047 sie
1135 1988 1283 2056 evenisse,
1314 1987 1398 2060 quasi
1421 1981 1493 2041 nihil
1518 1979 1555 2054 (ιι
1576 1979 1632 2039 hae

285 2086 316 2128 re
339 2074 486 2147 cogitante
515 2082 653 2134 creatore.
698 2074 781 2136 Haec
811 2079 909 2135 omnia
938 2093 1003 2134 eum
1036 2076 1184 2144 tusciae,
1215 2081 1248 2132 ut
1279 2082 1377 2132 tamen
1408 2088 1454 2130 me
1484 2068 1633 2128 ulciscaris

284 2174 343 2215 non
368 2158 454 2218 valde
477 2160 553 2220 male
577 2166 727 2232 meritum,
759 2181 792 2222 os
817 2166 844 2221 in
869 2157 983 2224 eoelum
1006 2162 1100 2234 tollis,
1131 2178 1237 2220 vanam
1261 2168 1289 2219 ιι
1312 2159 1484 2219 chimaerae
1507 2155 1631 2215 similem
1698 2213 1701 2220 ,

276 2243 363 2318 banc
390 2247 587 2308 harmonicam
616 2252 832 2326 proportionem
862 2254 1046 2329 pronuncias
1097 2248 1181 2309 Haec
1213 2266 1248 2308 ex
1278 2255 1361 2324 parte
1391 2246 1449 2305 Dei
1482 2244 1632 2322 creatoris.
1697 2277 1701 2285 ·

230 2360 234 2369 ι
259 2387 263 2395 ,
286 2330 371 2402 Nunc
393 2333 430 2391 ad
454 2336 514 2394 alia
537 2347 705 2410 convertar,
730 2355 806 2413 quac
830 2338 866 2398 nd
889 2357 936 2398 me
959 2339 1128 2415 scriptorem
1152 2338 1306 2422 pertiqent
1353 2336 1397 2393 Ac
1418 2336 1444 2391 ai
1466 2333 1565 2392 omnis
1586 2333 1633 2388 in-

180 2432 183 2439 '
285 2422 360 2493 quis
374 2426 482 2482 anima
503 2441 524 2481 a
545 2426 742 2499 planetarum
765 2427 933 2500 aspectibus
955 2436 1011 2485 aut
1031 2425 1160 2486 motibus
1182 2395 1382 2500 dependeret.
1415 2422 1477 2496 Fgo
1501 2417 1630 2494 quidem,

236 2529 238 2534 ·
286 2496 430 2582 liuberte,
463 2514 701 2587 consequentiam
732 2512 818 2572 video
845 2513 972 2585 nullam,
1011 2531 1106 2589 neque
1129 2528 1200 2571 sane
1232 2510 1289 2569 hoc
1318 2525 1415 2567 meum
1448 2506 1570 2582 dogma
1579 2514 1632 2578 est,

202 2610 205 2615 ·
236 2591 242 2603 '
287 2596 371 2653 citra
382 2597 438 2655 vel
452 2606 519 2658 ante
542 2608 637 2658 motus
661 2601 808 2660 coelorum
831 2611 941 2661 motum
965 2604 1218 2677 vegetationemve
1250 2600 1278 2655 ln
1302 2595 1410 2672 plantis
1439 2602 1468 2654 et
1491 2593 1630 2660 animali·

282 2682 341 2740 bus
369 2678 434 2747 nee
454 2684 542 2744 fuisse
573 2703 627 2748 nec
659 2706 737 2749 csse
752 2705 847 2764 posse
895 2689 1006 2767 hege
1001 2687 1066 2747 libri
1099 2689 1169 2746 mei
1180 2685 1232 2745 tv
1261 2686 1366 2761 capi
1377 2683 1549 2760 ‚inventes
1563 2681 1633 2753 ¹¹1³,

286 2772 420 2849 naturam
449 2773 636 2832 sublunarem
666 2793 779 2852 semper
808 2777 973 2838 incumbere
998 2778 1077 2853 operi
1100 2792 1172 2845 suo,
1173 2771 1238 2833 ad
1261 2770 1396 2831 stimulos
1425 2786 1495 2829 vero
1526 2786 1633 2845 aspec-

213 2917 219 2929 ,
286 2859 368 2914 tuum
390 2862 562 2936 praecipuos
584 2862 700 2938 aliquos
723 2879 826 2940 capere
847 2867 987 2942 impetum
1011 2864 1098 2922 hoc
1086 2878 1251 2939 Jamsupra
1271 2860 1427 2918 inculcavi.
1468 2855 1508 2915 Si
1520 2863 1627 2929 totum,
1668 2931 1670 2935 Α

171 2944 175 2954 ’
286 2945 392 3020 inquis,
415 2958 524 3022 'wilm
546 2950 742 3011 harmonicae
768 2953 1028 3027 contemplationis
1056 2954 1092 3009 in
1114 2950 1253 3009 extremis
1280 2946 1479 3022 planetarum
1502 2943 1632 3003 motibus

182 3107 185 3115 .
285 3035 432 3107 ‘mihim-r
460 3040 609 3112 requiror,
640 3039 759 3100 nullom
791 3043 827 3098 in
847 3040 964 3099 mundo
993 3040 1085 3115 fuisse
1113 3037 1308 3095 harmoniam
1338 3040 1409 3092 onte
1435 3032 1633 3108 planetarum

271 3122 500 3194 Ιιιοιιίιίιιιιιιι
489 3142 523 3180 ιιι
545 3125 640 3184 coelis.
685 3124 765 3185 Male
789 3126 913 3202 colligis
959 3125 1103 3185 Τοιιιιιι
1096 3144 1124 3184 ιιι
1147 3125 1227 3183 hisee
1251 3119 1322 3197 quid
1344 3118 1494 3196 impedit
1495 3121 1538 3177 sie
1561 3134 1633 3176 con·

286 3206 402 3278 sistere,
433 3216 465 3266 ut
486 3211 573 3269 simul
597 3215 683 3270 etiarn
707 3221 801 3271 toturn
830 3216 919 3272 sitin
944 3213 1033 3271 aliis?
1077 3212 1142 3270 Non
1167 3220 1211 3271 est
1243 3208 1320 3268 idem
1344 3207 1453 3282 dicere,
1484 3213 1579 3264 totum
1604 3206 1632 3261 in

286 3289 380 3358 hisce
390 3302 420 3355 et
442 3304 535 3357 totum
566 3301 592 3357 in
616 3300 686 3359 solis
716 3300 805 3361 hisce
853 3301 982 3378 Quaere,
1013 3300 1154 3369 Rabona,
1186 3306 1387 3373 quaerantque
1410 3302 1506 3354 tecum
1530 3309 1633 3352 omnes

277 3381 347 3454 alii,-
357 3382 490 3451 forsitan
513 3388 588 3444 enim
612 3396 766 3449 occurrent
784 3388 860 3448 aliae
884 3407 930 3447 res
952 3386 1084 3456 sensiles,
1108 3390 1138 3448 in
1160 3386 1267 3461 quibus
1290 3386 1379 3443 etiam
1402 3384 1440 3441 sit
1462 3398 1633 3457 expressum

204 3484 207 3489 ·
247 3519 252 3529 .
287 3477 380 3534 totum
403 3486 508 3548 eorpus
531 3473 731 3551 lrarnronices;
755 3493 830 3551 quae
854 3477 904 3535 ubi
930 3493 983 3535 vos
1006 3474 1203 3551 protuleritis,
1232 3479 1303 3533 tune
1325 3489 1380 3547 ego
1404 3477 1493 3545 caput
1516 3469 1633 3528 tertium

202 3595 217 3620 .
246 3592 262 3603 .·
286 3554 351 3613 libri
375 3555 436 3615 mel
455 3558 507 3616 IV.
530 3560 710 3622 Harmoniae
733 3565 861 3643 augebo,
883 3563 1007 3639 prolatis
1021 3564 1150 3620 terminis
1165 3561 1290 3638 subjecti
1306 3560 1498 3619 harmonicas.
1538 3553 1636 3631 Quam

288 3660 358 3701 reno
383 3654 414 3702 tu
438 3643 544 3705 doceas
567 3648 748 3709 harmoniam
771 3651 846 3711 loeis
870 3660 899 3710 et
913 3651 1106 3723 tenebrarum,
1130 3666 1208 3710 nono
1224 3655 1253 3707 et
1268 3647 1418 3707 laxissime
1435 3662 1524 3705 sensu
1540 3644 1633 3714 nocis,

286 3730 349 3788 id
337 3749 399 3805 Jam
423 3736 541 3811 saepius
565 3738 593 3793 in
617 3740 814 3817 superiqribus
838 3748 882 3797 est
905 3738 1023 3799 dictum.

375 3813 560 3897 Quamquam
591 3826 678 3882 enam
708 3827 735 3882 in
765 3843 837 3885 voce
867 3826 1141 3901 contemplationis,
1175 3840 1263 3898 quarn
1291 3821 1363 3881 mihi
1392 3817 1549 3897 reposuisti
1582 3835 1634 3895 pro

292 3922 356 3963 mea
381 3925 454 3966 voce
477 3915 768 3987 contemperationis,
798 3913 908 3971 lucrum
932 3921 1049 3988 captare
1072 3910 1195 3982 rideris,
1225 3908 1279 3968 sed
1306 3910 1421 3969 frustra.
1467 3906 1533 3965 Non
1557 3908 1634 3967 enirn

286 3997 379 4058 omrris
403 4013 468 4053 mea
491 4000 701 4100 contemplatio
722 4009 855 4060 versatur
878 4003 907 4058 in
930 3999 1114 4075 planetarum
1135 3998 1272 4068 nautibus,
1296 4014 1363 4074 pars
1378 3996 1451 4072 ejus,
1474 3993 1551 4053 libro
1575 3995 1634 4052 sci-

287 4079 355 4139 lieet
380 4081 430 4141 tv
456 4086 512 4142 mei
535 4088 647 4161 operis,
681 4086 826 4147 decidit
819 4106 847 4145 ru
870 4087 1025 4146 Terram'
1018 4104 1106 4162 mque
1136 4084 1234 4144 radios
1263 4083 1445 4161 plrmetarum
1474 4098 1635 4158 eorumque

287 4168 442 4243 angulos
435 4188 463 4227 ιιι
487 4171 577 4231 Terra
599 4173 754 4247 loricatos,
778 4193 846 4251 pars
869 4193 992 4246 rursum,
1015 4174 1089 4233 libro
1113 4172 1224 4233 seilicet
1247 4172 1301 4236 ΙΙΙ
1325 4172 1354 4228 in
1379 4187 1468 4230 voces
1491 4168 1636 4229 hunmnas

285 4263 314 4313 et
342 4246 524 4341 artificiosas.
572 4261 611 4318 At
638 4264 921 4337 contemperationis
955 4262 1151 4322 harmonicae
1180 4256 1258 4339 (qua
1287 4256 1543 4317 circumlocutione
1579 4273 1635 4329 eqo

279 4345 415 4419 ,ιιιριίιιιο
439 4344 519 4403 ἱΙΙιιιι
540 4346 715 4426 Ptolemaei,
738 4366 803 4408 cnm
826 4373 877 4426 ιηι
898 4372 952 4410 ιον
974 4343 1155 4425 ἡριιοιιιιιου
1179 4370 1264 4422 qoam
1286 4341 1434 4426 nominat)
1457 4352 1551 4404 totum
1568 4360 1635 4404 cor·

285 4447 339 4505 pus
363 4433 479 4491 invenio
504 4435 533 4490 in
556 4436 684 4495 motibus
707 4436 903 4512 planetarum,
935 4444 1029 4496 totum
1053 4444 1358 4512 quantumquantum
1382 4441 1426 4492 est
1453 4434 1484 4489 in
1509 4432 1634 4491 vocibus

285 4518 429 4592 humanis,
454 4537 511 4577 non
537 4538 606 4580 vero
629 4525 670 4582 ita
695 4531 787 4582 totum
810 4526 840 4581 in
864 4523 1010 4585 radiorum
1033 4523 1158 4599 angulis.
1203 4523 1268 4583 Non
1296 4529 1362 4592 trtar
1385 4521 1557 4595 exceptione
1586 4518 1638 4578 illa

282 4594 446 4688 ι’ᾃιιιιιιιιι
470 4605 505 4665 de
528 4611 614 4668 unico
643 4608 693 4670 illo
716 4610 812 4671 triduo
836 4613 944 4689 primae
978 4609 1079 4669 mundi
1105 4611 1264 4682 inlantiac,
1293 4605 1365 4684 quid
1396 4625 1534 4683 magnum
1558 4610 1636 4666 enirn

285 4686 496 4776 *bruniana
527 4698 552 4754 si
575 4714 627 4772 per
650 4697 678 4755 id
700 4716 764 4758 non
783 4700 866 4773 pluit
882 4699 1035 4758 Dominus
1056 4706 1283 4798 supraterram
1307 4702 1375 4768 etc,
1400 4713 1457 4755 non
1482 4702 1563 4768 utar,
1589 4698 1636 4753 in-

159 4761 166 4769 ·
209 4809 211 4811 ·
270 4773 392 4856 πάι,
415 4781 486 4856 qula
509 4783 578 4843 mihi
604 4803 677 4860 opus
701 4785 752 4850 illa
774 4803 832 4845 non
855 4795 908 4846 est

327 4860 488 4943 ’Ὠιιιιι
476 4888 537 4944 Jam
568 4889 645 4931 nunc
672 4890 727 4948 ego
751 4876 848 4950 potius
871 4875 961 4946 facio,
996 4889 1084 4947 quam
1105 4879 1139 4930 ut
1167 4874 1220 4932 tibi
1252 4888 1306 4932 ceu
1328 4870 1412 4930 alteri
1435 4868 1636 4949 Aristophani

284 4956 501 5018 festivissimam
526 4958 675 5024 exhibenti
698 4960 877 5021 comoediam
902 4956 947 5041 (in
972 4977 1031 5034 qua
1052 4967 1218 5019 extremum
1245 4959 1375 5017 hontinis
1396 4957 1554 5031 delirium,
1578 4960 1637 5018 tuis

287 5035 548 5111 imaeinationibus
577 5046 748 5112 sennarum.
788 5050 842 5108 suh
877 5065 1003 5123 persona
1034 5050 1090 5106 mei
1123 5049 1248 5106 nominis
1282 5044 1455 5116 introducis)
1489 5053 1638 5126 spectator

285 5130 431 5208 auidoaur
463 5131 598 5192 Socrates
629 5152 699 5209 ego,
731 5136 884 5194 subridens
908 5134 1164 5213 ,applaudensque
1218 5134 1303 5193 Certe
1333 5132 1468 5210 equidem
1496 5151 1637 5206 magnum

285 5217 437 5291 delirium,
461 5216 586 5280 oblitum
609 5225 763 5296 materiae,
787 5227 821 5282 in
844 5242 907 5299 quo
928 5226 984 5284 lux
1006 5240 1100 5298 opera
1114 5238 1173 5282 rua
1187 5220 1323 5297 dmipnot
1336 5221 1539 5300 profiipondia
1554 5229 1639 5280 tene-

285 5305 363 5374 orta,
393 5307 519 5366 oblitum
546 5309 731 5385 facultatum
756 5319 901 5385 naturae,
934 5311 1042 5386 quibua
1065 5312 1118 5370 itia
1147 5318 1183 5369 ut
1204 5327 1258 5369 rec
1281 5309 1392 5384 aliquis
1418 5311 1567 5384 imperat,
1597 5309 1640 5368 ud

285 5394 388 5454 stelias
414 5394 575 5473 oonsupere
604 5413 674 5455 cum
703 5398 825 5456 ethnicis
859 5409 887 5457 et
916 5416 992 5474 quae
1023 5408 1184 5473 sequuntur
1215 5398 1343 5458 oratoria
1369 5404 1568 5475 poppysmata
1590 5397 1639 5456 lu·

286 5480 441 5540 xuriantia.

375 5567 473 5629 Solem
496 5569 634 5645 equidem
654 5571 769 5645 sonum
791 5579 891 5634 statuo
912 5580 1012 5632 motus
1034 5574 1174 5641 coelestia,
1204 5579 1237 5632 ιιι
1258 5575 1441 5647 sapientiam
1463 5572 1639 5630 acaciam

282 5670 349 5718 non
368 5671 532 5734 pererrare
554 5663 677 5726 tontum
699 5657 809 5726 mundi
830 5660 959 5738 laticem,
982 5659 1035 5720 sed
1057 5661 1146 5722 tontis
1170 5659 1263 5738 ipsius
1283 5659 1474 5722 architectum
1496 5675 1638 5733 ιιιιιοιιιο,
