3684 7259
151 1218 153 1220 ’
259 1224 325 1301 404
449 1279 453 1286 ,
564 1287 567 1294 ,
787 1219 936 1308 Ptolemaei
953 1217 1107 1285 aemonia

149 1735 155 1750 r
258 1714 341 1773 alicui
358 1722 524 1778 secuturae¹

257 1401 323 1459 ritas
335 1401 377 1456 rel
389 1401 513 1468 tarditas,
532 1401 689 1455 inconstans
702 1400 784 1455 etiam
795 1399 892 1470 forma,
911 1400 1070 1455 inconstans
1083 1397 1199 1468 denique
1211 1398 1333 1457 duratio:
1350 1400 1473 1470 intellige
1485 1401 1513 1457 in
1525 1410 1610 1458 astro·

261 1481 352 1540 nomm
369 1477 542 1538 Ptolemaios.

283 1581 286 1586 ·
345 1558 470 1628 Denique
487 1565 516 1612 to
531 1558 573 1617 'ns
591 1557 665 1612 tituli
682 1573 779 1613 sensus
798 1558 837 1614 sic
855 1565 898 1613 est
915 1566 1097 1627 comparatus,
1117 1565 1147 1610 ut
1165 1557 1245 1613 facile
1263 1565 1365 1629 pateat,
1384 1567 1469 1629 capnt
1486 1559 1539 1620 hoc
1556 1575 1609 1614 non

195 1655 198 1663 ·
258 1633 302 1693 sui
318 1567 631 1857 immutasse&
644 1651 695 1690 nec
710 1636 793 1708 ¹finem
817 1635 992 1690 dicendorum
1013 1636 1041 1690 in
1060 1651 1090 1689 se
1114 1637 1174 1710 ipso
1199 1637 1365 1708 contineres
1377 1635 1426 1693 sed
1446 1639 1549 1692 servire
1567 1637 1611 1692 alii

588 1710 591 1718 '
631 1716 722 1782 adoni,
741 1717 831 1785 eapite
852 1716 889 1785 ld.
909 1717 1034 1784 sequenti
1054 1715 1246 1771 instituendae.

345 1773 486 1941 &m
572 1802 719 1857 Ptolemaei
747 1803 913 1857 astronomia
940 1809 1004 1857 sunt
1028 1802 1106 1857 orbes
1125 1804 1206 1858 solidi
1223 1804 1264 1860 sel
1292 1804 1383 1896 qnasi,
1412 1810 1503 1858 motus
1521 1804 1612 1859 nudus

258 1891 348 1940 manas
401 1879 464 1938 ¹itnr
475 1882 527 1952 ipsi
539 1882 643 1947 stellae,
662 1881 714 1936 nisi
727 1897 862 1951 apparens
874 1883 930 1947 ille,
948 1885 1115 1951 compositas
1134 1864 1421 1954 scilicet’aatpbribus
1435 1880 1611 1952 simplicibus,

258 1962 306 2033 qul
323 1977 354 2017 re
371 1978 436 2016 vera
453 1960 610 2016 dividuntur
627 1961 698 2015 inter
716 1960 850 2029 sphaeras
868 1960 996 2015 totidem:
1020 1968 1051 2014 ut
1068 1960 1106 2015 ita
1123 1962 1257 2030 sphaerae
1275 1961 1399 2033 singulae
1417 1960 1533 2030 singulis
1550 1976 1611 2029 pro·

258 2040 325 2109 priis
343 2041 489 2096 incitentur
506 2040 623 2094 motibus
641 2040 740 2107 iisqne,
767 2047 798 2093 ut
815 2041 902 2109 prima
920 2039 1010 2095 fr'onte
1029 2047 1154 2109 apparet,
1182 2040 1263 2109 plane
1281 2039 1448 2109 simplicibus
1468 2047 1496 2094 et
1513 2055 1612 2111 sequa·

280 2120 305 2185 ᾗ
360 2157 366 2171 .
401 2117 462 2187 Qua
479 2117 508 2173 in
525 2117 653 2187 opinione
670 2120 780 2174 ruerunt
804 2121 884 2174 ethm
903 2128 1025 2189 veteres,
1052 2119 1197 2188 Eudoxus,
1226 2120 1355 2202 Calippus
1381 2136 1483 2189 eosque
1502 2128 1612 2175 secutus

392 2213 431 2266 es,
449 2204 481 2252 nt
498 2197 679 2267 perscriptum
696 2197 806 2267 reliquit
823 2201 889 2254 Met.
908 2199 971 2253 xn.
1008 2199 1095 2266 Quam
1115 2199 1268 2268 opinionem
1287 2214 1338 2267 ego
1356 2198 1472 2254 refutavi
1490 2199 1519 2253 in
1537 2199 1612 2254 Com·

258 2117 398 2415 Q
421 2278 455 2332 de
479 2278 598 2333 motibus
623 2276 718 2332 stellae
735 2271 832 2333 Martis
860 2277 1023 2347 defendique
1034 2275 1189 2332 ‘rationibus
1211 2278 1390 2343 evidentibus,
1409 2293 1515 2333 omnem
1539 2278 1613 2333 illam

259 2371 285 2409 m
399 2356 571 2421 rariemtem,
590 2371 660 2423 quse
678 2354 766 2411 stellis
783 2357 872 2410 inesse
890 2364 1017 2425 putatur,
1036 2364 1084 2411 aut
1100 2357 1271 2426 phantasiam
1290 2359 1498 2427 esse'visasque
1516 2358 1613 2426 decep·

258 2433 373 2494 tionem,
400 2433 434 2491 e'r
453 2452 544 2491 annuo
562 2435 679 2498 Telluris
698 2444 773 2490 motu
791 2444 897 2504 natam,
926 2446 973 2491 aut
998 2451 1028 2491 re
1045 2452 1109 2493 vera
1135 2438 1304 2505 planetarum
1322 2438 1411 2507 globis
1430 2439 1497 2508 ipsis
1516 2439 1613 2502 inesse,

259 2514 300 2574 sic
316 2510 406 2570 atilli
421 2530 591 2585 nequaquam
610 2514 845 2569 circumvehantur
863 2515 981 2570 velutin
1001 2532 1081 2571 curru
1100 2524 1146 2570 aut
1164 2524 1195 2571 ut
1212 2516 1304 2572 clavus
1316 2518 1343 2572 in
1356 2524 1423 2585 rota
1442 2517 1614 2584 quiescentes

259 2609 298 2650 sc.
316 2593 345 2654 in
363 2610 418 2650 nno
436 2594 479 2649 sui
498 2594 570 2648 orbis
589 2593 662 2666 locu,
688 2592 736 2647 ssd
754 2609 784 2647 re
803 2610 866 2649 vera
883 2594 1020 2662 trajiciant
1036 2611 1086 2664 per
1102 2595 1318 2665 limpidissimam
1336 2611 1430 2660 auram
1449 2597 1613 2663 aetheream,

259 2672 299 2730 illi
317 2671 472 2732 nullatenus
489 2672 595 2742 illigati.
620 2672 711 2740 Quare
726 2675 877 2729 meminerit
895 2674 989 2743 lector,
1008 2691 1051 2730 me
1064 2675 1116 2742 hic,
1136 2675 1199 2728 dum
1218 2661 1376 2730 Ptolemaici
1394 2676 1485 2743 operis
1504 2676 1615 2731 lacunas

260 2751 365 2825 cr'pleo,
394 2768 448 2810 non
466 2753 585 2809 scribere
603 2769 637 2807 er
656 2753 737 2809 animi
754 2755 806 2809 mei
824 2755 967 2811 sententia.
987 2753 1035 2809 sed
1054 2754 1203 2809 Ptolemaei
1220 2753 1343 2823 vestigiis
1370 2755 1527 2809 necessario
1551 2756 1615 2808 insi-

259 2830 473 2909 stere,],si·.iiam
490 2832 600 2900 qnide'm
619 2834 797 2887 eccentricam
815 2833 933 2901 planetis
952 2831 1066 2902 singulis
1085 2834 1214 2903 relinquit
1231 2833 1312 2889 etiam
1329 2849 1390 2887 mea
1408 2848 1442 2887 er
1462 2832 1613 2903 Cupernico

259 2903 427 3043 ίηὲἕειὼίι
444 2910 624 2978 astronomia,
651 2925 722 2980 quas
740 2910 844 2966 scilicet
861 2912 934 2967 aliud
953 2913 1080 2967 observat
1097 2921 1220 2968 centrum
1238 2930 1255 2968 a
1271 2922 1366 2968 centro
1383 2914 1469 2968 totins
1488 2913 1614 2980 universi,

260 2988 298 3058 qu
352 2987 398 3043 Sol
417 2996 467 3044 est.

267 3147 269 3150 Ι
346 3074 420 3131 Nota
435 3075 482 3131 Ν.
527 3077 672 3146 Epicyclos
695 3092 787 3132 omnes
814 3079 911 3133 unicam
938 3076 1055 3132 Telluris
1080 3086 1171 3133 motus
1199 3093 1305 3133 amaus
1332 3077 1404 3147 apud
1433 3078 1613 3148 (loperuienm

367 3153 528 3226 lanctusque
546 3164 651 3211 tantum
669 3155 795 3223 directos,
815 3161 919 3211 tantum
939 3173 993 3211 nno
1011 3156 1091 3210 modo
1104 3156 1211 3211 veloces
1229 3172 1290 3211 esse
1309 3156 1419 3225 patitur,
1437 3172 1499 3211 cum
1512 3158 1615 3214 scilicet

426 3230 581 3460 οθοι
599 3232 677 3289 Luna
695 3234 722 3288 in
740 3235 867 3304 perigaeo
886 3253 952 3305 sno;
980 3236 1095 3291 alterum
1113 3237 1165 3290 hoc
1182 3236 1334 3292 velocitatis
1352 3243 1535 3306 angmentum,
1555 3235 1613 3294 tan·

258 3315 302 3383 q·
333 3357 347 3380 ἲ.
448 3309 455 3323 ’
540 3353 547 3379 ,
575 3324 630 3366 nna
657 3330 718 3369 cum
746 3312 910 3369 stationibus
938 3321 967 3367 et
989 3315 1278 3383 rehogradationibns,
1306 3314 1421 3370 sublatis
1439 3315 1569 3383 epieyclis
1587 3324 1614 3370 et

257 3391 409 3465 substituto
427 3389 450 3444 si
518 3389 626 3454 ciam
644 3399 672 3447 et
691 3391 777 3447 unico
785 3391 902 3447 Telluris
920 3401 1005 3461 motu,
1024 3394 1104 3448 simili
1122 3396 1241 3451 motibus
1260 3402 1410 3449 ceterorum
1427 3394 1501 3448 circa
1514 3394 1613 3465 Solem,

258 3470 288 3527 ln
305 3486 407 3526 meram
425 3470 498 3525 visus
518 3460 706 3545 dectbtionem
724 3472 870 3527 evanescit.
906 3472 943 3527 At
960 3472 1145 3541 Ptolemaeus,
1175 3474 1221 3543 qui
1241 3489 1319 3528 veros
1337 3472 1450 3528 credidit
1469 3473 1614 3542 epicyclos,

259 3551 407 3624 prwtorjre
425 3552 475 3605 has
493 3551 664 3605 incitationes
683 3559 711 3606 et
728 3554 894 3607 retentiones
913 3568 1084 3624 nequaqnam
1103 3553 1199 3622 potuit.
1235 3551 1314 3607 Unde
1332 3552 1441 3618 iactum,
1461 3559 1491 3604 ut
1510 3567 1615 3605 summa

258 3630 529 3710 maeret-'motuum
548 3629 669 3684 confusio
688 3630 763 3700 apud
780 3629 978 3695 Ptolemaeum,
998 3647 1068 3700 qaae
1086 3633 1204 3701 ineptam
1223 3639 1250 3687 et
1269 3632 1462 3686 abhorrentem
1481 3628 1613 3685 reddebat

259 3721 367 3773 omem
442 3710 616 3780 parationem,
636 3716 774 3778 utcunque
792 3724 825 3762 ea
842 3709 1038 3765 institueretur.
1074 3710 1152 3765 Hanc
1170 3711 1238 3765 adeo
1257 3728 1365 3767 cansam
1385 3727 1446 3765 esse
1465 3715 1546 3780 puto,
1565 3724 1613 3763 cnr

258 3784 337 3841 Ptole
447 3789 616 3857 praescripto
634 3788 732 3857 capide
743 3787 869 3842 lemmate
886 3788 1077 3857 tractationem
1090 3791 1298 3844 subsecuturam
1316 3788 1535 3856 lacunatarerit,
1552 3787 1615 3855 quis

259 3864 429 4078 *ossibile
447 3868 562 3937 ridebat,
581 3870 609 3922 in
627 3867 792 3923 ashonomis
805 3883 856 3923 sua
868 3867 1046 3923 demonstrari
1064 3868 1146 3923 talem
1167 3878 1288 3924 motuum
1303 3868 1463 3924 coelestium
1480 3874 1614 3927 ornatum,

325 3958 367 3998 em
385 3946 445 4015 ipse
462 3962 496 4002 er
514 3947 662 4017 archetypo
680 3962 769 4000 rerum
789 3944 957 4002 musicalium
976 3956 1138 4017 conceperat
1157 3950 1254 4005 animo.
1274 3948 1387 4003 Poterat
1405 3951 1471 4002 sane
1489 3945 1613 4002 confusio

260 4102 275 4157 f
328 4019 485 4156 Pttolemsco
503 4024 683 4095 persuadere,
706 4032 737 4080 nt
760 4026 843 4080 missa
865 4042 914 4081 sna
938 4028 1105 4082 astronomia
1129 4027 1162 4082 ad
1186 4037 1304 4083 veterem
1322 4026 1533 4099 Pythagoricum
1552 4040 1613 4081 con·

274 4117 377 4173 ngare.

349 4199 421 4254 Nota
439 4196 472 4250 V.
508 4194 682 4249 Ptolemaeus
700 4194 794 4247 Lunae
817 4193 927 4248 eosdem
945 4194 1053 4264 quidem
1072 4193 1265 4250 tribuitorbes
1283 4194 1488 4263 nominetenus,
1509 4210 1578 4262 quos
1596 4196 1612 4249 b

260 4274 385 4347 reliquis,
412 4272 560 4346 epieyclum
583 4272 688 4328 scilicet
704 4273 732 4326 in
752 4274 917 4329 eccentrico:
945 4281 974 4329 at
991 4274 1031 4328 vis
1051 4280 1093 4329 est
1115 4273 1159 4327 his
1181 4272 1378 4343 hypothesibus
1397 4273 1614 4329 diversissimas

262 4354 421 4413 vllllsrnm.
457 4354 528 4410 Nam
546 4352 661 4423 primum
680 4352 856 4422 apparentiae
873 4351 900 4406 in
919 4352 999 4407 Luna
1017 4353 1088 4407 tales
1100 4352 1191 4406 nullae
1210 4356 1282 4421 sunt,
1302 4347 1336 4406 ob
1355 4368 1423 4419 quas
1442 4353 1541 4407 ceteris
1559 4353 1611 4407 sin·

262 4434 333 4510 gulis
351 4434 450 4503 singuli
468 4432 526 4488 dati
544 4440 608 4488 sunt
626 4431 751 4504 epinycli,
779 4443 840 4487 dnm
856 4433 935 4487 Luna
952 4448 1002 4488 aec
1021 4432 1181 4502 retrograda
1199 4429 1261 4499 fiat,
1281 4445 1329 4484 nec
1348 4430 1375 4484 in
1394 4446 1499 4486 summa
1518 4429 1611 4498 apside

261 4511 348 4569 velox.
384 4514 479 4581 ltaque
497 4512 591 4565 Lunae
610 4509 749 4580 epicyclns
767 4508 934 4581 aequipollet
952 4512 1103 4568 eccentrico
1123 4517 1283 4565 ceterorum.
1318 4508 1424 4563 Deinde
1443 4510 1609 4564 eccentricns

260 4590 356 4650 Lunae
374 4586 584 4647 diversissimam
604 4606 620 4644 a
638 4589 735 4644 ceteris
762 4604 884 4657 cansam,
913 4603 963 4643 nee
980 4590 1069 4644 minus
1096 4598 1124 4645 ct
1150 4589 1264 4644 formam
1289 4588 1500 4643 diversissimam
1527 4588 1610 4644 habet

260 4680 395 4727 motuum:
413 4672 472 4727 vult
489 4672 561 4726 enim
574 4670 754 4737 Ptolemaeus,
773 4669 846 4723 hunc
865 4668 1045 4723 eccentricum
1058 4676 1198 4725 menstruo
1217 4676 1339 4738 tempore
1351 4666 1471 4721 solubile
1489 4672 1611 4722 centrum

260 4751 362 4809 habero
379 4765 430 4838 per
446 4758 533 4806 totum
551 4750 700 4816 zodiacum,
719 4765 769 4803 nec
785 4757 875 4803 tamen
895 4749 967 4802 circa
983 4748 1011 4802 id
1024 4750 1132 4817 aequali
1150 4749 1215 4804 cieri
1233 4755 1316 4816 motu,
1335 4748 1384 4803 sed
1402 4748 1524 4806 velocem
1542 4763 1609 4817 esse,

260 4847 322 4890 cnm
340 4821 397 4887 fert
409 4830 563 4900 ‘epicyclum
580 4830 608 4884 in
627 4845 740 4896 summo,
758 4827 874 4895 tardum
892 4845 953 4883 eum
971 4828 998 4881 in
1017 4829 1072 4882 ima
1090 4836 1118 4882 et
1135 4830 1263 4898 perigaea
1281 4828 1323 4882 sui
1341 4836 1427 4898 parte.
1446 4826 1610 4882 Refutnrunt

204 4949 206 4952 -
259 4912 443 4968 tamenhunc
462 4911 641 4966 accentu-icum
659 4908 830 4964 solidissimis
848 4906 999 4962 rationibus
1017 4906 1250 4975 Regicmontanns
1268 4914 1296 4961 et
1314 4907 1487 4975 Ceperuicus.
1515 4906 1609 4987 ltaque

260 4990 318 5063 ego
330 4989 468 5046 substituo
486 4989 556 5043 dam
574 4989 670 5043 Lunae
689 4965 772 5078 βξ
778 4983 889 5042 Terram
909 4987 1088 5042 eccentrieam
1106 4985 1209 5057 duplici
1227 4985 1322 5041 modo:
1341 5001 1395 5039 uno
1415 4992 1503 5052 stato,
1524 4983 1608 5039 altero

259 5070 389 5139 variabili,
408 5076 443 5125 nt'
456 5069 590 5123 interdum
601 5061 691 5136 plina
706 5058 777 5140 aab)
797 5067 825 5139 s,
844 5064 911 5120 alias
924 5075 1065 5121 excrescat
1084 5067 1118 5121 ad
1137 5074 1235 5121 statam
1254 5072 1281 5119 et
1299 5070 1400 5119 certam
1419 5063 1608 5131 quantitatem.

259 5148 291 5203 ln
309 5148 445 5203 Mercurio
462 5146 635 5202 Ptolemaeus
652 5146 703 5214 pte
736 5141 744 5159 '
829 5146 1006 5203 ‘ceterorum
1025 5146 1177 5200 eccentrico
1195 5142 1331 5212 duplicem
1349 5141 1428 5210 fecit,
1447 5142 1525 5206 mihi,
1544 5157 1607 5210 snp-

259 5229 350 5297 posito
368 5227 469 5282 'l'errae
480 5221 561 5282 -motu
580 5240 683 5293 annuo,
707 5217 757 5278 us*
814 5223 896 5279 rcurii
914 5223 997 5291 plane
1013 5222 1108 5279 similis
1125 5223 1159 5280 tlt
1176 5222 1273 5277 ceteris
1292 5220 1429 5289 quinque,
1456 5237 1495 5277 sc.
1515 5236 1608 5278 coean-

258 5308 328 5363 trica
344 5308 417 5363 eirca
434 5307 533 5362 Solem,
590 5374 592 5377 Α
972 5369 976 5376 ’

345 5396 419 5458 Nota
435 5394 482 5451 Vl.
518 5395 593 5449 Haec
610 5391 783 5461 periodorum
802 5390 967 5459 comparatio
986 5389 1174 5445 nominetenus
1198 5389 1306 5459 quidem
1325 5388 1423 5443 attinet
1441 5393 1557 5458 motum,
1578 5404 1608 5444 re

259 5489 323 5527 vcra
341 5489 397 5528 non
414 5484 525 5543 motum,
544 5473 593 5527 sed
611 5486 751 5526 nnmerum
771 5470 888 5535 dierum,
907 5470 955 5538 qui
972 5470 1084 5524 metitur
1101 5475 1208 5538 tempus
1226 5469 1329 5524 reditus
1348 5467 1480 5535 cujusque
1499 5467 1604 5523 sideris.

259 5549 347 5606 Aliter
363 5559 454 5606 manen
472 5552 551 5620 mihi,
578 5551 656 5605 aliter
673 5548 839 5605 Ptolemaeo.
875 5552 945 5606 Nam
965 5552 1029 5620 quia
1045 5548 1218 5604 Ptolemaeus
1236 5547 1313 5616 ponit
1331 5546 1475 5615 sphaeram
1493 5546 1607 5615 primam

258 5628 476 5695 aequabilissimo
493 5637 569 5684 motu
586 5628 702 5693 moveri,
721 5629 785 5683 hinc
803 5627 838 5686 er
856 5631 1051 5701 compositione
1069 5627 1262 5699 magnitudinis
1281 5625 1414 5696 sphaerae
1432 5630 1461 5679 et
1477 5624 1607 5682 tarditate

257 5703 361 5768 sous
384 5706 507 5766 matur
531 5707 718 5765 wnccu
743 5702 987 5779 umentique
1013 5716 1089 5768 carto
1110 5709 1285 5767 etconstans
1301 5702 1447 5776 sacam
1473 5703 1606 5783 st'mibi,
