3684 7259
677 1207 688 1231 .
781 1176 914 1260 epar.
934 1173 1133 1247 omarus-³
1542 1155 1606 1252 ern

1731 1325 1743 1359 I

260 1372 296 1413 ex
319 1354 399 1424 Sole,
423 1356 474 1433 sad
497 1374 533 1415 ex
555 1355 646 1415 Terra
668 1355 884 1430 spectantibus,
917 1353 953 1415 de
976 1353 1082 1431 quibus
1102 1357 1168 1430 ¹agit
1189 1355 1241 1421 lib.
1265 1356 1317 1415 VI.
1341 1355 1394 1432 llp.
1418 1358 1497 1417 Asta.
1522 1358 1625 1438 Oop,
1704 1416 1708 1423 ,

255 1444 280 1500 is
302 1445 394 1515 sciat,
427 1462 527 1503 eornm
550 1445 691 1501 rationem
721 1444 748 1499 in
778 1443 834 1501 hoe
857 1444 975 1517 negotio
1006 1442 1093 1517 plane
1123 1442 1233 1501 nullam
1261 1443 1377 1518 haberi;
1409 1460 1479 1504 saue
1510 1465 1607 1526 neque

256 1529 358 1601 debet,
392 1548 457 1590 cum
481 1531 650 1591 Terranon
674 1530 798 1588 sitiens
822 1538 919 1587 motus
943 1532 1085 1605 ipsorum,
1117 1547 1211 1606 neque
1234 1539 1346 1606 potest,
1377 1548 1441 1589 cum
1465 1544 1561 1592 motus
1584 1537 1605 1594 ii

257 1635 314 1676 non
338 1625 450 1677 tantum
474 1622 503 1676 iu
527 1635 635 1677 meram
659 1620 786 1692 quietem
809 1634 861 1676 seu
884 1619 1041 1675 stationem
1065 1626 1261 1694 apparentem,
1286 1618 1343 1676 sed*
1357 1618 1444 1694 plane
1467 1616 1605 1681 iu'retro-

254 1704 466 1781 gradationem,
491 1714 632 1782 quantum
655 1702 693 1762 ad
715 1703 848 1763 fallacem
864 1707 1074 1780 apparentiam,
1099 1704 1284 1780 degenerent,
1308 1697 1367 1781 qua
1385 1708 1495 1765 ratione
1512 1712 1605 1770 omnis

254 1796 476 1869 proportionum
499 1793 626 1851 infinitas
650 1792 784 1850 omuibus
808 1790 933 1868 planetis
955 1792 1041 1851 simul
1066 1798 1095 1851 et
1117 1809 1153 1851 es
1176 1787 1272 1869 aeqrro
1295 1794 1440 1851 tribuitur.
1465 1791 1525 1872 ,Ut
1547 1798 1606 1875 igi·
1649 1824 1651 1832 v

253 1891 300 1939 tur
323 1879 432 1939 cer‘tnm
456 1882 633 1952 habeamus,
663 1877 766 1955 quales
788 1881 992 1956 proportiones
1021 1879 1152 1957 proprias
1181 1883 1360 1939 constituant
1389 1880 1482 1938 diurni
1506 1893 1604 1945 motus

253 1967 434 2043 singularum
457 1986 591 2027 verarum
614 1968 771 2026 orbitarum
795 1958 1019 2026 eecentriearum
1044 1962 1129 2048 (licet
1162 1976 1190 2026 et
1219 1970 1273 2044 ipsi
1295 1967 1400 2030 ‚adbuc
1430 1962 1606 2047 apparenter
1635 2016 1640 2025 Ι

254 2059 322 2134 sint,
346 2054 435 2114 veluti
459 2058 603 2132 spectanti
627 2073 662 2113 ex
685 2053 764 2128 Sole,
788 2052 868 2114 lonte
891 2049 1021 2135 motus),
1049 2053 1227 2114 removenda
1249 2058 1329 2132 prius
1353 2063 1397 2114 est
1418 2057 1456 2114 ab
1481 2060 1515 2115 iis
1538 2075 1604 2118 ruo·

254 2144 332 2201 tibus
355 2145 479 2219 propriis
503 2143 575 2201 haec
597 2143 753 2217 phantasia
776 2144 938 2200 communis
960 2142 1094 2200 omnibns
1118 2145 1245 2217 quinque
1266 2150 1363 2201 motus
1378 2140 1467 2201 annui
1490 2145 1604 2206 adveu-

256 2233 321 2302 titii,
345 2233 409 2289 slve
433 2231 482 2289 llle
504 2248 540 2288 ex
564 2234 656 2306 ipsius
679 2228 806 2288 Telluris
829 2238 910 2288 motu
935 2232 1044 2287 oriatur
1066 2230 1227 2288 secundum
1252 2229 1459 2306 Cepernicnm,
1482 2235 1544 2292 sive
1568 2252 1604 2294 ex
1706 2226 1708 2230 ⁴

254 2326 334 2376 motu
358 2320 526 2394 systematis
550 2320 639 2377 totius
669 2332 766 2388 annno
790 2317 950 2376 seeundum
974 2315 1143 2395 'l'ychoncm
1167 2316 1278 2389 Brahe,
1312 2327 1467 2394 motusque
1498 2324 1603 2397 cuique

255 2405 393 2482 planetae
416 2408 525 2483 proprii
552 2404 697 2464 enucleati
720 2404 774 2460 snb
798 2410 985 2480 conspectum
1009 2403 1183 2479 subjiciendi
1207 2416 1284 2464 sunt.

346 2490 471 2554 Octavo.
515 2492 669 2552 Hactenus
692 2493 804 2565 egimus
827 2491 863 2550 de
887 2490 1011 2550 diversis
1034 2495 1123 2550 moris
1146 2490 1193 2551 rel
1212 2493 1338 2552 arcubus
1361 2493 1447 2552 unius
1471 2502 1500 2553 et
1523 2495 1604 2571 ejus-

255 2579 320 2638 dem
343 2579 487 2656 planetae.
533 2579 602 2640 Jam
626 2581 714 2654 etiam
739 2575 774 2636 de
797 2580 930 2637 binorum
954 2578 1137 2653 planetarum
1153 2573 1280 2639 motibus
1304 2580 1378 2638 inter
1395 2597 1427 2638 se
1450 2594 1605 2660 compara-

254 2670 291 2726 tis
315 2668 470 2743 agendum.
517 2666 574 2728 Ubi
597 2661 668 2726 n‘ota
691 2664 888 2724 definitionem
912 2661 1110 2740 terminorum,
1134 2671 1265 2743 quisunt
1283 2668 1367 2726 nobis
1390 2668 1476 2726 futuri
1501 2687 1604 2730 neces-

253 2757 332 2813 sarii.
380 2754 547 2831 Apsides
579 2755 766 2831 proximas
797 2753 920 2811 duorum
950 2752 1134 2829 planetarum
1160 2755 1289 2814 dicemus
1317 2755 1490 2831 peribelium
1513 2775 1604 2835 snpe-

253 2844 336 2899 rioris
361 2849 390 2901 et
413 2843 561 2918 aphelium
585 2842 736 2923 interioris,
760 2857 817 2899 uon
835 2842 980 2913 obstante,
1006 2843 1084 2917 quod
1100 2840 1168 2900 illae
1185 2849 1310 2917 vergunt
1325 2845 1353 2899 in
1369 2841 1488 2917 plagam
1504 2844 1604 2903 mundi

253 2947 310 2988 non
335 2930 474 3002 eandem,
504 2930 555 2989 sed
579 2930 709 2989 diversas
732 2935 761 2986 et
782 2928 856 2988 torte
880 2930 1047 3010 contrarias.
1093 2928 1124 2987 M
1134 2937 1218 2988 otus
1250 2930 1443 3006 extremos
1474 2931 1603 3011 intellige
1695 2953 1700 3008 r
1739 3004 1742 3009 ¹

252 3017 448 3076 tardissimum
472 3027 501 3076 et
525 3017 740 3077 velocissimum
763 3018 853 3074 totius
878 3016 1015 3075 circuitus
1042 3015 1215 3090 planetarii3
1244 3027 1515 3092 consurgentes
1544 3037 1603 3079 ex·
1698 3013 1700 3036 ³

251 3113 385 3163 tremos
408 3123 475 3163 seu
499 3121 725 3174 conversos,
756 3105 807 3177 qui
830 3110 897 3161 sunt
920 3105 949 3159 in
974 3103 1107 3162 binorum
1130 3104 1280 3180 opsidibus
1302 3101 1459 3180 proximis,
1490 3106 1603 3166 seilicet

255 3195 283 3248 in
306 3192 449 3268 peribolio
478 3195 635 3267 superioris
667 3199 696 3249 et
719 3189 834 3267 aphelio
862 3190 1018 3263 interiorIs3
1053 3191 1290 3268 divergentce
1323 3190 1385 3251 vel
1416 3192 1601 3270 diversos,

253 3283 303 3355 qui
334 3282 361 3336 in
392 3280 543 3355 opsidibus
575 3279 731 3356 oppositis,
762 3278 874 3336 seilicet
904 3277 1022 3352 aphelio
1045 3282 1202 3354 superioris
1234 3288 1263 3337 et
1285 3277 1426 3354 perIbelio
1450 3280 1601 3341 inferioris.

250 3366 376 3425 Rursum
408 3369 496 3440 igitur
526 3368 573 3427 hic
602 3367 700 3441 aliqua
730 3382 798 3440 pars
829 3368 885 3424 mei
916 3364 1050 3441 Mysterii
1074 3366 1329 3445 CosmograpbieI,
1360 3373 1504 3443 suspensa
1533 3379 1602 3430 aute

252 3458 291 3510 22
317 3473 419 3524 annes,
444 3457 513 3529 quia
536 3455 663 3513 nondum
687 3453 834 3527 liquebat,
858 3452 1042 3511 absolvenda
1065 3460 1094 3512 et
1116 3453 1174 3515 hue
1196 3453 1346 3513 inserenda
1369 3460 1422 3513 est.
1468 3454 1602 3516 Inrentls
1708 3454 1716 3498 i

250 3545 327 3600 enim
351 3544 427 3600 veris
451 3543 563 3600 orbium
587 3540 749 3600 intervallis
772 3556 822 3616 per
845 3542 1066 3599 observationes
1084 3541 1188 3600 Brahet
1213 3543 1329 3618 plurimi
1346 3544 1485 3618 temporis
1501 3542 1601 3605 labore
1637 3581 1647 3628 p
1738 3553 1759 3616 ἵ,

249 3632 397 3702 continno,
421 3630 548 3701 tandem,
574 3629 691 3689 tandem
714 3629 841 3702 genuina
869 3629 1018 3705 proportio
1042 3636 1203 3704 temporum
1232 3620 1445 3706 periodicorum
1468 3631 1505 3690 ad
1528 3650 1601 3708 pro«
1641 3629 1644 3650 ²
1725 3618 1728 3622 ’

248 3721 411 3792 portionem
436 3718 548 3776 orbium
596 3750 634 3763 -
681 3747 720 3757 -
776 3732 844 3774 sero
866 3714 987 3791 quidem
1009 3721 1138 3790 respexit
1161 3721 1302 3790 inarum,
1465 3730 1468 3737 ·
1622 3717 1654 3814 ”ἰ
1696 3710 1759 3812 lul,

502 3803 639 3880 Respexit
662 3812 764 3860 tomen
786 3810 814 3859 et
835 3804 925 3878 teneo
943 3811 1014 3878 post
1035 3811 1167 3878 tempore
1190 3810 1288 3879 senit3
1314 3843 1317 3849 ·
1695 3799 1703 3823 ”

248 3908 352 3964 eaque,
376 3893 400 3949 si
423 3888 561 3967 temporis
585 3889 723 3949 articulos
745 3892 830 3965 petis,
856 3891 884 3950 8.
909 3890 993 3951 Mart.
1018 3890 1104 3966 hujus
1127 3895 1195 3952 anui
1224 3891 1371 3952 millesimi
1394 3894 1602 3951 sexcentesimi
1623 3882 1627 3891 ’

248 3978 352 4036 decimi
377 3981 474 4038 octarl
505 3983 604 4038 animo
634 3984 792 4052 concepta,
822 3977 874 4035 sed
905 3976 1059 4036 infeliciter
1088 3979 1125 4037 ad
1149 3979 1277 4039 calculos
1300 3986 1407 4038 vocata
1430 3993 1523 4055 eoque
1547 3996 1599 4057 pro

246 4064 325 4124 salsa
346 4067 464 4141 rejecta,
489 4064 616 4145 denique
643 4068 689 4126 15.
711 4062 785 4139 Maji
808 4081 935 4137 reuersa,
958 4081 1037 4121 novo
1062 4076 1147 4144 capto
1165 4070 1273 4144 impetu
1297 4068 1478 4141 expugnavit
1492 4069 1598 4144 mentis

250 4171 334 4213 meae
358 4156 502 4221 tenebras,
526 4162 609 4212 tanta
632 4152 869 4229 comprobatione
893 4161 922 4211 et
944 4152 1052 4210 laboris
1073 4157 1129 4212 mci
1153 4152 1421 4230 septendeeennalis
1442 4155 1471 4211 in
1496 4154 1598 4213 obser-

249 4241 420 4313 vationibus
444 4240 606 4300 Braheanis
636 4248 665 4298 et
687 4238 885 4298 meditationis
909 4240 996 4315 hujus
1025 4242 1054 4296 in
1078 4256 1167 4300 unum
1191 4243 1431 4318 conspirantium,
1463 4249 1495 4299 ut
1516 4248 1611 4300 som-⁴

247 4331 329 4385 niare
353 4346 399 4385 me
423 4336 451 4387 et
474 4342 658 4405 praesumere
680 4328 844 4402 quaesitum
875 4330 948 4385 inter
975 4328 1118 4403 principia
1148 4317 1239 4406 primo
1271 4329 1425 4389 crederem.
1471 4325 1529 4387 Sed
1552 4345 1597 4388 res
1635 4361 1641 4412 i
1704 4377 1708 4404 ,

248 4423 294 4473 est
310 4418 471 4475 certissima
486 4419 741 4489 exactissimorum,
766 4414 844 4488 quod
868 4418 1082 4489 proportio,
1108 4434 1200 4492 quae
1223 4426 1278 4478 est
1299 4417 1400 4474 inter
1422 4416 1597 4475 binorum
1640 4423 1642 4434 '
1701 4409 1706 4484 l

249 4520 561 4579 quorumcunque
594 4503 831 4580 planetarum
871 4510 1049 4576 tempora
1085 4504 1294 4579 periodica,
1335 4505 1386 4561 sit
1424 4504 1597 4579 praecise
1699 4506 1702 4549 ῑ

247 4591 504 4664 sesquialtera
533 4590 800 4666 proportionis
829 4589 1026 4647 mediarum
1058 4587 1346 4664 distantiarum,
1380 4589 1416 4647 id
1447 4599 1508 4649 est
1539 4606 1596 4649 or·
1641 4661 1643 4666 ⁴
1698 4624 1699 4636 κ
1738 4609 1740 4614 ·

247 4678 347 4736 bium
372 4680 556 4754 ipsorum3
580 4683 692 4736 attento
716 4683 811 4734 tamen
827 4675 892 4748 hoe,
917 4676 996 4750 quod
1021 4676 1147 4736 medium
1171 4682 1383 4740 arithmeticum
1396 4680 1471 4736 iuter
1484 4676 1596 4736 utram·

250 4784 308 4841 qne
332 4763 504 4824 diametrum
528 4765 673 4840 ellipticae
696 4765 809 4822 orbitae
837 4766 876 4821 sit
898 4763 987 4839 paulo
1011 4767 1105 4822 miuus
1135 4765 1266 4843 longiore
1296 4767 1447 4825 dtametro.
1491 4765 1595 4841 Itaque

246 4857 271 4909 si
296 4854 361 4927 quis
385 4870 420 4910 ex
444 4851 572 4927 periodo,
589 4853 679 4911 uerbi
703 4868 793 4925 eausa
815 4850 952 4929 Telluris,
975 4869 1050 4927 quae
1074 4861 1119 4911 eat
1140 4873 1233 4924 annus
1257 4872 1340 4929 unus,
1364 4862 1394 4913 et
1417 4869 1451 4911 ex
1473 4852 1594 4929 periodo
1699 4862 1708 4880 ⁸

244 4940 363 4999 Saturni
385 4942 506 5013 triginta
528 4957 671 4997 annorum
692 4939 828 4997 sumserit
850 4942 967 4997 tertiam
989 4942 1184 5017 proportionis
1208 4952 1328 5019 partem,
1362 4940 1391 4998 id
1414 4948 1459 4999 est
1480 4940 1606 5000 radices

246 5030 375 5100 cubicas,
400 5036 429 5086 et
451 5027 539 5101 hujus
561 5029 756 5103 proportionis
779 5024 899 5102 duplum
923 5027 1032 5099 iecerit,
1056 5027 1204 5087 radicibus
1226 5030 1368 5106 quadrato
1383 5027 1594 5103 multiplicatis,

244 5118 274 5172 is·
294 5115 384 5174 habet
406 5118 434 5172 in
458 5108 668 5189 prodeuntibus
690 5116 816 5181 numeris
840 5113 1061 5173 intervallorum
1084 5113 1191 5176 Terrae
1215 5126 1245 5176 et
1267 5117 1383 5177 Saturni
1406 5115 1508 5177 aSolc
1531 5132 1595 5173 me·

244 5202 358 5260 diorum
382 5205 599 5278 proportionem
619 5198 859 5278 justissimam.*)
903 5200 978 5259 Nam
1001 5203 1106 5261 cubica
1127 5202 1209 5262 radix
1224 5204 1292 5263 del
1319 5212 1364 5264 est
1383 5207 1408 5277 l,
1432 5204 1497 5279 ejus
1518 5218 1595 5277 qua·

244 5289 358 5349 dratum
386 5294 417 5363 l;
451 5298 479 5348 et
502 5291 607 5348 cubica
628 5288 710 5347 radix
734 5288 770 5347 de
795 5288 835 5346 30
859 5297 904 5346 est
926 5287 1019 5361 major
1041 5305 1128 5364 quam
1153 5292 1188 5364 3,
1221 5292 1284 5367 ejus
1308 5295 1396 5367 igitur
1418 5288 1601 5368 quadratum,

179 5436 183 5447 ,
244 5376 340 5451 majus
370 5395 457 5452 quarn
483 5379 511 5434 9.
557 5375 594 5435 Et
617 5376 772 5447 Saturnus,
804 5374 986 5433 mediocriter
1018 5374 1130 5434 distans
1159 5396 1178 5435 a
1199 5378 1285 5454 Sole,
1315 5378 1404 5456 paulo
1433 5379 1519 5440 altior
1548 5386 1593 5440 ast
1649 5394 1650 5397 ’

831 5517 844 5547 N

322 5616 348 5663 ⁴⁵)
363 5616 416 5655 liam
431 5619 452 5657 iu
461 5617 629 5657 Commentariis
644 5618 721 5656 Marus
736 5629 782 5666 cap.
793 5616 894 5656 XLVIII.
910 5616 950 5656 tot.
960 5617 1004 5656 iii.
1020 5616 1074 5660 (ΙΙΙ.
1085 5616 1135 5669 853)
1151 5621 1250 5672 probari,
1265 5621 1359 5663 medium
1373 5622 1415 5663 boo
1428 5601 1592 5673 antbuettenu

245 5669 282 5709 vet
296 5669 366 5717 lpum
382 5680 434 5711 erse
448 5669 579 5711 diametrum
593 5671 679 5719 strauit,
694 5672 732 5720 qul
745 5670 886 5720 longitudine
898 5674 980 5722 usust
993 5670 1115 5722 ellipttoaru
1129 5674 1231 5726 orbitam,
1250 5678 1329 5719 ael-ss
1341 5678 1441 5728 proxime
1454 5677 1536 5725 munt.
