3684 7259
265 1200 339 1259 tta
744 1188 910 1259 Appendicis
927 1190 1151 1247 Harmonicorum

276 1361 384 1434 circulo
406 1371 578 1447 inscriptas,
601 1368 711 1429 scilieet
734 1378 934 1447 tetragonum,
959 1373 1118 1446 trigonum,
1143 1373 1283 1431 concinna
1299 1372 1423 1442 minima,
1448 1368 1501 1429 sed
1517 1386 1626 1427 uuum·

277 1460 414 1539 quodque
436 1458 538 1517 borum
561 1467 738 1515 monstratur
759 1476 811 1517 sen
834 1462 963 1535 gignitur
983 1476 1035 1534 per
1058 1461 1304 1534 comparationem
1330 1456 1453 1524 duorum
1477 1473 1626 1515 consono·

277 1565 356 1621 rum3
381 1553 413 1604 ut
434 1555 520 1604 tonus
544 1547 637 1620 major
659 1563 710 1604 sen
733 1542 776 1628 Ἃ
799 1564 849 1623 ρετ
872 1547 1070 1622 nouangulum
1093 1550 1193 1621 nequit
1216 1548 1311 1621 gigni,
1334 1543 1406 1603 nihil
1430 1547 1509 1602 enim
1531 1546 1628 1618 gignit

277 1632 492 1709 nonaugulum,
517 1650 584 1690 cum
605 1634 641 1689 sit
664 1632 756 1707 figura
780 1633 1061 1707 indemonstrabills;
1085 1644 1115 1692 at
1138 1634 1259 1693 resultat
1281 1628 1323 1715 Ἃ
1347 1650 1382 1692 cx
1405 1634 1626 1709 comparatione

275 1722 458 1783 diatessaron
481 1737 547 1778 cum
571 1718 720 1795 diapente,
745 1724 814 1796 quia
837 1722 931 1780 differt
954 1717 996 1803 Ἃ
1018 1740 1036 1780 ε
1059 1717 1101 1804 ²),
1123 1739 1175 1797 per
1198 1717 1254 1803 sse·

362 1807 407 1865 Tu
430 1823 536 1883 negas,
568 1807 723 1865 intervalla
753 1810 865 1867 minora
896 1811 963 1866 oriri
994 1827 1028 1868 ex
1053 1812 1187 1867 consonis
1212 1807 1380 1883 majoribus.
1426 1806 1514 1864 Enim
1546 1821 1640 1879 raro,¹

276 1890 414 1966 Rbberte,
438 1911 527 1970 quam
551 1893 600 1951 diu
624 1902 652 1952 te
675 1895 769 1970 ipsum
793 1898 821 1952 iu
845 1895 991 1955 Hermetis
1013 1899 1054 1954 tui
1078 1895 1159 1955 lucos
1182 1887 1329 1965 subdidisti,
1354 1896 1443 1951 tuitus
1467 1910 1499 1951 es
1523 1894 1627 1952 existi-

274 1985 433 2041 mationem
457 1989 627 2057 utcunque,⁴
647 1983 766 2057 perinde
789 2001 825 2042 ac
847 1986 870 2041 si
895 1986 924 2040 in
947 1983 1121 2041 harmonicis
1151 1986 1239 2043 scires
1267 1979 1377 2057 aliquid
1406 1981 1514 2038 certius
1537 1980 1627 2042 rebus

275 2070 499 2140 mathematicis,
523 2086 597 2143 quas
621 2072 809 2128 contemsisti.
855 2071 939 2130 Nunc
960 2081 1114 2146 postquam
1137 2071 1236 2146 prodis
1260 2073 1287 2126 iu
1311 2068 1487 2144 palaestram
1507 2068 1626 2126 matbe-

274 2160 424 2229 maricam,
445 2157 543 2214 statim
566 2157 700 2214 omnibus
724 2157 792 2216 buic
815 2159 986 2232 professioni
1009 2158 1133 2215 addictis
1156 2159 1230 2218 adeo
1254 2157 1422 2214 manifestus
1446 2172 1491 2228 es,
1523 2164 1559 2213 ut
1580 2156 1626 2211 in·
1705 2205 1709 2208 .

275 2244 392 2321 dignam
417 2259 534 2318 operam
558 2242 732 2302 clamitaturi
754 2246 821 2318 sint,
846 2262 891 2303 me
914 2248 943 2302 iu
968 2250 1002 2306 e'o
1026 2244 1140 2318 sudare,
1166 2255 1198 2304 ut
1212 2252 1240 2304 te
1258 2245 1377 2302 doceam
1393 2260 1475 2302 arma
1490 2249 1627 2315 tractare,

275 2333 382 2410 quibus
406 2348 518 2389 mecum
541 2345 661 2406 pugnes.
1278 2380 1281 2388 ,

364 2418 492 2476 Numeri
515 2434 632 2490 omnes,
665 2419 779 2492 inquis,
812 2422 930 2478 unitate
963 2422 1117 2479 commoni
1148 2424 1279 2488 oninirna
1306 2436 1451 2477 mcnnrra
1481 2424 1626 2475 utamur.

279 2504 503 2565 Consonantiae
525 2505 764 2563 denominantur·
785 2523 806 2563 a
827 2510 971 2580 numeris,
995 2526 1065 2582 erpo
1080 2511 1295 2567 amarescat-iae
1318 2507 1471 2566 communi
1494 2507 1627 2580 minimo

274 2583 420 2651 ancarano
450 2599 591 2650 utuntur.
635 2592 700 2651 Nou
731 2593 951 2666 animadvertis,
983 2603 1011 2653 te
1035 2594 1145 2671 aliquid
1176 2593 1348 2653 concludere
1377 2601 1478 2652 contra
1497 2592 1628 2666 jactatos

274 2681 328 2739 aba
353 2688 535 2751 tencteros,
560 2681 611 2755 qui
633 2683 838 2739 consonantias
861 2683 1002 2741 iecerunt
1019 2681 1332 2740 incommensurabiles.
1341 2674 1381 2758 4“’)
1425 2678 1559 2738 Hoccine
1583 2688 1627 2737 est

276 2767 423 2827 refutare?
466 2767 531 2826 Nou
560 2775 591 2824 tu
615 2766 722 2826 refutas
754 2767 860 2843 dogma
882 2770 1089 2845 geometricum
1121 2771 1155 2829 da
1179 2769 1413 2847 proportionibus
1445 2768 1628 2825 incommon-

276 2853 464 2927 amabilibus,
489 2853 540 2912 sed
565 2854 758 2930 objectionem
781 2855 875 2917 solum
899 2860 1047 2934 proponis,
1070 2876 1149 2916 nrora
1172 2858 1346 2933 disputantis
1372 2859 1399 2913 in
1419 2853 1530 2926 schola,
1555 2870 1627 2912 con-

277 2957 323 3011 ara
346 2941 456 3000 scilicet
479 2940 594 3017 dogma,
619 2942 697 3018 quod
721 2941 856 3001 concedis
880 2962 981 3003 rerum
995 2962 1068 3003 esse.
1116 2946 1192 3020 Ergo
1216 2962 1288 3020 capa
1306 2941 1543 3001 dissolutionem:
1569 2957 1626 2999 non

277 3029 343 3090 ideo
367 3030 578 3087 consonantiae
601 3038 670 3087 aunt
692 3032 811 3104 rrumeri,
835 3034 905 3106 quia
929 3031 1150 3091 denominantur
1173 3034 1347 3104 enumeris3
1369 3046 1478 3103 magua
1501 3038 1547 3087 est
1569 3027 1628 3085 dif-

273 3117 397 3175 ferentia
420 3119 494 3174 inter
517 3119 712 3192 septenarium
738 3127 766 3176 et
790 3117 960 3195 diapason,
980 3121 1054 3177 inter
1078 3122 1293 3195 quatemariunr
1317 3129 1346 3177 ct
1368 3116 1522 3192 diapente,
1553 3120 1629 3174 iuter

243 3224 250 3245 ·
274 3205 429 3262 ternarium
459 3212 488 3262 et
519 3203 716 3277 diatessaron;
746 3210 929 3280 septenarius
958 3209 1083 3265 unitates
1107 3206 1196 3265 babet
1225 3223 1325 3264 omues
1349 3204 1498 3279 ejusdcm,
1528 3212 1561 3261 ut
1584 3206 1627 3261 sic

275 3289 378 3364 dicam,
403 3293 588 3366 quantitatis,
619 3291 759 3367 diapason
783 3292 873 3351 babet
895 3293 1049 3352 intervalla
1071 3302 1183 3369 septem
1214 3292 1365 3351 dissimilia
1395 3300 1424 3349 et
1446 3289 1628 3368 inaequalia,

274 3388 374 3438 tonum
398 3380 538 3455 majorem
563 3386 619 3452 ter,
649 3381 787 3438 minorem
812 3382 869 3453 bis,
894 3381 1078 3439 semitonium
1101 3383 1156 3439 bis.
1202 3382 1262 3439 Aut
1284 3382 1308 3438 sl
1328 3378 1479 3455 juvandus
1502 3389 1549 3437 est
1572 3377 1627 3436 ad-

263 3468 437 3538 ¹cerisarios,
471 3466 628 3542 adjuvetur
650 3483 736 3525 sane:
768 3477 811 3527 est
835 3470 863 3524 in
887 3468 1060 3540 intervallo,
1094 3468 1171 3544 quod
1193 3472 1308 3544 generis
1338 3470 1481 3525 rationem
1507 3466 1627 3539 babeat,

265 3562 320 3613 'est
342 3551 421 3629 quod
445 3556 569 3629 speciei,
594 3556 771 3613 conveniunt
793 3558 881 3629 igitur
903 3556 1060 3615 intervalla
1082 3565 1194 3632 septem
1218 3574 1267 3627 eo,
1295 3554 1373 3630 quod
1397 3555 1426 3612 in
1449 3571 1555 3630 genera
1580 3556 1637 3634 in-¹

274 3639 397 3699 tornella
413 3642 563 3714 concinna,
587 3640 727 3699 dissident
744 3643 770 3698 in
788 3645 884 3718 specie
901 3645 1122 3718 quantitatibus,
1146 3646 1187 3701 uti
1206 3644 1322 3701 dictum.
1363 3641 1522 3715 'Quatenus
1540 3643 1628 3715 igitur

168 3731 171 3740 '
267 3745 334 3806 ,vox
356 3730 479 3803 generis,
503 3726 684 3800 concinnum,
708 3738 891 3804 comparatur
914 3734 1029 3803 unitati,
1054 3741 1320 3790 commensurantur
1341 3746 1413 3788 sano
1427 3727 1538 3806 (potius
1554 3746 1627 3786 cou-

273 3814 471 3893 namerantur)
495 3815 648 3874 intervalla
672 3831 808 3875 consona.
855 3817 930 3876 Nam
953 3818 1095 3894 diapason
1124 3817 1214 3877 babet
1237 3826 1347 3894 septam
1371 3819 1528 3888 concinna,
1560 3814 1627 3874 dia·

275 3908 363 3980 perite
386 3911 520 3979 quatuor,
545 3902 726 3960 diatessaron
749 3906 813 3962 tria.
861 3905 899 3962 At
923 3917 1066 3980 quatenus
1091 3906 1224 3964 differunt
1245 3906 1386 3964 concinna
1403 3903 1628 3978 quantitatibus,

274 4008 461 4067 nequaquam
492 4007 591 4048 eorrrm
623 4007 711 4048 urium
743 3993 877 4049 emetitur
906 4009 1006 4051 omues
1037 3996 1250 4051 consonantias.
1275 3991 1354 4050 1Sed
1383 3991 1477 4062 dicas,
1496 3993 1539 4048 ·si
1569 4008 1627 4048 non

274 4095 377 4149 urium,
409 4087 437 4135 at
462 4080 517 4135 tria
536 4078 658 4153 junctim
683 4087 779 4135 sumta
802 4080 973 4138 emetientur
997 4080 1120 4139 omues?
1165 4080 1275 4139 Verum
1303 4080 1360 4138 boc
1394 4095 1451 4136 non
1476 4086 1522 4136 est
1545 4095 1627 4136 com·

275 4182 453 4237 mensurare,
477 4163 528 4222 sed
553 4164 674 4223 diversis
690 4168 831 4224 mansuris
848 4170 905 4239 uti,
931 4169 1015 4243 quasi
1031 4166 1111 4226 dicas
1135 4168 1332 4226 dimensurare
1348 4165 1501 4241 quodlibet
1516 4182 1626 4225 eorum.

276 4253 390 4312 Norunt
413 4260 579 4327 geometrae
602 4250 800 4311 definitionem
824 4257 1126 4328 commensurationis,
1158 4273 1233 4331 quae
1257 4272 1344 4312 uuam
1374 4254 1468 4313 solam
1493 4267 1643 4311 commu·'

279 4358 346 4399 nem
369 4357 533 4398 mensuram
556 4342 685 4415 requirit,
709 4357 767 4398 non
792 4340 864 4399 duas
889 4344 962 4402 iuter
985 4360 1016 4401 se
1041 4342 1355 4413 incommensurabiles,
1379 4349 1412 4399 ut
1432 4339 1513 4417 quod
1528 4358 1627 4400 earum

277 4431 326 4487 uni
349 4437 394 4486 ast
417 4427 613 4505 impossibile,
637 4427 666 4485 id
689 4427 774 4487 cedat
796 4429 889 4487 alteri.
1419 4419 1428 4428 ’

362 4514 426 4573 Hoc
454 4516 542 4589 igitur
574 4513 764 4576 tbndameuto
796 4519 908 4592 po‘sito,
943 4521 1149 4576 consonantias
1179 4535 1242 4577 esse
1271 4517 1346 4576 inter
1368 4533 1400 4573 se
1423 4524 1456 4573 ut
1478 4533 1626 4590 numeros,

275 4601 402 4678 illasque
432 4605 574 4660 concinno
606 4603 760 4661 intervallo
791 4600 1051 4685 (quantocunque)
1077 4616 1114 4663 ut
1146 4623 1281 4663 rrunrcros
1311 4605 1422 4663 unitate
1455 4605 1626 4672 mensurari,

236 4690 238 4694 ‘
272 4690 334 4766 jam
357 4705 511 4767 promoves
534 4689 699 4747 machinam
723 4690 843 4748 ulterius
866 4700 895 4749 et
917 4696 987 4765 quia
1009 4694 1150 4751 rationem
1173 4695 1398 4768 consequentiae
1416 4693 1553 4767 propriae
1569 4708 1626 4749 non

255 4780 406 4851 invenis,
431 4795 490 4848 cur,
515 4779 538 4834 si
563 4780 688 4837 ruaxime
711 4778 1114 4854 probasses,·c0nsouantlas
1138 4798 1201 4839 esse
1226 4784 1298 4839 intcr
1321 4798 1351 4838 sc
1376 4779 1626 4838 commensurabi-

194 4909 197 4914 -
276 4866 328 4938 les,
353 4873 507 4940 propterca
531 4874 616 4922 tonos
639 4874 668 4922 et
691 4868 845 4923 semitonia
869 4869 966 4941 priora
991 4867 1074 4925 dicas
1098 4870 1311 4939 consonantiis,
1346 4866 1383 4925 ad
1406 4865 1626 4925 similitudinem
1702 4876 1703 4879 ’

278 4952 423 5023 conlucis:
449 4955 534 5020 neat,
558 4954 663 5028 inquis,
687 4956 792 5010 unitas
813 4954 843 5009 aa
858 4957 924 5029 ipsa
946 4962 987 5012 est
1009 4963 1036 5013 et
1047 4959 1137 5029 prior
1151 4956 1291 5015 omnibus
1308 4957 1453 5028 numeris,
1476 4957 1520 5011 sic
1534 4958 1626 5012 enam

276 5041 459 5101 concinnam
489 5042 577 5115 priua
604 5047 646 5098 ast
674 5044 887 5099 manuario.
936 5041 1024 5116 Atqui
1055 5045 1128 5100 ratio
1153 5054 1385 5119 comparatorum
1419 5050 1462 5099 ast
1485 5040 1626 5100 diversis·

274 5130 362 5187 sima:
389 5124 417 5203 l)
440 5130 554 5199 unitas,
578 5135 610 5185 ot
633 5130 743 5186 numeri
767 5145 882 5200 omnes,
907 5131 1011 5188 inentis
1035 5138 1079 5188 est
1103 5148 1191 5205 opus,
1225 5131 1398 5190 concinnum
1420 5130 1542 5204 requirit
1565 5140 1625 5188 ter-

275 5218 371 5288 minos
396 5215 469 5271 loris
499 5218 673 5273 constitutos
703 5217 731 5272 iu
760 5218 857 5290 sonis;
895 5215 925 5294 2)
949 5219 1044 5274 unitas
1075 5219 1198 5293 simplex
1222 5228 1267 5277 est
1296 5209 1331 5277 et*
1352 5219 1438 5276 unica
1467 5214 1626 5294 (quatenus

274 5304 386 5361 numeri
410 5303 438 5357 in
462 5301 609 5361 abstracto
632 5302 859 5376 considerantur,
884 5312 916 5360 ut
930 5313 1134 5378 ‚nrnnerantes3
1160 5309 1268 5383 qnippe
1285 5306 1439 5381 dequibus
1464 5314 1495 5362 tu
1520 5304 1626 5381 loque-

276 5386 336 5470 ris),
360 5390 533 5448 concinnum
556 5408 612 5448 non
637 5400 680 5448 est
703 5391 841 5466 simplex,
871 5390 1006 5450 differunt
1030 5393 1105 5450 enim
1130 5396 1147 5451 3
1173 5392 1219 5453 vel
1244 5396 1263 5450 4
1286 5396 1427 5452 concinna
1450 5397 1626 5467 quantitati-

276 5478 331 5535 bus
363 5484 392 5534 et
415 5475 552 5535 differunt
581 5495 614 5537 eo
643 5480 708 5553 ipso
731 5489 877 5554 respectu,
910 5498 969 5553 quo
992 5484 1200 5539 consonantiae
1230 5482 1258 5538 id
1282 5491 1349 5538 sunt
1377 5479 1456 5555 quod
1481 5480 1625 5539 dicuntur.

276 5563 338 5621 Nisi
363 5566 439 5622 enim
463 5568 602 5622 concinna
626 5566 805 5623 diversarum
829 5570 1025 5641 quantitatum
1048 5570 1121 5627 inter
1143 5586 1174 5626 se
1198 5570 1387 5640 misceantur,
1418 5583 1477 5625 nou
1502 5585 1626 5628 acerva·

278 5650 355 5710 bitur
382 5652 464 5710 verbi
497 5669 588 5710 causa
618 5669 654 5711 ετ
678 5654 696 5709 6
721 5651 768 5711 val
793 5658 809 5711 'l
835 5656 912 5713 tonis
935 5656 1094 5730 majoribus
1127 5656 1227 5733 aliqua
1255 5654 1626 5733 consonantissimam,
