3684 7259
691 1225 774 1281 uuor
790 1224 837 1279 rv.
858 1226 945 1295 caput
962 1223 1023 1280 vn.
1465 1222 1526 1284 aaa
1569 1207 1574 1214 ’

179 1404 303 1462 animae.
350 1404 387 1462 Et
411 1405 555 1476 vicissim,
592 1422 657 1463 cum
680 1406 779 1463 anima
810 1406 838 1462 in
869 1408 966 1464 omnia
998 1400 1160 1481 superficiei
1189 1399 1318 1475 corporis
1347 1399 1393 1457 sui
1420 1403 1530 1475 puncta
1591 1432 1594 1438 ·

178 1490 262 1550 lineis
286 1490 406 1549 infinitis
429 1501 514 1549 exeat
538 1493 642 1564 (instar
664 1491 811 1552 radiorum
834 1492 926 1566 Solis,
958 1494 1028 1567 quia
1050 1499 1079 1548 et
1105 1491 1169 1566 ipsa
1191 1486 1241 1545 lux
1265 1485 1410 1562 quaedam
1434 1493 1478 1544 est
1501 1489 1531 1543 ei

178 1580 298 1654 spiritus
322 1578 573 1655 vulgocelebrati
598 1577 732 1637 videntur
754 1578 825 1637 nibil
848 1578 929 1649 aliud
952 1596 1029 1651 esse,
1064 1595 1150 1654 quam
1178 1574 1207 1632 bi
1236 1574 1309 1632 radii
1337 1572 1477 1632 rectllinei
1502 1569 1532 1631 el

178 1665 234 1724 hae
258 1668 372 1724 animae
396 1660 540 1746 species):
575 1682 634 1724 uua
656 1675 751 1725 umen
776 1666 840 1725 sola
861 1666 941 1726 linea
964 1684 999 1725 ex
1023 1665 1157 1724 omnibus
1181 1670 1243 1735 cst,
1275 1678 1350 1736 quae
1374 1679 1408 1719 ex
1433 1667 1531 1718 centro
1564 1694 1567 1697 -

179 1756 207 1811 in
233 1752 303 1810 illud
327 1752 491 1830 superficiei
513 1763 652 1830 punctum
676 1754 792 1823 tendat,
825 1754 903 1830 quod
934 1755 1033 1813 seritur
1056 1771 1074 1811 a
1096 1751 1234 1829 planetae
1257 1747 1307 1808 illo
1331 1750 1416 1809 unico
1439 1745 1532 1823 radio,
1559 1806 1562 1814 ,

180 1842 230 1917 qui
256 1858 357 1899 versus
380 1839 478 1899 sedem
501 1843 616 1902 animae
639 1841 740 1900 tendit.
785 1841 934 1901 Ponamus
958 1844 1061 1919 igitur,
1094 1841 1121 1897 in
1146 1839 1201 1898 hoc
1231 1836 1388 1895 consistere
1403 1850 1533 1911 percep·

180 1931 288 1986 tionem
313 1931 398 1985 unius
420 1927 557 2004 planetae
579 1927 742 2004 radiorum,
774 1929 893 2005 quando
925 1929 1013 2005 hujus
1035 1920 1167 1987 incursus
1190 1931 1219 1984 et
1243 1922 1320 1982 illius
1344 1913 1486 1983 occur'sbs¹
1504 1923 1531 1976 in

180 2033 268 2073 unam
291 2015 397 2074 lineam
420 2027 527 2075 rectam
550 2019 756 2092 geometricam
781 2026 959 2092 congruunt,
984 2013 1117 2092 exemplo
1140 2013 1260 2071 visionis
1275 2010 1433 2080 simillimo,
1457 2024 1533 2084 quae

180 2106 209 2160 in
233 2103 297 2161 solo
321 2112 350 2161 et
374 2106 459 2161 unico
482 2103 733 2181 perpendiculari,
758 2104 854 2164 medio
878 2107 968 2163 totius
991 2104 1068 2162 oculi
1090 2093 1190 2174 rad‘ro,
1214 2107 1258 2158 est
1280 2097 1408 2175 perlecta
1431 2104 1460 2154 et
1483 2112 1534 2154 ac-

181 2201 290 2250 curata.
334 2190 483 2249 l'ouamus
507 2202 536 2249 et
558 2192 621 2265 hoc,
656 2191 735 2267 quod
759 2194 787 2248 in
813 2192 971 2268 Dioptricis
993 2207 1075 2268 prop.
1099 2190 1149 2247 45.
1174 2196 1205 2246 ut
1227 2184 1374 2263 singulare
1398 2200 1535 2243 arcanum

181 2281 349 2338 sensionum
374 2282 502 2336 omnium
525 2278 680 2353 inculcavi,
703 2277 815 2337 nullam
837 2280 899 2337 fieri
921 2279 1088 2339 sensionem
1110 2278 1152 2335 rei
1175 2281 1326 2345 externae,
1350 2274 1406 2330 nisi
1428 2277 1535 2346 quate-

183 2384 236 2424 nus
260 2384 296 2425 ea
318 2383 349 2424 re
372 2368 534 2423 sensorium
557 2369 780 2425 instrumentum
803 2366 955 2438 afficiatur.
1002 2366 1109 2426 Anima
1135 2365 1211 2424 enim
1234 2378 1285 2439 per
1307 2361 1373 2418 illos
1398 2374 1536 2419 excursus

181 2456 344 2530 specierum
366 2456 411 2510 sui
434 2453 522 2511 fidam
545 2454 635 2512 babet
665 2456 799 2513 notitiam
823 2458 951 2513 ominum
983 2454 1178 2512 membrorum
1200 2450 1329 2527 corporis
1349 2448 1395 2505 sui
1419 2462 1536 2505 eorum-

183 2559 249 2617 que,
273 2558 349 2616 quae
374 2544 402 2598 in
425 2540 540 2600 illorum
565 2558 742 2617 unoquoque
772 2557 850 2600 nova
880 2542 952 2600 liunt
977 2544 1081 2617 quovis
1111 2537 1250 2615 tempore.
1297 2534 1410 2611 Quibus
1433 2533 1537 2612 positis

182 2632 331 2704 sequitur,
355 2638 386 2685 ut
409 2629 433 2686 si
456 2628 507 2687 liat
530 2647 547 2686 a
570 2630 691 2706 planeta
713 2628 780 2687 talis
803 2631 955 2705 impressio
979 2632 1007 2687 in
1031 2625 1152 2704 aliquod
1175 2627 1315 2704 punctum
1336 2625 1427 2697 aeris,
1462 2627 1545 2696 quae‘

183 2734 241 2773 non
267 2715 366 2773 tendat
391 2733 491 2774 versus
514 2716 613 2774 sedem
636 2718 763 2789 animae,
795 2715 848 2785 aed
875 2726 990 2795 praeter
1020 2709 1116 2791 illam,
1148 2713 1185 2773 ad
1216 2712 1310 2786 latus,
1339 2712 1438 2769 anima
1460 2706 1538 2767 illius

184 2803 301 2880 quidem
325 2806 424 2878 puncti
448 2804 490 2860 sic
512 2804 606 2864 allecti
630 2806 756 2881 speciem
778 2820 828 2881 per
851 2821 921 2864 suae
952 2805 1061 2880 speciei
1088 2818 1236 2863 recursum
1259 2799 1401 2874 excipiat,
1432 2795 1484 2856 sed
1507 2800 1541 2853 ut
1629 2823 1632 2831 ·

186 2909 247 2948 rem
269 2889 352 2947 nilrili
376 2889 550 2967 vilipendat:
581 2893 625 2949 sin
649 2900 747 2949 autem
770 2894 797 2948 in
822 2889 942 2966 aliquod
964 2890 1127 2967 superficiei
1150 2890 1224 2949 a'e'rls
1249 2893 1385 2965 punctum
1410 2884 1461 2943 fiat
1484 2884 1541 2940 im·

188 2980 299 3053 pressio
322 2977 398 3051 talis,
423 2995 498 3053 quae
521 2977 622 3037 tendat
645 2994 745 3037 versus
768 2981 883 3038 animae
900 2978 1009 3050 sedem,
1034 2981 1122 3038 etiam
1144 2975 1201 3036 boo
1223 2982 1362 3053 punctum
1385 2974 1427 3030 sic
1450 2970 1540 3029 affec·

188 3077 251 3123 tum
274 3066 389 3124 animae
412 3067 564 3145 nuncietur
587 3074 616 3124 et
638 3065 711 3125 haec
728 3056 831 3126 'sensio
859 3074 891 3124 ut
920 3067 958 3125 ad
982 3068 1109 3126 animam
1131 3055 1279 3141 'pertinens
1303 3061 1489 3131 aestimetur,
1521 3074 1540 3115 a
1563 3136 1566 3142 .

188 3155 293 3212 ceteris
317 3151 525 3228 distinguatur,
555 3170 650 3229 eoque
672 3155 700 3210 in
725 3152 775 3212 illo
798 3153 862 3213 solo
887 3161 993 3230 puncto
1017 3156 1116 3213 anima
1137 3150 1253 3211 stellam
1276 3150 1332 3208 sibi
1355 3148 1539 3222 imaginetur,

189 3243 217 3297 in
243 3242 347 3299 ceteris
365 3240 427 3316 jam
451 3240 534 3299 dictis
557 3242 684 3300 minime.
721 3243 864 3300 Actuatur
886 3259 913 3300 n.
939 3250 968 3300 et
991 3240 1082 3301 veluti
1105 3239 1283 3298 illuminatur
1305 3234 1403 3294 radius
1426 3235 1541 3293 animae

190 3347 208 3387 a
230 3327 314 3385 radio
337 3327 449 3401 stellae,
472 3331 502 3385 in
526 3327 648 3387 eandem
670 3334 779 3388 rectam
801 3337 990 3409 congruente,
1011 3330 1096 3388 sicuti
1119 3335 1253 3387 actuatur
1275 3322 1355 3384 color
1376 3338 1470 3381 rerum
1494 3319 1542 3379 vi-

191 3414 322 3473 sibilium
346 3432 365 3473 a
386 3414 461 3475 lucis
483 3414 621 3486 adventu,
646 3423 675 3474 et
696 3418 773 3475 sicut
796 3424 930 3477 aetuatur
952 3418 1045 3490 visio,
1069 3433 1134 3475 cum
1157 3430 1210 3474 nos
1234 3410 1399 3488 colligimus
1422 3416 1452 3469 et
1473 3421 1542 3484 per·

192 3501 347 3579 pendimus
377 3519 432 3562 uos
455 3502 563 3562 videre.
594 3502 674 3561 ,Hoc
698 3520 762 3561 cum
786 3506 828 3562 sic
850 3504 960 3563 habeat
982 3521 1041 3563 nou
1064 3506 1093 3561 in
1117 3519 1176 3561 uno
1199 3508 1331 3572 tantum,
1366 3494 1418 3556 sed
1451 3504 1480 3555 et
1513 3495 1543 3551 in

193 3590 308 3650 duobus
330 3588 467 3666 planetis,
490 3590 550 3649 duo
573 3592 661 3650 etiam
683 3593 768 3667 signa
789 3593 918 3652 inveniet
940 3593 1039 3650 anima
1062 3592 1090 3648 in
1115 3588 1230 3649 duabus
1253 3588 1385 3665 partibus
1408 3584 1454 3643 sui
1478 3598 1543 3641 cor·

193 3679 293 3755 poris,
316 3679 381 3738 sire
398 3677 463 3754 jam
485 3677 640 3736 rotundum
665 3680 703 3736 sit
726 3678 789 3754 ejus
813 3696 927 3756 corpus,
951 3680 1013 3739 sire
1036 3676 1192 3754 inaequale
1215 3682 1245 3735 et
1267 3690 1422 3751 asperum,
1446 3671 1544 3730 anima

193 3764 265 3823 illud
290 3767 319 3821 in
342 3761 485 3844 sphaerae
507 3765 628 3825 modum
656 3766 712 3825 sibi
735 3769 763 3823 in
787 3783 846 3825 uno
876 3773 985 3844 puncto
1008 3766 1120 3827 sedenti
1144 3763 1359 3840 circumjectum
1383 3758 1473 3817 habet
1494 3773 1544 3815 ra-

195 3852 310 3929 diisque
341 3867 393 3911 seu
420 3854 575 3929 speciebus
603 3856 648 3913 sui
678 3854 891 3928 immaterialis,
924 3862 976 3914 aut
998 3862 1030 3913 ut
1060 3853 1121 3926 alii,
1153 3852 1267 3914 actibus
1296 3846 1431 3910 secundis
1454 3844 1490 3903 de
1512 3859 1545 3902 se

195 3942 301 3998 circum
331 3942 444 3998 emissis
479 3943 607 4015 exspirat
635 3940 727 4000 veluti
753 3942 913 4019 perlectum
931 3940 1145 4018 sphaericum,
1177 3955 1330 4015 quousque
1345 3950 1450 4011 corpus
1481 3928 1545 4005 ejus

194 4036 287 4105 patet,
311 4044 405 4102 eoque
428 4026 499 4085 illud
523 4028 560 4087 ad
577 4028 672 4087 ideam
695 4030 794 4088 circuli
809 4036 839 4088 et
854 4029 972 4105 quidem
988 4029 1101 4089 zodiaci
1117 4025 1225 4100 circuli,
1249 4028 1326 4084 circa
1339 4040 1423 4082 suam
1446 4016 1551 4078 sedem

196 4124 226 4174 ut
251 4123 380 4173 centmm
404 4114 549 4191 descripti,
573 4118 720 4176 examinat
742 4127 771 4176 et
791 4124 890 4194 partes
912 4113 976 4199 qus
999 4117 1196 4176 interstinctas
1221 4112 1377 4171 dimetitur.
1424 4106 1470 4166 lta
1491 4119 1545 4163 ue·

197 4220 253 4278 quc
275 4201 396 4260 Terram
419 4219 493 4278 opus
516 4212 560 4262 est
581 4202 740 4263 concedere
762 4203 940 4280 pellucidam
963 4222 1055 4281 usque
1078 4202 1116 4262 ad
1139 4210 1278 4276 centrum,
1301 4214 1395 4275 neque
1419 4195 1546 4253 animam

197 4292 275 4349 exire
299 4307 391 4366 usque
414 4289 452 4348 ad
474 4289 587 4366 sidera,
609 4291 701 4351 nihilo
724 4301 821 4352 tamen
844 4294 940 4352 minua
962 4292 1067 4352 modus
1090 4298 1181 4369 patet,
1204 4305 1262 4365 quo
1285 4284 1547 4362 configurationum

197 4375 298 4454 anguli
319 4378 481 4437 sentiantur
503 4379 541 4437 ab
563 4381 671 4438 anima.

283 4462 349 4523 Hac
371 4463 489 4540 quidem
511 4469 712 4542 suppositione
736 4466 937 4525 dissolvuntur
959 4466 1057 4526 omnia
1079 4472 1260 4541 argumenta,
1284 4478 1360 4540 quae
1376 4452 1464 4536 Picus
1487 4454 1547 4516 bu·

198 4549 377 4611 randulanus
400 4551 437 4611 ad
460 4554 645 4613 evertendam
669 4554 828 4614 doctrinam
852 4554 887 4614 de
911 4554 1165 4630 conjunctionibus
1188 4553 1302 4629 magnis
1326 4550 1420 4625 deque
1443 4562 1548 4623 aspec-
1599 4576 1602 4580 ·

199 4641 276 4698 tibus
300 4639 406 4713 attulit.
430 4639 514 4698 Nam·
529 4643 598 4716 quia
620 4643 717 4701 anima
740 4643 837 4701 omnia
851 4640 951 4700 mundi
969 4657 1091 4718 corpora
1114 4642 1191 4701 cirea
1213 4657 1284 4699 suae
1307 4637 1385 4697 sedis
1409 4640 1548 4713 punctum

199 4726 328 4803 disponit
351 4722 570 4809 (imaginando)
594 4729 623 4787 in
646 4731 767 4788 formam
789 4729 952 4806 sphaerici,
985 4744 1086 4788 omnes
1108 4728 1241 4806 planetas
1270 4728 1300 4785 in
1322 4727 1416 4785 forma
1438 4718 1548 4795 circuli,

199 4813 286 4890 idque
309 4814 375 4891 lege
398 4824 549 4889 rectarum,
579 4834 613 4875 ex
636 4834 696 4876 uno
717 4825 826 4893 puncto
851 4814 1030 4891 educturum,
1060 4816 1133 4874 nihil
1162 4816 1249 4893 igitur
1277 4816 1411 4886 interest,
1443 4823 1550 4885 magna
1605 4801 1608 4808 ’

199 4901 286 4961 stella
308 4904 347 4971 sit
368 4919 405 4964 an
428 4921 533 4979 parva,
557 4903 681 4963 multum
702 4922 740 4963 an
764 4923 865 4982 pamm
886 4906 998 4965 itineris
1020 4906 1050 4962 iu
1073 4902 1155 4964 coelo
1178 4901 1328 4980 conficiat,
1358 4898 1418 4958 alta
1442 4914 1480 4956 an

200 4993 266 5050 cina
289 4988 386 5050 Terris
408 4993 454 5049 sit
499 4990 581 5051 Haec
604 4994 680 5050 enim
703 4994 801 5052 omnia
823 4994 866 5054 sic
888 5000 1008 5054 movent
1024 4993 1160 5066 animam,
1183 4992 1227 5048 uti
1248 4988 1459 5067 percipiuntur3
1482 4976 1565 5060 per-⁸

201 5079 347 5156 cipiuntur
376 5086 474 5138 autem
502 5078 604 5139 iisdem
634 5078 763 5156 legibus,
794 5082 902 5154 quibus
931 5090 960 5141 et
989 5097 1008 5139 a
1034 5080 1120 5139 nobis
1143 5076 1294 5150 ridentur,
1325 5091 1365 5135 sc.
1390 5088 1490 5133 omnes
1517 5074 1574 5128 ut·

201 5164 350 5242 aequealti
372 5175 401 5225 et
423 5175 455 5224 ut
477 5176 558 5225 motu
581 5167 709 5226 secundo
733 5175 873 5241 carentes,
896 5176 979 5227 motu
1001 5182 1071 5227 vero
1091 5166 1186 5248 primo
1209 5162 1312 5223 diurno
1335 5159 1548 5244 aequeoeleres,
1589 5226 1592 5232 ¹

200 5271 255 5313 nec
277 5270 383 5330 magno
407 5257 581 5329 quantitatis
607 5254 795 5332 aspectabilis
827 5255 1000 5314 discrimine.
1046 5252 1165 5325 Cetera,
1200 5268 1277 5327 quae
1307 5249 1345 5309 ad
1367 5248 1431 5308 Pici
1461 5259 1552 5321 argu·

201 5348 300 5401 menta
322 5341 489 5419 responderi
504 5351 636 5419 possunt,
657 5343 772 5417 require
794 5333 859 5402 loco
881 5359 970 5419 saepe
986 5339 1113 5416 allegato
1129 5339 1195 5398 libri
1217 5340 1275 5398 mei
1297 5336 1333 5397 de
1349 5333 1441 5396 Stella
1455 5332 1551 5393 Nova.
1605 5349 1608 5355 ·

202 5429 281 5489 Satis
303 5432 333 5489 in
354 5447 492 5508 praesens
515 5430 551 5489 de
574 5431 671 5489 anima
693 5428 809 5503 Terrae,
835 5446 922 5504 quam
945 5434 1078 5487 natruam
1102 5426 1289 5486 sublunarem
1313 5424 1420 5483 dicunt

291 5515 437 5594 Quicquid
460 5518 600 5577 haetenus
624 5516 659 5578 de
688 5518 785 5576 anima
806 5514 933 5575 Telluris
951 5522 1000 5574 >est
1023 5514 1149 5590 dictum,
1180 5512 1211 5572 id
1242 5511 1374 5573 similiter
1403 5501 1552 5569 etiamad

203 5604 358 5666 facultates
381 5607 496 5665 animae
519 5605 663 5665 humanae
686 5604 827 5683 applicari
849 5609 963 5680 potest3
990 5601 1131 5679 pleraque
1155 5610 1253 5663 umen
1276 5602 1304 5659 in
1328 5598 1374 5658 his
1397 5602 1465 5655 sunt
1487 5593 1553 5654 erl·

204 5694 338 5754 deutiora
360 5702 500 5770 tantoque
525 5695 618 5771 magis
641 5691 828 5772 multiplicia,
857 5699 968 5769 quanto
997 5708 1085 5767 quam
1116 5687 1168 5752 illa
1195 5688 1328 5778 pluribus
1349 5685 1457 5745 muniis
1479 5683 1553 5743 istae

1328 5790 1397 5851 1⁷*
