3684 7259
295 1201 359 1266 sto
490 1260 493 1266 ,
810 1196 960 1253 Ptolemaei
977 1196 1134 1252 samona

295 1380 526 1451 remittuntnrve,
549 1376 727 1453 seligemus3
751 1393 875 1453 eumque
897 1376 1017 1453 plancta
1039 1386 1068 1435 et
1089 1378 1213 1453 primum
1237 1379 1336 1437 orbem
1359 1379 1468 1438 haheat
1490 1386 1520 1437 et
1542 1378 1647 1436 subor-

296 1466 428 1538 dinatos‚
457 1475 587 1542 systema
609 1482 678 1523 vero
702 1474 731 1523 et
753 1465 874 1523 stabiles
898 1465 991 1523 dictos
1025 1481 1113 1522 sonos
1136 1477 1164 1523 et
1187 1466 1329 1529 mobiles:
1359 1466 1479 1526 stabiles
1511 1465 1647 1541 equidem

296 1554 530 1632 comparabimus
552 1555 652 1629 primis
675 1553 811 1630 orbibus,
845 1551 969 1611 mobiles
996 1552 1111 1609 circulis
1134 1552 1351 1626 subordinatis3
1384 1555 1461 1612 sictu
1483 1556 1560 1611 enim
1583 1570 1648 1611 mo·

295 1641 371 1701 biles
393 1642 456 1700 soni
480 1650 549 1698 sunt
570 1650 688 1717 propter
710 1657 818 1714 genera
840 1649 960 1711 cantus,
993 1641 1035 1697 sic
1059 1640 1097 1696 oh
1119 1638 1149 1695 id
1172 1642 1277 1716 ipsum,
1301 1648 1334 1698 ut
1355 1640 1492 1717 planetae
1516 1641 1588 1698 fiant
1611 1659 1646 1699 ex

296 1727 446 1788 altissimis
469 1726 637 1799 humillimi,
660 1728 779 1785 orbibus
803 1726 868 1785 aliis
892 1744 966 1803 opus
989 1735 1033 1784 est
1055 1736 1085 1784 et
1106 1735 1187 1784 motn
1210 1745 1262 1803 per
1284 1746 1335 1786 eos
1358 1730 1446 1803 inque
1468 1737 1567 1805 partes
1591 1730 1648 1785 cir·

296 1816 428 1875 culorum
452 1817 611 1890 oppositas.
644 1815 680 1872 Et
703 1813 812 1873 dictum
835 1825 880 1872 eat
902 1830 999 1888 supra,
1024 1816 1078 1871 tria
1101 1831 1208 1888 genera
1231 1827 1334 1873 cautus
1358 1816 1533 1891 respondere
1557 1816 1648 1873 tribus

296 1902 515 1963 intervallorum
538 1911 729 1978 motuumque
751 1903 908 1977 generibus
920 1898 997 1976 vul).

383 1989 421 2048 Et
442 1994 553 2066 primae
576 1988 693 2064 quidem
716 1990 773 2048 hoc
795 2000 881 2064 pacto
905 1988 1015 2048 electae
1030 1988 1173 2064 sphaerae
1196 2001 1263 2047 sunt
1283 1991 1375 2049 istae:
1400 1990 1528 2061 Saturni,
1551 1988 1648 2059 Jovis,

297 2077 416 2150 blattis,
439 2076 534 2148 Solis,
559 2076 699 2148 Veneris,
722 2075 873 2148 Mercurii,
903 2075 1015 2134 Lunae.
1060 2075 1190 2135 Primum
1213 2080 1289 2135 enim
1312 2077 1421 2136 mobile
1443 2095 1502 2135 nou
1525 2077 1650 2155 sphaera

296 2168 326 2226 ia
348 2163 475 2236 mundo,
506 2163 558 2221 sed
581 2164 707 2222 mundus
730 2165 793 2241 ipsc
816 2172 859 2221 est
881 2172 1037 2239 motusque
1060 2164 1124 2237 ejus
1147 2166 1251 2223 ceteris
1273 2166 1410 2223 omnibns
1432 2167 1595 2223 communis
1620 2174 1649 2222 et

297 2256 327 2312 in
349 2250 468 2329 plagam
491 2253 665 2310 contrariam
687 2254 744 2323 eis,
769 2268 843 2326 quos
863 2251 927 2325 jam
950 2250 1186 2323 eoruidcramns,
1217 2269 1270 2310 nec
1292 2251 1467 2327 peculiarem
1491 2252 1649 2328 planetam,

297 2339 349 2401 sed
372 2338 512 2397 mundum
534 2340 629 2415 ipsum
645 2337 735 2410 vehit,
758 2355 812 2397 nee
835 2340 930 2412 magis
952 2341 1148 2396 innumerum
1171 2341 1329 2414 primarum
1344 2339 1534 2415 sphaeramm
1551 2341 1650 2397 vestire

298 2427 394 2500 debet,
417 2443 505 2501 quam
528 2433 621 2485 totum
643 2434 775 2502 systema
798 2428 826 2482 in
849 2443 1001 2483 numemm
1018 2443 1136 2483 suarum
1159 2426 1330 2485 chordarum
1340 2424 1393 2506 ¹¹).
1418 2428 1556 2485 Fixarum
1580 2444 1650 2484 vero

297 2515 423 2591 sphaera
449 2515 504 2572 etsi
535 2520 564 2571 et
593 2512 658 2589 ipsa
684 2521 819 2572 movetur
850 2515 878 2568 in
907 2513 1029 2571 eandem
1061 2512 1178 2588 plagam
1208 2514 1354 2572 cumillis
1377 2523 1488 2590 septem
1513 2524 1651 2589 etsnper

297 2602 401 2661 iisdem
424 2599 554 2674 signiferi
577 2599 668 2677 polis,
700 2610 796 2659 motus
819 2609 916 2657 tamen
949 2599 1158 2659 inobservabiii
1186 2600 1358 2661 lentitudine
1380 2613 1582 2676 astrorumque
1604 2603 1651 2656 in·

298 2688 472 2748 numerabili
495 2686 680 2746 multitudiue
703 2687 859 2765 plurimum
883 2686 978 2746 differt
1000 2707 1019 2745 a
1043 2690 1146 2746 ceteris
1174 2697 1276 2763 estque
1299 2688 1396 2747 aliena
1418 2691 1456 2748 ab
1479 2689 1536 2747 hoc
1560 2705 1651 2762 nego·

300 2778 351 2849 tio,
375 2784 409 2833 ut
430 2777 574 2834 neminem
599 2776 726 2833 futurum
749 2777 921 2848 existimem,
946 2777 996 2850 qui
1012 2773 1094 2832 illum
1109 2777 1247 2833 extimum
1263 2776 1301 2833 ad
1319 2780 1413 2835 visum
1436 2779 1526 2835 totius
1549 2774 1647 2832 rnuudi

298 2865 439 2941 parictem
472 2864 501 2919 in
532 2862 607 2921 hanc
638 2861 900 2921 considerationem
930 2871 1007 2921 recte
1031 2864 1117 2921 inseri
1148 2861 1321 2922 contendere
1353 2861 1478 2940 veut-i).
1531 2862 1649 2920 Habeat

299 2953 389 3027 igitur
411 2967 476 3009 sese
498 2951 586 3009 etiarn
609 2950 683 3008 haec
705 2950 827 3008 fixarum
849 2949 975 3025 sphaera
990 2951 1021 3006 in
1041 2950 1140 3008 ordine
1164 2950 1202 3009 ad
1218 2959 1339 3022 ceteras,
1363 2962 1395 3008 ut
1417 2970 1449 3010 se
1471 2952 1561 3010 habet
1583 2967 1650 3025 por-

298 3039 406 3098 lectum
428 3045 558 3113 systema
580 3036 619 3095 ad
641 3053 730 3096 sonos
752 3054 840 3095 suos:
869 3047 901 3095 ut
923 3039 999 3095 sicut
1023 3037 1078 3095 hoc
1102 3050 1144 3096 est
1168 3036 1314 3110 quaedem
1344 3040 1435 3097 veluti
1458 3039 1650 3097 consonantia

300 3126 555 3186 consonantiarum
579 3137 608 3182 et
630 3142 720 3183 sonus
735 3141 882 3194 sonorum,
906 3126 949 3182 sic
964 3126 1051 3181 etiam
1067 3125 1187 3182 tixarnm
1210 3124 1334 3200 sphaera
1356 3129 1392 3182 sit
1415 3124 1505 3183 veluti
1527 3125 1651 3201 sphaera

299 3213 505 3291 sphaeram,
536 3215 706 3289 praesertim
738 3229 804 3270 cum
832 3228 967 3287 apogaea
998 3213 1164 3286 limitesque
1193 3221 1352 3270 ceterarum
1382 3230 1487 3271 secum¹
1510 3221 1650 3287 perpetuo

300 3298 496 3360 circumducat
512 3296 566 3376 Χῖ).
1543 3299 1548 3317 ’

387 3387 550 3444 Primatum
573 3388 663 3461 igitur
685 3385 875 3461 sphaerarum
898 3388 927 3441 iu
951 3383 1059 3444 mundo
1088 3395 1198 3462 septem
1222 3397 1308 3446 snut.
1339 3387 1487 3445 stabilium
1516 3402 1652 3444 sonorum

301 3476 331 3531 in
352 3474 481 3549 perfecto
503 3481 663 3550 systemate
686 3472 787 3532 itidem
809 3480 921 3547 septem
942 3490 1032 3548 snpra
1045 3475 1251 3532 suntiuventi:
1279 3477 1310 3546 l)
1333 3475 1651 3549 proslambanomenos,

302 3559 333 3640 2)
348 3561 458 3638 hypate
481 3560 621 3638 hypaton,
645 3558 677 3636 3)
691 3559 800 3637 hypate
823 3576 934 3631 meson,
958 3563 992 3631 4)
1015 3578 1103 3631 mese,
1129 3558 1158 3638 5)
1182 3578 1342 3637 paramese,
1368 3564 1399 3638 6)
1422 3570 1489 3620 oete
1513 3560 1652 3635 diezeug-

301 3665 423 3720 menon,
440 3645 489 3726 ·7)
518 3651 585 3726 ntae
614 3647 843 3724 hyperbolaeon.
897 3648 939 3704 Ex
971 3649 1007 3704 iis
1038 3664 1107 3706 vero
1137 3648 1253 3706 Saturni
1280 3648 1405 3724 sphaera
1435 3649 1652 3724 comparabitur

301 3734 605 3813 proslambanomene.
651 3735 726 3793 Nam
758 3744 786 3794 et
812 3734 867 3793 ilie
893 3733 1075 3810 planetamm
1105 3736 1267 3793 altissimus
1296 3745 1341 3794 est
1363 3744 1392 3794 et
1414 3735 1488 3795 haec
1510 3734 1653 3793 altissima

303 3821 519 3902 quodammodo
543 3823 655 3895 dieitur,
679 3824 796 3898 quippe,
821 3829 855 3880 ut
868 3822 977 3881 indicat
991 3838 1107 3894 nomen,
1131 3824 1218 3881 altior
1233 3832 1363 3881 assumta
1385 3841 1474 3899 snpra
1488 3840 1653 3898 supremam

302 3928 503 3987 supremarum
519 3906 589 3991 ¹¹¹).
634 3910 749 3968 Deinde
773 3908 891 3967 Saturni
913 3909 1039 3985 sphaera
1062 3910 1100 3967 oh
1123 3910 1152 3967 id
1184 3914 1293 3986 ipsum,
1326 3913 1396 3985 quia
1418 3909 1579 3981 altissima,
1610 3918 1653 3969 est

301 4001 390 4059 mam
414 4001 542 4057 omniunt
565 3998 693 4055 maxima
715 4014 767 4056 seu
790 3997 979 4072 amplissima,
1003 3996 1176 4055 diametrum
1200 3999 1311 4057 habens
1335 3998 1544 4071 longissimam,
1568 4014 1655 4073 pros·

302 4086 542 4145 lambauomeuos
566 4102 645 4155 vero,
669 4087 739 4159 qnia
761 4086 967 4159 gravissimum
989 4083 1049 4142 edit
1071 4085 1207 4156 sonitum,
1231 4085 1403 4160 longissima
1425 4083 1559 4143 similiter
1583 4101 1654 4142 cou-

303 4176 434 4246 stituitur
455 4190 507 4249 per
530 4172 705 4231 divisionem
728 4171 927 4232 monochordi.
974 4170 1165 4230 Econtrario
1191 4172 1290 4231 Lunae
1322 4172 1447 4250 sphaera
1470 4181 1655 4246 comparatur

307 4279 373 4321 cum
395 4268 463 4320 nete
484 4258 721 4337 hyperbolaeon:
746 4276 813 4317 nam
836 4266 865 4317 et
888 4258 972 4317 Luna
995 4261 1123 4317 omnium
1147 4259 1330 4335 planetarum
1353 4258 1516 4318 humillima
1539 4261 1666 4327 invenis

304 4357 351 4408 tur
373 4358 403 4407 et
424 4347 537 4421 ultima,
561 4350 671 4423 quippe
691 4364 756 4405 cum
779 4355 877 4422 tegere
899 4345 993 4405 soleat
1016 4362 1117 4404 omnes
1139 4347 1280 4423 planetas,
1307 4355 1335 4405 et
1358 4349 1454 4423 ipsum
1476 4347 1655 4405 vocabulum

304 4444 370 4496 nete
393 4435 527 4493 ultimum
554 4441 640 4492 sonat
668 4434 815 4508 talemque
838 4434 867 4490 iu
897 4434 1097 4505 instrumento,
1120 4433 1157 4492 ad
1180 4433 1364 4510 psallendum
1388 4434 1545 4510 applicato,
1569 4436 1655 4492 situm

303 4523 402 4583 habet.
420 4522 600 4598 insuperque
616 4521 742 4597 sphaera
758 4521 866 4593 Lunae,
881 4521 951 4596 quia
967 4520 1131 4579 humillima
1145 4533 1190 4580 est
1202 4531 1231 4580 et
1247 4522 1463 4597 angustissima,
1479 4520 1652 4580 diametrum

304 4612 416 4671 habeus
439 4610 652 4678 brevissimam,
676 4618 741 4667 nete
766 4626 846 4681 reto,
870 4625 936 4666 cnm
959 4626 1062 4667 sonum
1086 4607 1155 4667 edat
1178 4611 1387 4681 acutissimum,
1412 4610 1615 4667 brevissimam
1636 4627 1654 4666 a

306 4697 450 4757 divisione
473 4695 662 4755 monochordi
686 4698 862 4755 nanciscitur
876 4696 1099 4772 longitudinem.
1135 4696 1278 4755 Extremis
1301 4700 1439 4756 connexis
1463 4698 1537 4754 iuter
1551 4714 1583 4754 se
1606 4713 1655 4772 per

304 4783 543 4845 assimilationem
559 4786 698 4859 seqnitur,
717 4783 952 4842 intermediorum
968 4782 1149 4860 planetarum
1170 4785 1310 4859 sphaeras
1326 4783 1364 4841 ad
1380 4782 1569 4842 intermedias
1585 4800 1656 4841 con·

305 4889 408 4949 gruere
424 4871 562 4931 chordas:
586 4870 684 4943 Jovis,
708 4871 834 4930 Saturno
849 4871 974 4946 proximi
990 4868 1081 4950 (quod
1105 4870 1224 4929 tarditas
1248 4871 1357 4929 reditus
1379 4874 1513 4946 proxima
1530 4869 1655 4929 Satnmo

305 4956 436 5037 indicat),
459 4958 496 5017 ad
513 4959 644 5035 hypaten
660 4959 800 5036 hypaton,
825 4958 938 5030 Martis,
961 4959 1010 5034 qui
1027 4956 1136 5016 lovem
1150 4966 1248 5033 tegere
1265 4968 1294 5017 et
1309 4961 1351 5017 sic
1373 4975 1408 5017 eo
1432 4957 1571 5015 humilior
1593 4975 1655 5016 esse

307 5045 540 5124 deprehenditur,
565 5045 601 5104 ad
627 5045 758 5122 hypaten
781 5062 890 5116 meson,
914 5045 992 5104 Solis
1015 5044 1052 5103 ad
1075 5063 1182 5117 mesen,
1207 5046 1340 5118 Veneris,
1363 5062 1441 5120 qnae
1463 5045 1564 5103 Solem
1587 5061 1656 5120 pro·

305 5136 382 5196 xime
397 5135 536 5209 sequitur,
554 5132 666 5193 indicio
683 5131 758 5193 tardi
773 5135 819 5192 sui
834 5131 944 5191 reditus
959 5135 987 5189 in
1003 5132 1144 5208 epicyclo,
1161 5133 1198 5191 ad
1213 5150 1392 5209 paramesen,
1409 5132 1557 5205 Mercurii,
1574 5133 1656 5207 cnjus

305 5222 415 5282 reditus
438 5224 466 5278 iu
490 5221 622 5299 epicyclo
648 5221 779 5281 velocior
800 5237 895 5295 eoque
925 5220 1051 5295 sphaera
1077 5219 1213 5279 humilior
1243 5231 1273 5280 et
1301 5219 1477 5296 penultima,
1509 5218 1548 5278 ad
1571 5228 1656 5279 neten

306 5308 545 5385 diezeugmenon.

394 5396 588 5455 Confirmatur
617 5395 689 5454 haec
717 5396 895 5453 consociatio
930 5394 1018 5451 etiam
1041 5412 1092 5470 per
1115 5397 1185 5467 ista,
1218 5393 1297 5470 quod
1328 5395 1357 5450 in
1386 5393 1512 5470 planetis
1540 5394 1656 5469 quidem

306 5483 375 5556 Sol,
398 5486 428 5542 in
451 5483 567 5544 chordis
591 5498 659 5543 vero
683 5499 759 5557 quae
782 5499 860 5541 mese
884 5480 1002 5554 dicitur,
1034 5482 1106 5541 duas
1130 5491 1251 5558 uterque
1275 5482 1384 5540 classes
1414 5479 1598 5555 distinguunt
1620 5482 1657 5539 ab

308 5572 442 5643 invicem,
467 5571 515 5628 ille
539 5573 721 5645 superiorum
741 5570 892 5641 dictorum,
917 5578 989 5645 puta
1005 5569 1131 5643 Saturni,
1155 5569 1251 5641 Jovis,
1274 5569 1387 5641 Martis,
1411 5569 1449 5626 ab
1472 5569 1658 5627 inferioribus

307 5657 439 5735 Venere,
462 5658 624 5730 Mercurio,
648 5656 748 5732 Luna,
772 5658 829 5717 ista
850 5656 992 5716 dictarum
1014 5657 1155 5735 hypaton,
1180 5656 1261 5733 quod
1282 5664 1368 5718 sonat
1390 5673 1606 5734 supremarum,
1629 5664 1659 5716 et
