3684 7259
839 2423 1084 2540 ttlllttt

586 2649 639 2718 ad
678 2648 845 2719 librum
882 2643 919 2719 t.
957 2646 1342 2722 Harmonicorum.

382 3074 478 3151 Quam
500 3090 589 3152 supra
611 3076 640 3132 in
663 3074 760 3136 indice
782 3077 910 3153 capitam
934 3076 1000 3136 libri
1016 3073 1053 3134 V.
1076 3076 1224 3153 protessus
1247 3093 1310 3135 sum
1331 3077 1539 3154 appendicem:
1563 3078 1644 3138 illam

293 3163 342 3225 bie
364 3180 421 3223 uon
445 3169 490 3223 est
510 3166 544 3222 at
566 3170 715 3241 exspectet
735 3162 844 3241 lector:

1043 3249 1202 3324 Amphora
1225 3254 1320 3327 coepit

588 3334 725 3411 lmtitui,
748 3345 889 3396 mente
910 3344 979 3397 rota
1001 3354 1108 3396 verum
1130 3355 1239 3397 umens
1261 3341 1329 3398 erit

293 3424 405 3486 Causas
429 3425 525 3485 dicam
548 3425 688 3485 breviter:
712 3442 850 3501 magnum
874 3433 904 3484 et
925 3424 1075 3484 excindans
1098 3424 1205 3482 flumen
1228 3443 1286 3484 non
1310 3426 1460 3486 commode
1483 3430 1643 3503 navigatu-

293 3527 460 3585 reseram,
492 3525 557 3572 eam
580 3527 646 3570 cccc
670 3514 762 3588 copiis
785 3528 927 3588 aquarum
958 3513 986 3569 in
1011 3519 1127 3570 tenuem
1149 3513 1244 3569 rivam
1278 3514 1513 3573 subsidentibus·
1533 3515 1642 3573 vadum

294 3601 400 3676 patuit,
423 3599 502 3675 quod
523 3599 613 3675 pedes
637 3601 798 3672 transirem,
821 3602 891 3656 navi
915 3602 944 3656 in
968 3616 1022 3657 sua
1045 3602 1170 3657 statione
1194 3600 1294 3657 relicta
1316 3600 1354 3658 ad
1377 3618 1448 3659 naus
1471 3605 1565 3677 magis
1589 3621 1643 3662 ue-

281 3685 444 3747 'csssarlos
489 3685 555 3745 Hoc
584 3694 628 3745 est
656 3685 734 3762 qnod
763 3685 845 3746 dico:
879 3687 1043 3747 Ptolemaei
1066 3685 1217 3745 Hor-mon.
1246 3687 1317 3745 libri
1339 3687 1410 3760 ΙΙΙ,
1440 3705 1515 3763 quos
1547 3690 1643 3748 habeo

294 3772 424 3834 Graecos
446 3773 677 3850 manuscriptos,
705 3789 770 3832 cum
794 3776 1009 3833 commentariis
1032 3772 1186 3849 Porphyrii
1216 3773 1382 3851 philosophi
1414 3775 1643 3850 profundissimi,

293 3860 393 3921 itidem
416 3859 545 3934 Graecis,
578 3860 616 3919 ab
647 3862 730 3919 initio
754 3878 849 3936 usque
881 3861 919 3920 ad
943 3860 992 3919 lib.
1017 3859 1056 3918 tt.
1086 3877 1149 3936 cap.
1179 3863 1208 3924 7,
1241 3861 1318 3935 digni
1349 3863 1419 3919 milri
1451 3879 1566 3940 semper
1587 3866 1644 3923 visi

252 4003 255 4010 t
293 3956 370 4021 sunt,
394 3950 444 4024 qui
467 3946 665 4008 Graeeolstini
689 3949 794 4025 integri
817 3950 929 4010 exirent
951 3950 979 4005 tn
1002 3946 1161 4023 publicum,
1185 3964 1278 4023 eaque
1302 3950 1337 4006 de
1354 3966 1443 4007 carrea
1466 3959 1534 4010 ante
1550 3968 1643 4010 annos

297 4037 337 4095 10
359 4038 443 4111 coepi
465 4035 531 4094 illos
556 4037 585 4092 in
608 4033 746 4093 Latinum
767 4052 931 4094 sennonem
954 4042 1083 4107 vertere,
1111 4050 1186 4109 quae
1210 4037 1306 4094 versio
1329 4039 1470 4112 processit
1492 4055 1583 4114 nsque
1606 4038 1643 4098 ad

292 4121 480 4183 medietatem
503 4121 613 4181 codicis
635 4121 839 4199 Porphyriani.
885 4120 951 4197 Quo
974 4124 1069 4180 minue
1092 4120 1213 4180 alterius
1240 4139 1402 4198 pergerem,
1434 4125 1643 4199 impedimento

292 4208 365 4268 milri
385 4210 441 4269 tuit
462 4209 519 4268 loct
542 4210 675 4282 mutatio,
698 4210 853 4286 conjuncta
877 4226 942 4269 cum
964 4209 1095 4288 plurimis
1111 4207 1264 4287 molestiis,
1286 4219 1317 4268 et
1339 4207 1641 4287 postquam'lincium

293 4298 377 4369 veni,
400 4314 511 4355 novum
539 4295 701 4355 studiorum
725 4301 983 4357 astronomicarum
1013 4298 1136 4354 initium.
1182 4297 1222 4355 At
1245 4314 1314 4356 vero
1345 4316 1409 4356 cum
1441 4307 1509 4359 sate
1532 4317 1641 4359 annrrm

292 4387 508 4463 proposuissem
530 4400 611 4443 meos
634 4381 875 4443 Harmoniooram
898 4384 988 4444 libros
1012 4383 1048 4442 V.
1072 4382 1167 4452 edere,
1190 4393 1367 4443 momentum
1384 4389 1488 4462 ingens
1506 4387 1640 4448 videbam

294 4474 382 4532 sitam
414 4474 442 4527 in
467 4473 683 4548 comparatione
712 4476 769 4531 mei
793 4474 890 4548 operis
920 4483 986 4531 eum
1011 4470 1203 4539 Ptolemaiou,
1237 4476 1404 4547 praesertim
1438 4474 1499 4531 iibri
1523 4477 1579 4533 mci
1605 4476 1640 4533 V.

294 4575 360 4618 cum
383 4558 668 4635 ultimiscapitibus
691 4558 741 4618 lib.
765 4559 819 4617 ΙΙΙ.
844 4559 1022 4631 Ptolemaei,
1051 4576 1173 4634 quorum
1196 4560 1252 4616 tria
1275 4570 1403 4618 extrema
1436 4560 1507 4618 nihil
1532 4562 1641 4622 babent

293 4647 350 4704 nisi
373 4644 512 4704 lemmata
533 4664 586 4704 seu
608 4645 711 4705 titulos
732 4663 751 4705 a
772 4645 954 4706 Ptolemaeo.
999 4645 1103 4721 Itaque
1120 4647 1279 4704 reluctante
1304 4650 1391 4721 genio
1413 4651 1551 4724 proposui
1568 4668 1641 4725 ope-

294 4735 389 4792 risse
412 4735 476 4809 ipso
499 4733 595 4792 mutili
618 4750 705 4791 unam
728 4732 820 4792 solam
844 4742 957 4810 partem
980 4732 1142 4809 decerpere,
1166 4749 1243 4807 quac
1260 4737 1385 4792 maxime
1408 4735 1446 4793 ad
1468 4754 1562 4795 meam
1577 4756 1642 4796 ma·

294 4822 398 4882 teriam
430 4819 566 4880 iaciebat.
612 4807 773 4895 Quem‘ad
806 4821 893 4881 finem
921 4829 951 4881 et
982 4820 1054 4877 verti
1086 4820 1189 4877 librum
1212 4819 1373 4881 Ptolemaei
1397 4822 1451 4880 lli.
1482 4842 1501 4881 n
1523 4841 1588 4900 cap.
1614 4829 1641 4885 3.

293 4907 333 4968 ad
354 4907 441 4967 linem
466 4916 496 4967 et
517 4907 609 4965 tribus
631 4908 740 4966 ultimis
762 4907 949 4968 lemmatibus
973 4908 1108 4965 inanibus
1131 4924 1200 4964 suos
1215 4914 1311 4967 textus
1331 4926 1366 4967 ex
1383 4912 1531 4985 principiis
1548 4921 1642 4970 astro-

293 4998 410 5055 nomiae
433 4993 632 5055 Ptolemaicae
656 5004 685 5053 ct
707 5013 742 5054 ex
765 5003 862 5055 mente
885 4996 1013 5055 auctoris
1036 5001 1147 5069 quanta
1171 4997 1266 5069 potuit
1290 4996 1349 5054 tisri
1373 4996 1547 5057 dexteritate
1570 5018 1642 5058 con·

229 5155 233 5162 Ι
312 5085 427 5142 mustos
450 5083 577 5158 subjeci,
608 5089 636 5141 et
660 5081 784 5158 denique
807 5084 1031 5142 commentarios
1053 5098 1106 5140 scu
1128 5089 1213 5139 notas
1237 5082 1346 5157 adjeci,
1379 5084 1485 5158 quibus
1514 5095 1544 5144 et
1566 5087 1641 5145 Por-

293 5169 455 5247 phyrianae
479 5171 746 5242 commentationis,
777 5170 828 5229 lib.
852 5170 891 5228 tt.
915 5171 1011 5246 capite
1035 5172 1063 5227 l.
1088 5168 1244 5247 abruptae,
1274 5169 1403 5229 deiectus
1427 5175 1455 5228 in
1478 5171 1534 5231 hoc
1557 5178 1641 5233 tertio

297 5256 447 5335 suppletur
470 5267 500 5316 et
522 5260 642 5315 inventa
665 5256 844 5316 Ptolemaica
873 5274 938 5315 cum
962 5258 1033 5315 meis
1055 5263 1259 5331 comparantur
1283 5266 1311 5316 et
1335 5256 1489 5317 discrimen
1511 5261 1642 5319 ostendi-

295 5352 344 5403 tur
365 5346 438 5403 inter
460 5344 622 5405 Ptolemaei
646 5344 852 5421 symbolismos
874 5354 903 5403 et
925 5362 1006 5403 meas
1029 5343 1289 5403 demonstrationes
1307 5343 1468 5420 legitimas,
1493 5348 1572 5405 unde
1596 5352 1642 5405 in-

296 5430 418 5490 firmitas
450 5440 480 5492 et
503 5432 684 5508 imperiectio
706 5432 961 5508 symbolismomrn
986 5432 1098 5490 illorum
1133 5440 1162 5489 et
1184 5449 1275 5490 causa
1297 5435 1449 5507 potissima
1479 5434 1567 5509 bajus
1591 5438 1642 5507 rei,

185 5588 187 5590 ‚
295 5518 464 5578 satalenus
481 5522 685 5598 principiorum
701 5524 895 5579 mucncmiae
909 5519 1109 5579 Ptolemaicae
1123 5521 1258 5594 patescit.
1297 5520 1370 5577 Cum
1386 5523 1474 5595 igitur
1489 5519 1554 5580 iola
1570 5522 1643 5583 haec

250 5598 252 5604 ’
281 5599 442 5696 'appendix
466 5608 503 5666 ad
527 5609 567 5667 30
589 5608 713 5691 paginas
735 5606 801 5666 libri
824 5616 1003 5683 occupatura
1024 5614 1116 5679 esset,
1149 5623 1216 5669 ecce
1239 5619 1369 5671 coortum
1398 5610 1510 5670 interca
1531 5609 1642 5674 bellurn
