3684 7259
615 1229 791 1291 sussum.
826 1232 1171 1305 mnrmcspuxm.
1498 1209 1558 1300 ιιι

219 1408 312 1482 primo
339 1425 425 1467 sensu
447 1413 588 1469 concinna
611 1410 779 1485 intervalla,
810 1412 889 1490 quod
919 1412 1064 1489 quaedam
1092 1430 1127 1473 ex
1149 1414 1188 1471 iis
1212 1405 1336 1488 junctim
1365 1410 1556 1489 comiderats,

220 1497 354 1568 quemvis
376 1503 479 1554 natura
500 1498 558 1556 sint
580 1501 735 1571 concinne,
765 1517 804 1559 se.
828 1509 892 1559 orta
914 1518 950 1559 cr
973 1502 1187 1577 comparatione
1219 1509 1249 1558 et
1271 1499 1465 1559 abstractione
1487 1498 1557 1561 her·

219 1583 396 1654 modiorum,
427 1600 481 1642 uso
503 1592 599 1643 tamen
633 1586 806 1647 amelodiis
835 1595 913 1647 certo
935 1598 1067 1664 respectu
1096 1604 1149 1663 pro
1170 1588 1349 1645 inconcinnis
1379 1586 1556 1662 rejicientur.

221 1668 307 1726 lllum
329 1686 447 1728 sensum
469 1682 707 1748 praesupponunt
735 1682 764 1733 st
785 1676 942 1750 respiciunt
963 1697 1031 1751 ιοιη
1060 1683 1089 1734 ιι
1111 1696 1241 1747 nestero,
1272 1674 1348 1735 hunc
1369 1689 1440 1733 vero
1462 1675 1557 1749 potis·

220 1759 324 1816 simum
346 1753 451 1835 ἀιιιγη,
483 1767 542 1817 tam
565 1759 703 1833 actualis,
735 1778 823 1836 quem
852 1761 1019 1821 desultoria
1064 1760 1147 1821 Haec
1169 1763 1257 1836 igitur
1285 1752 1457 1821 inconcinna
1485 1761 1558 1821 flunt

220 1859 332 1901 rursum
355 1843 469 1914 duobus
492 1847 673 1907 nominibus:
697 1846 745 1907 vel
760 1852 836 1907 enim
857 1857 991 1924 respectu
1006 1850 1119 1925 generis
1140 1858 1192 1907 sut
1210 1847 1309 1908 sceleti
1324 1850 1454 1922 octavae,
1478 1846 1557 1926 quod

221 1947 255 1990 ce
276 1930 395 2006 piene
387 1950 416 1989 ιιι
438 1930 490 1990 ilio
512 1950 570 1992 non
594 1942 767 2010 usurpentur
788 1952 882 2011 neque
904 1936 1027 1995 forment
1049 1934 1138 2009 illud,
1163 1944 1215 1994 eut
1235 1938 1260 1994 si
1282 1935 1342 1995 aiio
1365 1935 1556 2011 disponentur

221 2015 334 2096 ordine,
365 2035 453 2094 quam
475 2037 564 2096 supro
585 2023 680 2097 capite
705 2025 732 2080 7.
755 2031 859 2081 ustura
880 2022 994 2098 docuit,
1026 2031 1057 2084 ut
1079 2024 1104 2080 si
1127 2025 1191 2099 quis
1214 2021 1301 2081 veliet
1327 2025 1383 2081 tria
1405 2024 1558 2089 semitonio

220 2102 357 2182 deinceps
380 2105 521 2177 ordinare,
544 2111 729 2170 semitonium
751 2109 868 2185 quidem
890 2112 999 2207 primo
1005 2126 1092 2169 sensu
1108 2111 1278 2187 concinnum
1293 2119 1345 2181 ost,
1369 2118 1399 2168 st
1417 2109 1469 2169 hic
1484 2108 1555 2170 ordo

220 2193 436 2251 semitoniorum
463 2196 620 2257 concinnus
646 2213 704 2255 non
727 2204 772 2256 est
793 2197 849 2256 hoc
870 2186 999 2258 secundi
1019 2210 1122 2271 sensu,
1153 2199 1202 2255 ite
1224 2196 1326 2269 77ιι7ι,
1359 2205 1462 2256 natura
1485 2214 1557 2257 con·

221 2281 314 2352 cinna,
337 2288 501 2341 esttamen
524 2282 600 2341 rel
592 2299 622 2340 ιιι
646 2282 717 2342 duro
740 2301 844 2359 genere
868 2294 969 2360 centus
1000 2283 1079 2344 vel
1071 2300 1100 2340 m
1111 2282 1203 2348 molli
1230 2285 1350 2343 seorsim
1373 2286 1559 2360 inconcinne,

221 2366 267 2426 rel
289 2366 414 2444 denique
435 2386 493 2427 non
516 2379 657 2429 canuntur
678 2369 825 2448 deinceps,
847 2389 902 2433 nec
921 2354 1004 2432 licite
1025 2379 1092 2431 sunt
1112 2369 1200 2430 saltui
1215 2373 1296 2471 vocis
1312 2370 1481 2446 melodicae,
1504 2388 1558 2433 neo

221 2450 311 2534 dyoyp
332 2457 544 2515 convenientia

305 2540 392 2601 Sunt
409 2545 498 2618 igitur
527 2542 583 2603 hoc
613 2543 740 2602 secundo
768 2562 855 2605 sensu
886 2546 1058 2606 inconcinna
1085 2552 1115 2642 et
1143 2546 1235 2604 vetita
1265 2544 1419 2605 intervalla
1449 2545 1494 2605 isis
1525 2550 1559 2605 ut

221 2631 383 2707 praecipuis
406 2629 521 2707 legibus
544 2629 760 2706 comprehensa

304 2716 329 2775 Ι.
351 2716 449 2776 Diesis
471 2725 539 2777 ante
560 2718 608 2777 val
631 2727 698 2794 post
718 2719 903 2777 semitonium
926 2716 1094 2795 regulariter
1114 2734 1174 2777 non
1197 2720 1317 2777 canitur.

305 2802 344 2862 11.
364 2804 436 2863 Duo
458 2806 619 2878 semitonia,
647 2804 717 2864 licet
738 2804 874 2882 deinceps
897 2805 1063 2866 ordinentur
1086 2806 1115 2863 in
1138 2804 1238 2865 ordine
1260 2807 1443 2863 minimorum
1464 2806 1556 2865 iuter·

223 2888 362 2951 ostiorum
384 2894 487 2967 cepitis
511 2896 538 2964 7,
562 2910 619 2950 neu
642 2901 764 2968 possunt
786 2901 882 2952 temen
904 2894 996 2968 tritos
1017 2894 1098 2951 sonis
1120 2890 1255 2969 deinceps
1276 2894 1349 2968 cani,
1372 2891 1433 2952 sed·
1447 2890 1556 2953 debent
1663 2948 1668 2962 ,

221 2993 285 3036 oum
309 2976 422 3039 duobus
443 2980 510 3038 eliis
533 2978 683 3038 elementis
706 2981 734 3037 in
757 2979 831 3039 duos
853 2988 939 3039 tonos
961 2978 1133 3040 coalescere.

305 3064 359 3123 111.
381 3066 450 3136 Duo
471 3068 624 3125 semitonia
647 3069 722 3125 intre
744 3066 925 3143 complexum
948 3068 1034 3125 unius
1057 3073 1176 3143 querme
1199 3063 1247 3124 rel
1269 3067 1398 3141 quintae,
1421 3064 1495 3140 quse
1517 3066 1558 3126 sit

221 3154 278 3210 imo
309 3151 375 3212 loco
404 3153 503 3213 sceleti
529 3160 665 3227 octavae,
696 3153 839 3213 ordinarie
869 3170 927 3213 non
950 3161 1099 3213 canuntur.
1143 3152 1220 3225 Nam·
1241 3152 1413 3227 afficeretur,
1443 3160 1477 3212 ut
1498 3168 1557 3213 ιιι

222 3237 320 3298 ordine
348 3248 452 3317 quarm
481 3240 528 3300 vel
551 3242 652 3317 quinta
681 3259 739 3301 non
763 3250 934 3307 consonaret
956 3258 1021 3300 cum
1048 3243 1157 3317 prima,
1186 3257 1282 3316 nsque
1310 3240 1436 3317 perfecte
1463 3255 1559 3317 neque

223 3327 403 3404 imperfecte,
426 3329 525 3403 itequs
548 3345 605 3387 non
629 3339 706 3387 essct
728 3338 832 3404 quarta
855 3328 910 3389 vel
925 3330 1026 3404 quinta
1048 3343 1126 3387 vere.

305 3412 358 3472 IV.
382 3413 514 3489 Quotuor
536 3418 597 3474 toni
620 3414 755 3492 deinceps
778 3432 836 3475 non
859 3423 1016 3489 canuntur,
1039 3416 1094 3473 nisi
1107 3415 1147 3471 in
1168 3429 1303 3489 suprema
1324 3419 1445 3473 octavas
1466 3398 1573 3492 purte,
1618 3420 1621 3424 '
1739 3398 1754 3509 's

212 3500 340 3576 ,quando
363 3502 467 3561 coloris
489 3511 519 3563 et
541 3504 689 3562 varietatis
713 3520 801 3563 censa
822 3510 950 3584 mutetur
971 3502 1117 3578 sceletum
1139 3517 1197 3558 non
1220 3501 1308 3575 igitur
1330 3498 1482 3560 ordinarie.

306 3588 344 3650 V..
369 3589 500 3665 Septima
522 3599 551 3649 ιι
580 3591 677 3648 omnia
699 3590 818 3650 dissona
838 3608 927 3667 supra
950 3597 1101 3667 octavam,
1132 3589 1212 3648 sonis
1240 3593 1307 3665 post
1327 3585 1454 3647 radicem
1476 3585 1560 3648 deins

223 3692 288 3753 ceps
312 3674 467 3748 ordinatis,
498 3694 556 3736 non
579 3685 720 3737 canuntur
743 3678 901 3747 ordinarie,
932 3679 989 3736 nisi
1011 3675 1188 3755 praecedens
1210 3673 1318 3735 habeut
1345 3672 1559 3751 quodammodo

222 3764 361 3824 rationem
383 3764 463 3837 tinis,
486 3781 612 3840 sequens
633 3758 773 3825 rationem
796 3767 866 3824 novi
888 3766 971 3824 initii.
1015 3832 1017 3835 ¹

222 3872 695 4058 ff
799 3914 852 3975 7Ι.
875 3913 996 3988 sertas,
1028 3915 1082 3972 etsi
1112 3925 1272 3983 consonae,
1312 3909 1403 3969 rarius
1429 3906 1560 3969 admitti·

714 4018 792 4074 mus,
816 4012 845 4062 ιι
867 4008 980 4061 tantum
1001 4002 1135 4059 minores.

298 4079 695 4120 Ιιιιιιιιιιιι-ιϊιιιιιι,
895 4123 897 4127 ,
1149 4100 1153 4108 .
1410 4087 1412 4091 ⁴

306 4168 373 4227 VII.
396 4165 594 4228 Tetrachorda
616 4168 674 4229 duo
697 4170 781 4229 nnius
807 4174 938 4239 ocmree,
961 4168 1018 4224 non'
1041 4165 1182 4224 existente
1205 4159 1307 4222 eodem
1325 4158 1391 4219 loco
1413 4158 1559 4218 semitonii

223 4258 250 4314 in
272 4273 371 4315 eorum
394 4263 531 4332 utroque,
560 4259 652 4315 rarius
674 4264 831 4331 canentum
858 4251 972 4313 'scilicet
998 4250 1105 4312 soloris
1127 4265 1217 4310 causa
1244 4256 1295 4309 aut
1317 4247 1559 4325 syncopationnm
1613 4297 1616 4304 .

212 4339 273 4424 ι(7ο
296 4344 401 4420 quibus
424 4346 519 4419 capite
545 4339 626 4424 16.,)
650 4361 744 4420 neque
766 4352 863 4402 temen
884 4340 1003 4400 libertas
1026 4345 1071 4399 est
1092 4354 1171 4397 mera
1191 4335 1307 4396 locandi
1328 4328 1489 4409 semitonii,
1510 4348 1559 4401 ro,-

222 4432 371 4509 stringitur
393 4433 481 4491 enim
491 4428 529 4490 ad
552 4448 618 4491 eum
641 4430 746 4505 locum,
773 4447 858 4507 quem
880 4427 1008 4531 admittit
1028 4442 1121 4503 genus
1145 4432 1257 4484 cantus.

306 4767 390 4827 vnn
414 4767 508 4827 Affine
532 4776 575 4826 cst
592 4766 660 4837 hoc,
683 4763 762 4841 quod
785 4770 842 4823 tres
864 4764 926 4822 toni
949 4761 1085 4837 deinceps
1113 4761 1171 4818 imo
1192 4759 1257 4819 loco
1281 4746 1404 4816 octavae
1425 4769 1482 4815 non
1505 4768 1557 4815 cs·

223 4865 341 4932 nentur,
364 4865 395 4915 at
417 4857 549 4932 superius
572 4853 762 4912 admittuntur
784 4851 898 4928 legibus
917 4851 979 4927 Jem
1004 4847 1097 4908 dictis.

309 5228 365 5289 DL
389 5229 457 5289 Duo
479 5228 633 5288 semitonia
660 5228 801 5286 inunum
823 5233 923 5285 tonum
951 5216 1120 5281 naturaliter
1147 5231 1204 5274 non
1228 5212 1405 5286 conflantur,
1430 5212 1499 5273 licet
1520 5211 1559 5273 sit

1023 5320 1144 5382 parvum
1166 5304 1195 5359 in
1218 5299 1320 5360 auditu
1342 5290 1559 5373 discrimen,ut

1023 5393 1048 5450 si
1072 5397 1177 5448 οιιιιι
1205 5389 1323 5464 incipiat
1350 5388 1387 5447 ab
1411 5386 1456 5460 E,
1484 5388 1559 5447 inter

1022 5495 1065 5555 ep,
1077 5476 1115 5556 dp
1126 5476 1207 5537 fieret
1217 5493 1245 5534 n.
1255 5473 1438 5535 intervallum
1457 5468 1560 5557 mla.
1654 5532 1658 5541 .

229 5591 261 5633 ex
283 5577 507 5654 compositione,
531 5572 609 5650 qnod
630 5568 798 5633 naturaiiter
820 5576 864 5629 ιιι
885 5567 1103 5656 inconcinnum,
1124 5562 1191 5624 ride
1214 5579 1277 5641 cap.
1301 5564 1330 5621 4.
1469 5632 1473 5639 ¹

278 5687 370 5738 Rspisrt
383 5686 457 5738 Opera
470 5686 496 5726 V.
1366 5668 1403 5726 Η
1457 5675 1460 5681 ’
