3684 7259
854 1220 998 1292 nporogu.
1535 1223 1597 1291 ιιι

248 1396 344 1472 ipsum
368 1398 406 1455 ab
429 1398 687 1457 observationibus
715 1398 822 1458 habere
846 1401 1054 1459 testimouium.
1100 1399 1226 1459 Rursum
1254 1419 1311 1460 non
1336 1410 1380 1460 est
1410 1385 1622 1479 ειιρεειιειιιιι,Ι

248 1482 385 1556 Roberte,
410 1488 510 1544 causis.
529 1487 669 1556 inventis,
694 1488 801 1561 quibus
825 1489 911 1544 ceteri
935 1499 1072 1563 aspectus
1094 1487 1195 1547 fierent
1218 1489 1366 1571 eiiicqees,
1392 1489 1505 1561 videre,
1528 1507 1599 1551 num

249 1571 369 1632 eaedem
401 1590 506 1631 causae
537 1567 697 1649 reciperent
726 1576 814 1632 etiam
845 1573 920 1631 alios
943 1576 1072 1633 nondum
1105 1577 1310 1636 observatione
1334 1579 1540 1653 comprobatos
1569 1585 1599 1637 et

249 1676 469 1735 quoquumque
484 1660 586 1733 gradu,
610 1660 773 1735 eademque
789 1679 927 1719 mensura
941 1665 1029 1721 etiam
1046 1663 1248 1722 citicacitatem
1268 1665 1326 1722 iilis
1343 1664 1486 1737 admetiri,
1509 1667 1597 1723 ctiam

247 1749 319 1805 citra
342 1748 587 1808 observationem.
632 1745 671 1806 Ut
695 1751 764 1823 qnia
796 1765 902 1808 causae
927 1758 1098 1826 aspectuum
1122 1768 1180 1808 non
1203 1750 1362 1810 excludunt
1385 1750 1520 1823 desitem,
1544 1754 1598 1828 tri-

249 1832 389 1906 decilenr,
419 1836 611 1909 sequadrum,
645 1834 851 1911 sesquudrrnn,
885 1854 980 1913 neque
1016 1847 1110 1895 tamen
1141 1837 1298 1895 admittunt
1333 1838 1398 1896 ilios
1421 1841 1478 1896 nisi
1501 1856 1598 1898 remo·

250 1924 362 1979 tissimo
386 1922 476 1997 gradu
500 1931 566 1998 post
589 1922 664 1981 aiios
687 1933 789 1993 notos,
809 1926 938 2000 pertinet
961 1926 1050 1999 igitur
1071 1924 1110 1984 ad
1133 1942 1286 1983 causarum
1308 1927 1428 1983 istarum
1452 1928 1598 2001 coguitio-

247 2025 321 2079 nem,
346 2027 382 2067 ne
406 2010 459 2067 hos
482 2009 599 2084 quidem
623 2010 875 2069 commemorando
899 2014 1064 2087 praeterire,
1088 2013 1222 2086 quamvis
1245 2012 1283 2069 ad
1306 2012 1373 2070 ilios
1396 2013 1597 2071 observandos

246 2113 304 2155 non
337 2115 444 2171 magna
474 2115 626 2155 causarum
658 2096 845 2157 dicendarum
868 2102 1042 2158 necessitate
1071 2093 1287 2174 adstringimur.
1333 2099 1463 2158 Possunt
1486 2103 1597 2175 eaipua

246 2191 274 2242 at
295 2184 423 2242 obscena
447 2187 475 2239 in
499 2188 702 2260 experimentis
725 2185 874 2260 capiendis
898 2188 1107 2265 praetermitti,
1136 2205 1212 2261 quae
1236 2189 1263 2243 in
1289 2189 1385 2244 causis
1415 2186 1596 2245 elucidandis

247 2287 304 2329 non
333 2280 464 2347 possunt
510 2272 556 2330 lta
586 2272 835 2347 praetervehimur
866 2272 912 2331 hic
942 2273 1016 2332 aiter
1045 2274 1167 2346 aiterum
1200 2274 1262 2332 sine
1296 2276 1364 2332 ictu.
1423 2273 1598 2333 Fractioites

249 2368 344 2418 tamen
378 2366 406 2417 et
429 2362 578 2417 minutiae
602 2359 717 2417 dicendi
746 2377 804 2416 non
828 2370 896 2418 sant
925 2370 1061 2438 aspectus
1084 2360 1142 2433 iili,
1173 2378 1248 2436 quos
1272 2360 1488 2431 decatemoriis,
1522 2361 1597 2437 quos

248 2444 509 2517 dodecatemoriis,
535 2463 609 2521 quos
632 2446 826 2522 ogdo'e'moriis
849 2447 961 2505 zodiaci
986 2450 1129 2507 metimur.

335 2533 369 2590 ln
393 2532 491 2591 Terris
516 2533 644 2592 dixeram
669 2537 746 2592 coire
770 2533 865 2591 radios
888 2536 1081 2610 planetarum,
1106 2537 1154 2610 qui
1180 2538 1274 2593 coitus
1297 2536 1321 2593 si
1345 2537 1383 2593 sit
1399 2534 1595 2608 harmonicus,

247 2630 316 2678 tune
332 2620 446 2695 pluvias
462 2621 605 2679 decidere.
652 2621 697 2680 'i'u
714 2625 857 2680 occrnris:
881 2625 1004 2697 primurn
1022 2626 1049 2679 in
1071 2626 1137 2680 aere
1154 2638 1333 2680 concurrere.
1372 2621 1437 2679 Non
1455 2633 1507 2692 est,
1533 2621 1595 2681 Ro-

247 2708 344 2779 berte,
381 2708 528 2767 distinctio
552 2711 655 2785 prioris
678 2718 706 2767 et
729 2711 914 2784 posterioris,
945 2710 995 2767 ubi
1019 2709 1142 2768 eifluxns
1164 2709 1281 2766 luminis
1312 2707 1344 2766 fit
1365 2710 1427 2767 sine
1450 2718 1602 2786 tempore,
1654 2779 1657 2788 .

246 2804 298 2854 aut
328 2794 499 2869 diopetas,
532 2795 561 2852 id
593 2805 638 2854 est
668 2801 800 2872 superins
832 2805 940 2853 ceretro.
986 2796 1104 2871 Pergis,
1138 2799 1293 2854 mixtiones
1311 2792 1384 2853 'suas
1409 2798 1543 2871 ⁸accipere
1568 2800 1595 2853 in

246 2886 323 2953 aere,
347 2899 405 2940 non
430 2886 458 2938 iu
481 2882 580 2941 Terra.
627 2882 705 2957 Quid
728 2885 872 2959 accipiant
896 2883 969 2939 radii
995 2885 1041 2942 vei
1066 2885 1113 2941 hic
1137 2883 1183 2941 vei
1202 2882 1276 2955 iiiia,
1302 2899 1359 2940 non
1383 2886 1479 2959 capio.
1516 2883 1596 2941 Mix-

247 2971 350 3040 tioues,
375 2971 486 3044 inquis3
510 2979 540 3028 at
564 2972 625 3045 ipse
642 2974 737 3028 coitus
759 2980 804 3029 εει
826 2971 927 3028 mixtio
952 2970 1011 3042 iiia,
1035 2987 1124 3046 quum
1139 2987 1194 3045 ego
1218 2968 1377 3051 concedere
1400 2971 1453 3028 tibi
1475 2974 1596 3046 possim.

247 3058 387 3115 Dixeram
412 3075 496 3129 vero,
527 3075 641 3132 semper
666 3058 731 3115 ilios
754 3060 782 3113 in
805 3056 861 3115 hac
891 3057 1096 3132 conjunctione
1130 3067 1290 3132 mutuaque
1318 3058 1446 3120 sectione
1469 3061 1596 3131 versari,

246 3144 316 3220 quid
341 3146 428 3218 igitur
450 3146 505 3202 sibi
531 3144 593 3201 vuit
617 3144 666 3202 itta
689 3154 739 3202 tua
763 3147 866 3213 oratio,
890 3143 969 3219 qnod
991 3148 1167 3203 mixtionem
1184 3143 1300 3203 dernnm
1316 3147 1482 3218 accipiant,
1507 3148 1596 3220 quam

246 3250 368 3306 semper,
393 3235 418 3287 si
441 3234 482 3289 ita
505 3231 599 3302 inbet,
623 3232 741 3289 habent.
788 3232 833 3289 An
857 3232 886 3288 id
910 3230 977 3289 iilos
1001 3235 1132 3308 accipere
1156 3234 1183 3288 in
1207 3235 1274 3290 aere
1298 3231 1385 3302 dicis,
1412 3230 1493 3307 quod
1516 3234 1596 3307 mix-

246 3323 316 3377 tioni
341 3320 410 3377 hnic
432 3318 490 3388 dat,
515 3328 547 3376 ut
571 3319 621 3375 fiat
644 3320 801 3396 aspectus?
847 3319 937 3394 Atqui
961 3319 1017 3377 hoc
1040 3321 1120 3392 etin
1144 3323 1210 3385 aere
1234 3329 1264 3376 et
1286 3320 1313 3375 in
1335 3328 1411 3376 terra
1433 3319 1520 3390 simul
1535 3333 1595 3379 uno

248 3417 376 3483 tempore
399 3406 513 3463 aceedit
537 3409 581 3463 bis
604 3407 803 3467 mixtionibus.
849 3404 950 3479 Unde,
974 3407 1035 3476 ais,
1065 3406 1157 3464 nubes
1180 3408 1209 3463 in
1233 3423 1268 3464 eo
1291 3409 1479 3482 generantur,
1509 3414 1596 3478 aute·
1661 3427 1665 3438 ¹

245 3511 333 3571 quam
356 3494 447 3569 piuat.
495 3493 558 3552 Hoc
581 3511 652 3551 sane
676 3511 776 3552 rernm
799 3504 862 3565 est,
894 3494 975 3568 prins
999 3510 1062 3551 esse
1087 3495 1210 3566 nubem,
1238 3501 1341 3569 postea
1364 3492 1509 3570 pluviam,
1543 3511 1597 3552 nec

247 3598 312 3640 cum
336 3597 392 3655 ego
416 3580 451 3639 de
475 3580 577 3655 pluria
599 3580 676 3652 dixi,
710 3582 817 3641 nubem
841 3580 963 3640 exclusi.
1009 3582 1048 3639 At
1078 3578 1150 3638 iilud
1175 3588 1257 3638 tuum
1278 3581 1361 3639 εηάε
1391 3581 1415 3638 ει
1440 3583 1595 3654 excutiam,

247 3671 382 3738 inuenio,
407 3678 435 3725 te
458 3670 675 3742 generationem
700 3670 785 3726 nubis
808 3686 842 3726 ex
867 3670 932 3743 ipso
955 3671 1022 3726 aere
1045 3669 1171 3727 tribuere
1195 3666 1541 3745 praesentiae'aspectus
1565 3672 1594 3725 in

245 3761 321 3817 ab're.
369 3757 460 3830 Atqui
484 3756 660 3813 cantilenam
684 3756 802 3827 occinis,
826 3755 1018 3831 exploramus
1041 3773 1089 3811 mo
1115 3756 1277 3814 rationibus
1301 3754 1440 3813 Hermon.
1463 3755 1513 3813 itb.
1538 3754 1593 3815 IV.

242 3842 296 3901 'iilo
320 3845 385 3917 ipso
408 3842 457 3900 soi.
483 3845 561 3913 251,
586 3842 662 3901 unde
686 3855 716 3899 tu
742 3844 831 3900 verba
854 3842 902 3901 hic
925 3859 999 3913 mea,
1024 3858 1099 3916 quae
1122 3842 1276 3914 refutares,
1308 3841 1487 3918 decerpsisti,
1533 3840 1596 3901 Ra·

248 3932 342 3989 tiones
365 3930 493 3987 Roberte
516 3948 596 3987 meas
621 3923 879 4004 adorire,'qnibna
901 3928 1009 4004 dogma
1031 3928 1165 4001 stabilio,
1197 3940 1226 3988 et
1248 3932 1387 4006 promtior
1409 3928 1595 4004 postmodum

247 4035 295 4078 ero
318 4019 347 4073 in
371 4016 554 4074 dimovendis
578 4018 731 4075 instantiis.

333 4103 441 4178 Quaeri
475 4108 550 4162 enim
583 4123 601 4162 a
632 4123 677 4163 me
707 4121 794 4180 posse
823 4103 939 4165 vidisti.
975 4104 1082 4178 quibus
1105 4103 1303 4162 instrumentis
1334 4103 1425 4160 sectio
1448 4100 1595 4160 radiorum

246 4192 417 4251 harmonica
447 4191 582 4250 conficiat
612 4210 647 4249 ex
676 4196 742 4250 aere
771 4192 894 4261 unbem,
929 4193 986 4248 imo
1016 4208 1065 4248 eur
1087 4208 1175 4248 unam
1203 4192 1300 4265 potius
1323 4192 1398 4247 aiiris
1422 4189 1595 4263 particulam

245 4297 315 4355 praa
345 4280 405 4337 aiia
429 4289 564 4355 occupet,
596 4278 703 4336 nubem
732 4296 767 4336 ex
800 4296 836 4336 ea
859 4278 1005 4344 efficiens,
1039 4295 1104 4335 cnm
1136 4276 1238 4335 eadem
1261 4278 1352 4334 sectio
1382 4278 1412 4333 in
1441 4284 1504 4333 toto
1527 4279 1595 4336 aiire

248 4368 434 4426 circumcirca
456 4368 494 4423 sit
516 4367 675 4441 praesensi
723 4368 761 4422 Αι
783 4366 860 4440 quod
881 4351 977 4436 ‘nubes
1000 4382 1058 4423 non
1081 4368 1110 4421 in
1134 4369 1200 4423 aere
1224 4366 1347 4439 primunr
1372 4363 1514 4435 existant,
1542 4355 1594 4425 sed

246 4457 325 4530 prius
350 4462 489 4531 evaporet
511 4456 633 4511 materia
656 4455 776 4520 nubium
799 4468 834 4510 ex
858 4460 943 4523 terra,
968 4452 1167 4528 hocprobavi
1192 4450 1269 4509 dicto
1291 4450 1357 4508 loco
1381 4451 1542 4509 rationibus
1566 4458 1595 4512 et

246 4543 461 4618 experimentis.
506 4540 590 4599 liaeo
620 4558 684 4598 curn
713 4541 765 4597 tibi
798 4540 922 4597 tuissent
948 4538 1150 4602 submovenda
1185 4549 1236 4598 aut
1269 4535 1485 4610 assentiendum
1519 4538 1594 4597 bene

246 4628 466 4699 demonstratis,
497 4637 528 4685 tu
551 4631 622 4686 satis
652 4628 690 4685 ad
714 4626 935 4705 obtrectandum
958 4641 1021 4685 esse
1045 4630 1169 4701 putasti,
1202 4629 1226 4683 si
1249 4643 1315 4683 cum
1338 4623 1413 4693 iilis,
1446 4641 1520 4699 quos
1542 4617 1594 4684 iilo

247 4718 310 4793 ipse
333 4716 399 4773 loco
424 4718 539 4784 taxavi,
562 4715 731 4790 simpticiter
754 4731 890 4787 negares,
913 4715 1002 4773 nubis
1024 4707 1162 4789 uaporem
1186 4733 1201 4771 a
1227 4722 1303 4770 terra
1325 4713 1408 4784 oriri,
1434 4710 1465 4769 id
1489 4718 1533 4772 εει
1556 4713 1594 4771 ab

246 4805 452 4864 exterritatione
475 4803 641 4871 humorum,
667 4803 716 4877 qui
741 4805 769 4857 in
794 4800 1083 4860 visceribus-Terrae
1108 4800 1197 4859 latent
1220 4799 1320 4858 abditi.
1363 4808 1389 4857 s

334 4889 438 4960 Terra,
463 4892 573 4964 inquis,
607 4891 697 4965 quieti
721 4897 765 4945 est
788 4889 955 4967 aptissima,
988 4890 1132 4968 contraria
1162 4888 1239 4948 actui
1265 4888 1398 4957 animae,
1430 4879 1540 4944 seilicet
1560 4892 1603 4944 ut

248 4996 355 5053 neges,
380 4980 474 5034 inesse
498 4980 525 5032 in
550 4977 640 5035 Terra
663 4977 798 5034 animam.
845 4978 935 5050 Atqui
960 4984 989 5033 et
1010 4975 1066 5033 hoc
1088 4984 1197 5047 terrae,
1222 4972 1301 5050 quod
1324 4976 1400 5032 inest
1423 4976 1450 5029 in
1476 4978 1594 5054 torpore
1665 4985 1667 4994 '

245 5083 328 5137 meo,
352 5066 445 5139 quieti
468 5073 513 5122 est
535 5067 717 5141 aptissimum
741 5071 842 5137 estque
865 5066 1040 5121 contrarium
1063 5064 1151 5129 actui,
1163 5064 1277 5121 animae
1300 5078 1399 5133 meae;
1427 5060 1494 5120 dum
1518 5061 1593 5118 enirn

244 5154 406 5228 agitatione
430 5155 534 5209 mentis
557 5155 613 5210 ista
634 5150 737 5218 scribo,
762 5152 918 5209 connivent
942 5151 1028 5222 oculi,
1053 5149 1155 5215 defluit
1177 5156 1272 5226 caput,
1297 5146 1422 5222 denique
1446 5148 1593 5206 obsecun-

245 5240 375 5300 dandum
398 5239 466 5297 hnic
488 5249 600 5317 terrae,
624 5236 813 5295 dimittendus
836 5236 983 5308 calamus,
1007 5254 1111 5313 corpus
1134 5239 1163 5293 in
1187 5244 1281 5308 torum
1305 5234 1530 5310 abjiciendum3'
1548 5237 1595 5289 in-

246 5324 452 5387 tercedendum
475 5327 543 5383 huic
566 5325 719 5399 agitationi
742 5326 856 5395 mentis,
881 5332 912 5381 ut
936 5317 1041 5398 quiete'
1056 5331 1085 5383 et
1099 5339 1201 5382 somno
1217 5339 1321 5398 corpus
1337 5325 1453 5379 irruatur.
1492 5321 1594 5397 Neque
1685 5390 1687 5393 ¹

246 5423 343 5476 umen
367 5413 434 5472 inde
457 5416 601 5489 sequitur,
625 5429 683 5470 non
706 5414 801 5470 inesse
824 5411 933 5470 inhoc
955 5420 1068 5471 terreno
1093 5426 1211 5485 corpore
1234 5411 1371 5467 animam.

333 5500 417 5560 Ciere
447 5505 543 5558 adrem
573 5499 610 5557 ad
639 5490 850 5574 praescriptum
879 5505 1074 5573 aspectuum,
1100 5498 1155 5555 hoc
1182 5512 1237 5572 ego
1254 5496 1320 5559 dixi
1352 5513 1456 5554 munus
1479 5499 1594 5557 animae

246 5588 353 5648 Terrae
378 5600 407 5646 et
430 5588 562 5664 probavi.
607 5586 652 5643 Tu
677 5588 793 5643 intactis
817 5578 930 5656 causis,
958 5601 1009 5643 cnr
1032 5585 1087 5643 hoc
1109 5587 1223 5643 animae
1247 5583 1354 5643 Tenue
1378 5581 1593 5659 transscribat'n‚

245 5679 318 5737 satis
341 5676 448 5744 babes,
477 5673 565 5736 aliam
589 5673 630 5731 illi
653 5675 829 5734 substituere
851 5671 953 5746 mundi
975 5675 1102 5736 animam
1133 5671 1170 5735 ad
1193 5671 1329 5760 obeunda
1351 5670 1463 5756 isthaec
1485 5672 1593 5764 munia
