3684 7259
722 1246 1070 1334 inanimatam.
1504 1214 1604 1344 'aar'

214 1421 303 1488 possit
321 1421 422 1490 aliquid
441 1404 558 1478 coeleste
577 1424 745 1493 comparari,
774 1387 908 1492 quamvis=
923 1424 1069 1493 plurimum
1096 1422 1166 1476 inter
1193 1435 1223 1474 sa
1250 1418 1378 1488 gradibus
1405 1419 1569 1476 inventionis

216 1500 419 1569 prioritatisque
437 1503 562 1558 differant
581 1506 670 1573 capita
688 1504 727 1557 rei
746 1505 873 1568 musicae,
892 1520 1007 1573 qnorum
1024 1503 1078 1557 hon
1095 1499 1232 1555 residuum
1251 1511 1313 1554 esse
1331 1496 1404 1554 dicit.

301 1597 375 1649 Nota
393 1597 442 1651 ΙΙΙ.
480 1598 638 1654 Differentia
657 1600 867 1667 comparationis
885 1598 969 1666 hujus
988 1605 1015 1652 et
1032 1597 1114 1654 illius.
1133 1610 1204 1664 quae
1222 1594 1312 1662 eapite
1329 1594 1352 1649 8.
1371 1591 1429 1663 fuit,
1449 1602 1492 1650 est
1509 1594 1570 1664 ista,

215 1674 339 1743 quodibi
357 1676 485 1731 zodiacus
504 1694 520 1731 a
538 1686 611 1732 certo
630 1677 706 1730 initio
726 1685 855 1731 extensus
875 1685 1047 1745 comparatus
1065 1675 1119 1729 tuit
1136 1673 1277 1744 systemati
1295 1671 1432 1741 perfeeto,
1452 1673 1568 1728 hicnon

215 1753 342 1807 zodiacus
359 1771 409 1823 per
427 1772 471 1826 se,
499 1759 547 1811 sed
566 1757 683 1813 circulus
706 1757 818 1811 semisse
838 1756 907 1825 signi
927 1764 991 1811 ante
1008 1756 1097 1809 locum
1116 1752 1187 1807 Solis
1205 1752 1343 1820 inceptus,
1372 1756 1401 1807 et
1418 1752 1445 1805 iu
1464 1752 1570 1806 Venere

215 1830 323 1899 quidem
342 1840 369 1884 et
387 1835 522 1889 Mercurio
550 1852 583 1889 ne
610 1834 727 1890 circulus
747 1836 871 1902 quidem,
898 1835 950 1889 sed
976 1832 1050 1888 nuda
1078 1833 1160 1887 series
1179 1829 1350 1885 redeuntium
1369 1831 1569 1899 apparitionum
1658 1869 1661 1879 .

216 1907 309 1961 eodem
329 1912 357 1963 in
376 1928 440 1965 areu
460 1913 561 1982 circuli,
581 1914 658 1982 cujus
677 1913 793 1967 medium
813 1913 860 1968 Sol
879 1920 1003 1981 occupat,
1022 1911 1108 1966 eidem
1128 1910 1266 1980 systemati
1286 1914 1466 1977 eomparatur.
1502 1910 1570 1977 Cog-

215 1988 289 2042 natio
309 2006 371 2043 vero
390 1990 472 2058 hujus
490 1993 699 2061 comparationis
718 2009 779 2046 eum
797 1992 858 2061 illa,
887 2008 957 2060 quae
984 1991 1038 2045 luit
1064 1992 1154 2060 capite
1172 1992 1201 2055 9,
1229 1990 1256 2042 iu
1286 1989 1339 2042 hoe
1357 1988 1417 2055 ipso
1436 1987 1570 2053 consistit,

216 2067 289 2133 qnod
307 2069 343 2120 ibi
363 2070 471 2137 quidem
489 2070 517 2123 in
535 2086 633 2138 genere
652 2070 738 2125 omnis
756 2071 867 2140 planeta
888 2069 1067 2141 ponderosior
1084 2069 1221 2139 praestitit
1239 2069 1345 2137 signum
1363 2066 1502 2121 divisionis
1520 2068 1570 2120 eir

217 2147 270 2200 enli
288 2164 341 2201 non
362 2148 454 2215 realis,
483 2150 531 2204 sed
550 2151 710 2218 separatorii
728 2165 778 2205 sen
796 2151 987 2218 diastematici;
1015 2150 1118 2219 qnippe
1143 2149 1249 2205 initium
1276 2148 1336 2216 ejus
1364 2161 1414 2202 sen
1432 2144 1572 2200 divisionis

216 2224 321 2290 signum
340 2233 382 2279 est
400 2228 511 2295 mobile;
531 2229 627 2282 deiude
649 2229 759 2297 planeta
777 2230 873 2297 levior,
898 2237 1072 2298 comparatus
1090 2227 1124 2281 ad
1142 2227 1376 2296 ponderosiorsm,
1401 2224 1572 2293 perambulat

217 2320 310 2357 omnes
329 2315 456 2373 aspectus
475 2323 536 2360 eum
564 2308 750 2375 ponderosiori
768 2317 796 2364 et
820 2310 858 2363 illi
884 2317 1014 2377 aspectus
1042 2314 1120 2364 erant
1145 2306 1265 2361 membra
1283 2302 1492 2372 comparationis
1512 2318 1573 2356 enm

217 2381 406 2448 musicalibus,
434 2386 479 2439 hio
498 2403 551 2441 non
570 2387 683 2457 quilibet
701 2387 812 2457 planeta
830 2404 884 2443 non
902 2387 1096 2457 ponderosior,
1124 2386 1172 2441 sed
1191 2385 1275 2441 solius
1294 2383 1363 2439 Solis
1382 2381 1489 2451 signnm
1507 2380 1573 2436 facit

217 2459 273 2514 tale
291 2461 396 2515 initium
415 2464 576 2533 signumque
596 2466 747 2533 divisionis,
765 2473 793 2520 at
813 2483 873 2521 num
893 2482 925 2521 eo
944 2470 1136 2534 comparantur
1153 2465 1280 2534 planetae
1298 2468 1354 2516 tres
1373 2460 1526 2529 superiores
1545 2465 1573 2513 et

217 2537 297 2592 Luna
315 2541 472 2611 perfectius,
490 2544 631 2599 interiores
650 2546 843 2614 imperfectius.

305 2647 377 2701 Nota
395 2649 440 2701 tv.
478 2650 543 2703 Cum
572 2650 671 2703 sintin
690 2667 744 2705 uno
763 2656 911 2721 systemate
937 2650 1061 2719 pertento
1084 2649 1138 2704 duo
1157 2650 1304 2719 diapason,
1331 2647 1359 2703 in
1377 2645 1500 2715 quolibet
1518 2644 1571 2699 duo

218 2725 386 2779 diatessaron
406 2742 454 2780 seu
473 2729 655 2791 tetrachorda,
674 2747 756 2785 uuum
775 2730 901 2799 superius
920 2730 995 2795 (solio
1015 2730 1064 2785 172
1083 2730 1136 2784 mei
1154 2729 1244 2799 operis
1263 2741 1312 2782 seu
1330 2724 1435 2781 lib.'IlI.
1455 2739 1514 2791 cap.
1528 2724 1568 2782 ii.

219 2822 252 2861 ex
272 2805 380 2860 chordis
400 2808 429 2874 Γ,
448 2806 484 2873 A,
503 2806 539 2873 B,
560 2808 625 2862 Cet
645 2808 677 2876 G,
696 2826 722 2876 o,
742 2811 766 2877 b,
785 2811 818 2877 el,
834 2816 862 2864 et
878 2826 961 2864 unum
978 2808 1092 2864 inferius
1111 2810 1157 2879 (1),
1175 2808 1211 2877 Ε,
1231 2807 1266 2876 F,
1287 2806 1349 2862 Get
1366 2805 1392 2873 cl,
1412 2819 1433 2871 e,
1451 2804 1472 2873 f,
1489 2805 1525 2873 p),
1545 2806 1573 2856 et

218 2885 289 2938 inter
306 2885 352 2938 illa
370 2886 434 2940 bina
453 2885 552 2954 singuli
572 2887 639 2956 toni,
658 2888 685 2942 in
705 2904 759 2941 uno
778 2886 910 2956 diapason
930 2888 959 2957 d,
976 2887 1014 2956 D,
1033 2888 1060 2942 iu
1079 2887 1164 2943 altero
1183 2905 1205 2955 c,
1225 2887 1251 2952 d,
1269 2885 1315 2954 qui
1333 2879 1510 2941 tetrachorda
1528 2895 1572 2935 su·
