3684 7259
772 1205 855 1261 Liber
871 1204 920 1260 111.
942 1205 1029 1275 Caput
1045 1203 1094 1261 Ill.
1431 1291 1435 1307 Ι
1542 1214 1603 1276 atr
1678 1280 1681 1287 ,

210 1403 212 1406 ·
260 1378 391 1434 ficiscitur
410 1379 481 1433 actio
505 1378 649 1448 singularis
667 1393 701 1432 ex
720 1378 863 1435 dinamius
873 1380 1009 1450 rationis,
1036 1380 1082 1437 hic
1096 1381 1153 1450 jam
1171 1379 1241 1435 actio
1260 1378 1406 1437 habitualis
1426 1383 1607 1453 proficiscitur

260 1475 295 1514 cx
312 1460 441 1515 memoria
458 1459 555 1528 prioris
574 1458 668 1512 similis
687 1459 809 1528 senonis,
828 1474 909 1527 quam
928 1474 998 1516 nova
1016 1460 1145 1515 imitatur.
1180 1458 1312 1515 Memoria
1330 1475 1393 1514 vero
1417 1464 1529 1519 cerebro
1546 1467 1607 1522 niti·

259 1543 312 1605 tur,
330 1538 508 1592 instrumento
527 1553 665 1607 corporeo,
683 1544 713 1592 ut
730 1544 758 1591 et
775 1537 835 1592 loco
849 1536 975 1592 cerebelli
992 1539 1100 1605 motivo,
1120 1554 1183 1592 cum
1206 1552 1221 1592 ι
1240 1537 1372 1592 contrario
1390 1539 1608 1601 ratiocinationes

260 1633 313 1671 non
333 1617 372 1672 sic
390 1617 528 1683 indigeant
545 1618 724 1671 instrumento
742 1632 881 1685 corporeo.

346 1698 418 1753 Nota
437 1697 536 1751 XVIII.
571 1696 646 1750 ilaec
664 1695 818 1765 specialiter
836 1696 874 1751 ait
892 1696 931 1751 sic
949 1695 1009 1750 fieri
1027 1696 1061 1749 ab
1079 1694 1126 1750 illa
1144 1694 1258 1761 ratione,
1278 1709 1347 1761 quae
1365 1697 1436 1751 circa
1453 1696 1607 1756 harmonias

256 1785 416 1845 'occupatur
435 1778 498 1845 quia
516 1775 702 1830 universaliter
720 1775 806 1829 omnis
824 1775 894 1829 ratio
913 1773 1014 1844 trIplex
1032 1771 1084 1829 hoc
1103 1774 1246 1850 discrimen
1265 1774 1399 1831 observat.
1422 1825 1425 1832 ,

347 1868 488 1944 Adeoque
508 1868 573 1944 jure
595 1868 698 1927 merito
721 1865 857 1936 affirmari
879 1873 985 1942 potest,
1009 1865 1088 1943 quod
1111 1867 1176 1943 ipsa
1197 1870 1285 1926 etiam
1308 1874 1470 1931 communis
1485 1876 1608 1934 scientia

260 1956 446 2016 rationalium
469 1958 643 2033 specierum,
674 1953 879 2013 mathematice
906 1951 1072 2031 speeiaIIter
1100 1952 1180 2013 dicta
1188 1950 1265 2033 ¹¹¹),
1297 1973 1355 2015 non
1386 1961 1414 2016 in
1438 1958 1517 2020 nuda
1538 1962 1607 2039 pul·

262 2045 466 2105 cherrimarnm
489 2060 583 2101 rernm
607 2040 807 2118 speculatione
830 2039 977 2115 versetur,
1000 2049 1033 2100 ut
1056 2040 1146 2116 aliqui
1170 2043 1313 2117 suspicari
1335 2055 1480 2121 possent,¹
1501 2048 1554 2108 sod
1577 2050 1606 2113 in

260 2132 525 2208 repraesentatione
561 2129 647 2187 simul
678 2138 708 2189 ιι
741 2131 772 2186 in
802 2128 1008 2202 meditatione,
1044 2145 1120 2203 quae
1155 2146 1191 2188 ex
1222 2127 1280 2189 lida
1313 2133 1475 2194 imitatione
1512 2136 1608 2198 solent

261 2222 385 2280 existere
396 2215 457 2296 Π).

346 2318 418 2373 Nota
435 2316 508 2371 XIX.
534 2315 584 2369 llic
602 2332 619 2368 a
636 2313 774 2379 facultate,
790 2313 963 2371 considerata
980 2320 1011 2367 nt
1028 2311 1189 2383 substantia,
1209 2316 1306 2371 transit
1323 2317 1358 2372 ad
1371 2318 1509 2379 amicus
1526 2324 1607 2396 illins,

259 2399 286 2454 id
305 2406 347 2452 est
365 2398 399 2452 ad
418 2396 498 2451 animi
517 2394 647 2458 habitum,
665 2392 769 2448 scilicet
786 2391 820 2445 ad
839 2390 980 2446 scientiam
997 2392 1215 2461 respondentem,
1234 2395 1392 2465 ostendens,
1412 2399 1486 2468 quod
1503 2401 1532 2456 ln
1548 2409 1608 2458 tota

259 2476 307 2538 illa
323 2476 392 2530 ratio
410 2475 449 2529 sic
466 2473 609 2546 tripliciter
627 2480 763 2541 operetur.
800 2470 878 2524 Prius
898 2470 969 2524 enlm
991 2470 1130 2525 aratione
1149 2471 1307 2527 harmonica
1328 2478 1490 2535 transiverat
1513 2480 1548 2535 ad
1566 2498 1608 2536 ra·

259 2556 359 2610 tionem
379 2553 534 2623 simpliciter
552 2557 580 2605 et
597 2549 784 2605 universaliter
802 2550 1008 2606 consideratam.
1044 2549 1123 2604 Illius
1148 2550 1229 2619 igitur
1253 2551 1378 2621 specialis
1402 2556 1515 2613 rationis
1532 2559 1608 2614 habi·

261 2645 305 2691 tus
324 2633 450 2704 specialis
469 2640 527 2688 erat
545 2631 664 2686 scicntia
676 2630 841 2697 harmonica,
859 2628 942 2698 hujus
961 2629 1123 2699 generaliter
1140 2627 1327 2688 consideratae
1342 2632 1452 2690 habitus
1475 2637 1609 2704 generalis

261 2721 303 2769 est
321 2712 433 2767 scientia
451 2711 648 2767 mathematica.
684 2710 760 2765 Hanc
779 2708 900 2779 appellat
917 2723 1085 2765 communem
1104 2708 1275 2764 rationalium
1288 2711 1438 2777 specierum
1459 2716 1607 2791 scientiam,
1638 2738 1642 2743 ’

261 2809 310 2849 sen
328 2792 400 2861 quia,
420 2792 465 2861 qui
482 2788 699 2845 mathematicam
717 2787 886 2859 pronunciat,
904 2789 928 2843 is
947 2803 1039 2844 omnes
1058 2790 1117 2857 ejus
1136 2788 1262 2844 scientias
1280 2804 1335 2843 nna
1351 2806 1418 2847 soce
1434 2795 1609 2863 comprehen-

261 2873 334 2929 disse
350 2871 467 2939 videtur,
495 2876 524 2926 ut
542 2871 581 2924 sic
597 2866 744 2923 rationales
763 2868 868 2937 species
887 2866 941 2922 sint
959 2868 1025 2922 nihil
1043 2866 1131 2937 alind,
1157 2884 1237 2938 quatu
1257 2868 1324 2922 varii
1333 2869 1452 2944 habitus
1470 2874 1608 2930 facultatis

260 2951 477 3016 ratiocinatum,
504 2965 553 3003 seu
572 2948 633 3016 quia
652 2946 844 3002 mathematica
869 2946 1021 3014 subjectum
1039 2947 1094 3002 tale
1112 2947 1196 3010 hahet
1214 2948 1410 3018 (quantitates,
1435 2968 1562 3008 numeros
1580 2961 1609 3008 et

260 3030 477 3101 proportiones),
496 3026 569 3094 qnod
587 3026 621 3080 ad
640 3040 733 3079 omnes
750 3025 848 3080 mentis
866 3023 974 3078 habitus
992 3026 1121 3094 pertinet,
1150 3025 1190 3080 sic
1208 3034 1239 3080 nt
1257 3025 1370 3095 quilibet
1387 3031 1480 3084 eorum
1507 3030 1609 3101 aliquid

260 3110 342 3178 hujus
361 3108 412 3161 sibi
429 3105 603 3175 peculiariter
628 3114 676 3158 aut
694 3103 824 3172 peculiari
841 3112 966 3171 respectu
991 3105 1110 3159 riudicet
1134 3103 1255 3173 illudque
1277 3097 1423 3172 specialius
1446 3110 1554 3166 excolat
1582 3117 1609 3165 et

262 3185 479 3245 conclusionibus
506 3183 702 3239 mathematicis
729 3176 925 3237 universalibus
952 3199 1016 3239 suas
1043 3183 1167 3254 proprias
1195 3190 1379 3254 superstruat3
1412 3186 1468 3242 sire
1489 3179 1609 3260 'denique

265 3266 371 3337 species
389 3264 534 3319 rationales
553 3263 597 3317 hic
615 3278 669 3316 non
688 3270 752 3316 sunt
769 3261 821 3330 ipsi
839 3261 955 3332 habitus,
974 3265 1022 3320 sed
1040 3263 1147 3319 illorum
1165 3262 1280 3332 objecta,
1305 3262 1421 3333 etquis,
1440 3271 1471 3319 nt
1487 3267 1609 3335 singulae

261 3345 314 3399 hae
332 3344 438 3412 species
456 3342 560 3396 ratione
579 3339 790 3410 comprehensae
809 3339 931 3407 singulas
948 3340 1171 3397 ciccumscribnnt
1195 3340 1337 3412 scientIas,
1364 3348 1436 3398 artes
1454 3349 1483 3398 et
1499 3343 1609 3411 habitus
1686 3345 1692 3353 '

263 3422 425 3493 operativos,
444 3420 518 3476 verbi
537 3434 620 3474 causa
637 3419 740 3487 figurae
758 3418 940 3488 geometriam,
960 3420 1063 3475 numeri
1078 3418 1282 3487 arithmeticam,
1301 3418 1456 3476 harmoniae
1475 3420 1609 3477 harmoni·

263 3518 322 3571 cen,
342 3499 381 3554 sic
399 3514 492 3553 omnes
510 3499 562 3552 hae
581 3499 686 3568 species
701 3499 818 3566 iunctim
830 3498 1018 3553 consideratae
1031 3498 1255 3553 circumscribunt
1272 3512 1357 3567 aeque
1369 3497 1609 3568 latamsoientiam,

263 3594 333 3648 quae
352 3576 540 3632 mathematice
559 3577 663 3632 dicitur.

351 3657 424 3712 Nota
441 3657 500 3711 XX.
538 3657 590 3723 Ait,
609 3658 680 3711 hanc
698 3655 836 3710 scientiam
855 3656 954 3710 dictam
974 3668 1035 3708 esse
1051 3651 1206 3726 specialiter
1223 3654 1448 3725 mathematicam,
1468 3657 1610 3726 quiscum

262 3753 316 3792 ror
335 3751 352 3790 a
369 3734 497 3789 discendo
516 3734 678 3803 descendat,
705 3734 795 3788 omnia
812 3733 921 3801 quidem
948 3732 1001 3786 alia
1019 3732 1174 3793 discuntur.
1199 3732 1354 3801 specialiter
1371 3748 1434 3788 reno
1452 3734 1516 3805 illa,'
1539 3750 1611 3805 qnae

262 3813 310 3871 illo
329 3812 420 3867 seculo
438 3812 531 3882 pneris
548 3814 634 3882 primo
652 3813 771 3868 omnium
794 3811 829 3867 ad
849 3810 1006 3867 discendum
1024 3811 1256 3880 proponebantur,
1284 3810 1406 3867 docmina
1424 3811 1457 3866 tle
1475 3814 1610 3881 quantita·

264 3894 339 3949 tibus
357 3897 385 3945 et
402 3891 527 3945 numeris.
596 3900 602 3911 ‘

353 3980 451 4042 Utitur
474 3986 550 4042 enirn
572 3983 646 4043 haec
668 3990 728 4042 tam
750 3988 901 4059 praestans
925 3980 1049 4041 facultas
1074 3982 1211 4057 proauis
1235 3979 1315 4040 velut
1338 3982 1536 4041 iustrumentis
1558 4000 1611 4041 seu

233 4109 235 4113 ·
265 4072 405 4133 ministris
427 4087 565 4129 sensuum
589 4070 753 4147 praecipuIs
776 4077 806 4128 et
827 4063 1101 4141 admirabilissimis,
1126 4070 1191 4127 visu
1215 4076 1244 4127 et
1259 4066 1370 4142 auditu,
1394 4071 1446 4144 qui
1467 4086 1537 4146 prae
1560 4087 1610 4130 ce·

266 4162 336 4220 ιιιιι
365 4175 453 4233 quam
484 4160 609 4216 maxime
640 4175 672 4217 se
704 4174 805 4216 versus
834 4149 995 4232 priucip'em
1023 4156 1138 4213 animae
1165 4154 1335 4214 facultatem
1356 4158 1520 4232 porrigunt,
1551 4158 1608 4216 soli

265 4265 337 4307 vero
359 4263 414 4304 sua
436 4246 552 4322 objecta
574 4261 632 4304 non
655 4244 807 4320 voluptate
829 4243 910 4317 sola,
940 4242 992 4301 sed
1014 4241 1107 4300 multo
1129 4242 1226 4316 magis,
1250 4241 1404 4301 honestate
1428 4249 1456 4303 ιι
1477 4243 1608 4319 pulchri-

267 4335 367 4395 tudine
390 4335 547 4391 metiuntur
558 4328 631 4412 ¹¹1).
675 4331 710 4390 In
732 4329 924 4406 unoquolibet
947 4332 1024 4389 enlm
1046 4344 1133 4388 sensu
1165 4333 1261 4387 certae
1284 4330 1429 4404 quaedam
1452 4333 1609 4391 inveniun-

267 4431 313 4482 tur
336 4419 517 4479 sensibilium
540 4418 734 4492 differentiae,
765 4420 843 4477 verbi
868 4434 958 4476 causa
981 4416 1140 4496 visibilium
1163 4414 1356 4476 differentiae:
1386 4417 1486 4477 album
1508 4426 1538 4478 ιι
1560 4422 1609 4478 ni·

266 4527 368 4587 ςιιιιιι,
391 4506 581 4565 audibilium:
604 4513 722 4565 acutum
744 4514 773 4565 et
794 4522 898 4581 grave,
932 4502 1141 4573 odorabilium:
1164 4503 1295 4579 fragrans
1316 4512 1346 4564 et
1368 4503 1521 4580 foetIdum,
1551 4524 1609 4583 gu-

267 4595 428 4656 stabilium:
453 4593 536 4653 dulce
560 4602 588 4654 et
611 4611 758 4665 amarum,
782 4591 936 4652 tactiIium:
960 4590 1063 4669 molle,
1091 4592 1116 4649 si
1139 4607 1197 4650 usu
1217 4592 1325 4664 veniat,
1349 4599 1378 4651 ιι
1400 4591 1522 4669 durum}
1544 4610 1609 4653 om-

241 4735 254 4762 ,
268 4686 337 4741 nino
361 4680 440 4757 qnod
464 4684 568 4757 cuique
592 4679 818 4740 differentiarum
839 4681 1017 4740 conveniens
1039 4681 1077 4737 ait
1101 4674 1322 4758 valonam).
1366 4677 1524 4740 Pulchrum
1540 4699 1609 4742 vero

269 4780 298 4831 et
321 4769 449 4830 deforme
468 4768 508 4828 de
532 4767 695 4840 tactssibus,
728 4765 924 4842 gustabilihus
948 4766 994 4827 vel
1017 4764 1217 4825 odorabIlibns
1239 4782 1325 4825 nemo
1348 4769 1529 4842 enuntiabit,
1556 4768 1610 4828 sed

269 4857 305 4917 de
336 4856 406 4915 solis
435 4856 600 4914 visibilibus
630 4863 660 4914 et
687 4854 879 4927 audibilibus,
909 4862 942 4913 ut
971 4853 1123 4913 deforma
1154 4852 1201 4912 vel
1225 4860 1328 4926 cantu,
1361 4860 1413 4913 aut
1436 4870 1549 4915 rursum
1572 4848 1609 4915 de

268 4944 446 5005 coelestibus
468 4944 645 5001 motionibus
668 4949 719 5001 aut
741 4943 875 5001 humanis
897 4933 1164 5019 catonianum).
1209 4938 1281 4999 Inde
1304 4945 1357 5012 est,
1382 4940 1462 5017 qnod
1482 4942 1538 5002 soli
1561 4945 1609 5003 isti

269 5032 327 5091 dno
350 5048 454 5090 sensus
476 5047 529 5089 nec
552 5048 620 5088 suas
643 5028 761 5087 tradunt
782 5046 902 5106 operas,
930 5044 989 5088 una
1014 5027 1134 5086 alterius
1162 5028 1256 5087 vicem
1288 5029 1317 5084 in
1341 5029 1608 5106 comprehensioni-

269 5121 324 5179 bus
347 5117 580 5176 administrantes
610 5118 703 5188 rarie,
734 5119 848 5176 animae
875 5115 1015 5176 facultate
1040 5113 1177 5174 rationali
1199 5130 1286 5187 usae,
1317 5117 1425 5191 quippe
1454 5133 1610 5192 germanae

270 5203 485 5283 quodammodo
508 5221 621 5262 sorores
644 5204 773 5263 effectae.
819 5202 902 5278 Quae
918 5204 995 5262 euim
1015 5199 1198 5261 solummodo
1215 5200 1344 5259 visibllia
1359 5209 1435 5276 sunt,
1458 5200 1509 5263 illa
1524 5202 1610 5263 audi-

269 5305 317 5353 tus
350 5292 545 5350 mediantibus
577 5290 759 5350 sermonibus
789 5288 912 5361 indicat,
946 5306 1021 5366 quae
1051 5304 1119 5347 vero
1149 5286 1331 5347 solummodo
1360 5296 1428 5368 qnnt
1458 5290 1608 5366 audibilia,

270 5382 390 5440 nunciat
413 5380 493 5437 visus
516 5377 710 5438 medlentibns
739 5378 896 5455 seripturis.
941 5376 1047 5452 Fitque
1063 5373 1173 5433 multis
1195 5373 1306 5450 modis,
1337 5385 1370 5436 ut
1392 5377 1530 5454 majorem
1553 5376 1609 5438 ha-

270 5469 360 5528 beant
383 5465 559 5526 evidentiam
581 5466 654 5524 haec
676 5464 790 5523 illorum
813 5463 905 5523 veluti
928 5463 1037 5542 vicpria
1058 5461 1170 5535 mania,
1201 5479 1288 5539 quam
1314 5464 1339 5521 si
1362 5464 1469 5541 singuli
1498 5471 1610 5527 tantum

275 5556 456 5632 propriorum
479 5570 597 5612 suorum
619 5552 798 5628 objectorum
821 5551 994 5609 internuncii
1016 5550 1179 5609 exteterant
1224 5546 1265 5611 Ut
1286 5563 1352 5609 curn
1374 5568 1424 5625 ea,
1448 5553 1611 5630 quaa-sola

272 5646 402 5704 oratione
426 5640 499 5703 tradi
515 5649 646 5717 possunt,
668 5656 720 5719 par
741 5643 869 5716 picturas
891 5644 919 5698 ιι
941 5639 1028 5717 signa
1049 5635 1212 5701 afficiamur
1233 5636 1383 5702 intellecti
1405 5646 1614 5720 ιιιιιιιιιοιιιιι
