3684 7259
820 1229 854 1285 de
870 1227 1025 1284 Harmonia.
1484 1219 1485 1223 ἵ
1547 1231 1587 1294 33

334 1403 567 1481 Quindecangnli
592 1424 660 1466 vero
683 1406 887 1467 demonstratio
910 1407 995 1482 longe
1017 1415 1062 1466 est
1076 1406 1143 1466 alia.
1185 1406 1260 1465 Nam
1275 1405 1420 1465 baecnon
1434 1421 1485 1480 per
1499 1405 1590 1466 soilli

243 1492 389 1566 obvenit,
423 1493 476 1553 sed
504 1496 588 1569 qnasi
610 1512 662 1570 per
684 1494 828 1556 accidens.
867 1493 1006 1553 Scribitur
1029 1497 1103 1552 enim
1126 1493 1201 1552 latus
1229 1493 1366 1568 trianguli
1389 1493 1440 1551 ΑΕ
1462 1495 1589 1569 partium

246 1582 328 1652 120,
358 1590 389 1639 et
408 1582 550 1641 subtensa
580 1580 692 1639 duabus
716 1584 824 1656 quintis
848 1581 914 1653 AF,
943 1584 1067 1657 partium
1093 1584 1166 1653 144,
1198 1578 1360 1639 abeodem
1388 1582 1528 1656 principio
1551 1580 1587 1643 A.

244 1660 424 1726 Differentiae
446 1667 496 1726 EF
519 1678 564 1726 est
585 1671 710 1745 partium
734 1671 783 1741 tt,
807 1685 883 1743 qnae
906 1678 951 1727 est
973 1666 1155 1744 quindecima
1177 1684 1243 1744 pars
1260 1668 1365 1726 circuli.
1403 1666 1494 1727 Vides
1516 1669 1588 1727 mis·

245 1758 308 1813 eerl
331 1756 528 1814 trisectionem
551 1765 580 1813 et
602 1756 849 1830 quiuisectionem.
893 1754 997 1830 ltaque
1020 1754 1095 1814 latus
1119 1753 1340 1835 quindecanguli
1366 1753 1455 1813 habet
1477 1772 1588 1831 aequa·

247 1842 360 1901 tionem
381 1859 448 1901 cnm
470 1840 610 1901 diametro
641 1841 807 1917 longissime
830 1844 960 1918 petitam.
1006 1841 1128 1918 Oportet
1150 1844 1225 1901 enim
1256 1840 1391 1917 trianguli
1418 1840 1589 1917 aequilateri
1695 1877 1698 1882 >

246 1945 363 1988 sumere
385 1928 652 2006 perpendicularem
674 1928 747 2002 AR,
769 1932 812 1988 sic
833 1930 969 2005 trianguli
994 1929 1250 2006 qninquaugnlaris
1268 1928 1344 1987 AFP
1366 1928 1588 2005 perpendicula-

248 2033 312 2074 rem
336 2015 400 2089 tls,
424 2033 581 2092 eorumque
605 2015 795 2075 differentiam
817 2016 864 2075 RS
888 2016 934 2076 rel
957 2016 1025 2090 TF,
1063 2034 1175 2075 rursum
1197 2015 1347 2075 semilatus
1376 2015 1512 2091 trianguli
1536 2015 1588 2074 Eli

248 2111 282 2162 et
301 2101 455 2164 semilatns
478 2104 689 2179 quinquanguli
712 2102 757 2162 l'S
785 2120 941 2180 eorumque
963 2103 1152 2164 differentiam
1175 2100 1234 2162 ET.
1279 2102 1322 2161 Ex
1351 2103 1480 2180 potentia
1502 2104 1589 2180 igitur

250 2188 304 2248 ET
329 2199 358 2249 et
380 2190 431 2251 Tr
454 2192 635 2266 componitur
658 2192 787 2265 potentia
812 2191 866 2250 ΕΡ.

338 2274 376 2341 (ln
394 2275 479 2340 marg.)
515 2274 581 2327 Cum
598 2279 703 2326 ceterae
721 2281 812 2341 partes
831 2274 978 2342 aprinum
997 2271 1065 2342 dato>¹
1077 2278 1178 2340 puncto
1194 2271 1218 2325 A
1237 2270 1326 2339 inepte
1344 2270 1457 2326 describi
1473 2272 1588 2341 possint,

249 2348 459 2418 quindecangnli
476 2348 549 2405 latus
567 2350 607 2405 vel
626 2366 704 2405 arcus
722 2349 829 2403 minime
847 2358 946 2417 potest.
974 2350 1079 2419 Scripta
1098 2350 1168 2404 enim
1180 2350 1315 2421 triangulo
1334 2357 1361 2404 et
1379 2348 1587 2419 quinquangulo,

249 2444 332 2484 erens
351 2430 558 2500 quindecangnli
575 2445 624 2498 per
641 2429 766 2485 accidens
784 2428 854 2482 ultro
872 2427 986 2483 resultat
1003 2434 1030 2482 et
1047 2428 1073 2481 in
1086 2436 1177 2502 partes
1195 2429 1287 2484 circuli
1310 2428 1390 2499 longe
1408 2428 1473 2483 alias
1492 2427 1587 2482 evadit.

247 2509 320 2563 Item
339 2515 487 2563 ceterarum
504 2509 621 2578 partium
633 2514 723 2562 rectae
739 2506 814 2576 prius
832 2506 967 2563 habentur
984 2522 1064 2574 quam
1083 2520 1168 2559 arcus.
1199 2507 1286 2561 Arcus
1304 2507 1375 2560 eninr
1392 2521 1425 2561 ex
1443 2513 1523 2562 recta.
1553 2506 1590 2561 At

249 2586 462 2656 quindecangnli
482 2594 557 2641 recta
575 2587 706 2642 subteneo
720 2587 836 2641 habetur
854 2602 888 2641 ex
906 2603 972 2641 arco
996 2593 1102 2656 etpost
1119 2601 1187 2640 eum.
1211 2587 1255 2640 2ln
1273 2574 1400 2641 summa?
1411 2601 1489 2641 arcus
1509 2588 1539 2641 lb
1558 2585 1589 2639 lit

250 2666 269 2723 ³
288 2707 295 2719 .
313 2668 340 2720 5.
377 2666 473 2733 ltaque
491 2664 734 2734 qnindecangnlnm
751 2679 805 2718 non
824 2672 866 2718 est
883 2664 926 2718 sui
943 2665 1043 2733 ipsius,
1062 2666 1110 2721 sed
1128 2666 1225 2735 partim
1242 2667 1380 2734 trianguli,
1399 2666 1496 2735 partim
1513 2664 1588 2733 quin·

250 2744 392 2814 qnangnli.
428 2745 532 2813 Scitur,
549 2759 605 2798 non
622 2751 755 2813 quatenus
773 2742 861 2812 ipsum
879 2750 921 2798 est
938 2743 1029 2812 aliqua
1047 2743 1141 2815 figura,
1167 2744 1214 2799 sed
1230 2750 1363 2812 quatenns
1381 2749 1423 2797 est
1440 2741 1589 2797 diderernia

252 2823 370 2878 duarum
387 2822 542 2890 figurarum.
1379 2814 1386 2831 ’
1678 2876 1682 2890 ,

343 2897 386 2955 lix
410 2897 466 2955 hac
489 2898 574 2955 unica
595 2896 759 2972 objectione
782 2895 903 2972 ejusque
925 2895 1070 2955 solutione
1092 2903 1181 2975 patet,
1205 2895 1262 2956 duo
1279 2897 1427 2975 superiora
1442 2895 1588 2954 momnis

248 2985 343 3063 paulo
365 2984 515 3043 limitatius
536 2983 726 3055 informanda,
749 2982 865 3057 adjecta
886 2984 1030 3060 particula
1043 2986 1210 3061 proprie,
1235 3001 1308 3059 qnae
1324 2987 1398 3043 inter
1412 2984 1495 3041 initia
1518 2998 1588 3040 con-

249 3075 398 3132 tusionem
419 3080 482 3130 erat
504 3075 642 3148 paritura,
665 3073 764 3145 itaque
787 3071 921 3129 omittere
940 3070 1021 3130 illam
1036 3071 1124 3143 volni,
1148 3073 1316 3147 praesertim
1336 3088 1401 3129 cnm
1416 3071 1501 3129 unica
1516 3069 1588 3128 baec

249 3162 291 3220 ait
313 3158 449 3235 objectio.
493 3158 527 3216 ln
555 3160 656 3218 ceteris
679 3157 812 3216 omnibus
834 3158 934 3217 valent
955 3161 1106 3235 oppositae
1122 3176 1209 3218 voces
1231 3160 1435 3235 geometricum
1450 3164 1480 3216 et
1501 3152 1587 3234 clysm-
1675 3217 1678 3224 ,

248 3268 403 3325 puppam.
447 3244 612 3305 Notandum
641 3261 710 3303 vero
738 3253 796 3317 est,
819 3248 1025 3321 geometricum
1056 3263 1118 3305 esse
1148 3246 1195 3305 hie
1222 3263 1279 3304 non
1309 3253 1419 3305 tantum
1447 3267 1480 3305 ιο
1502 3239 1589 3323 (iocor

249 3355 334 3411 μηιει
356 3333 404 3393 vel
426 3341 557 3407 emanas,
587 3331 639 3392 sed
662 3334 750 3391 etiam
779 3353 813 3393 ιο
835 3329 940 3410 dloyor
962 3333 1083 3408 ejusque
1105 3331 1231 3392 infinitas
1259 3336 1371 3409 species
1393 3349 1428 3392 ex
1449 3330 1522 3391 libro
1545 3330 1586 3389 X.

250 3419 384 3479 Euclidis
412 3420 626 3497 propagandas.
672 3418 796 3490 Contra,
827 3421 881 3478 etsi
903 3437 978 3494 qnae
1007 3430 1074 3480 sunt
1095 3416 1308 3498 ἀγιωμιτρητα,
1340 3438 1376 3479 ea
1403 3426 1471 3477 suut
1500 3420 1588 3479 etiam

251 3505 361 3587 ἄλογα,
384 3516 480 3566 minen
503 3505 596 3588 dloyc
624 3509 679 3564 nisi
701 3508 731 3563 in
752 3503 815 3564 lato
836 3505 1000 3583 significatu
1029 3507 1085 3567 dici
1109 3524 1166 3567 non
1188 3507 1356 3568 debuerunt
1399 3505 1474 3566 Nam
1501 3505 1587 3582 plano

251 3593 336 3655 nulla
357 3601 403 3654 cst
423 3617 481 3655 ross
501 3590 723 3672 dycmpsrppcor
745 3589 788 3672 (ut
809 3592 907 3652 lateris
930 3593 1102 3671 septanguli,
1126 3594 1291 3671 nouangnli,
1311 3591 1512 3670 uudecanguli,
1528 3601 1588 3653 tre-

252 3679 420 3758 decangnli)
441 3683 577 3753 scientia,
608 3697 666 3740 uon
693 3688 805 3738 tantum
835 3679 950 3740 delectu
977 3689 1093 3741 nostrae
1114 3684 1251 3764 notitiae),
1281 3676 1445 3741 sedetiam
1475 3680 1588 3741 delectu

252 3771 350 3846 ipsine
371 3776 494 3829 naturae
516 3785 609 3828 rerum
630 3770 876 3843 geometricorum.

341 3855 379 3914 lit
400 3854 568 3926 notandum,
592 3851 669 3929 qnod
689 3852 763 3912 haec
784 3851 983 3933 ἁγιωμιτρητα
1007 3854 1180 3915 insolidum
1205 3865 1377 3931 respuantur
1397 3856 1435 3915 ab
1457 3857 1583 3930 auribus,

254 3941 440 4020 quindecima
469 3958 538 4002 vero
565 3959 632 4018 pars
660 3940 757 4000 circuli
781 3957 837 4001 non
867 3942 1057 4014 insolidum,
1089 3944 1157 4018 quis
1182 3960 1276 4019 neque
1298 3940 1510 4022 ἀγεωμειρητος
1531 3951 1584 4022 est,

254 4030 308 4090 sed
330 4032 536 4107 geometricam
558 4029 639 4105 (licet
660 4030 844 4105 impropriam
867 4036 895 4088 et
910 4029 1077 4105 longissime
1091 4032 1226 4106 petitam)
1246 4030 1466 4105 descriptionem
1488 4029 1584 4089 habet.

254 4116 321 4178 Hoc
344 4127 442 4176 antem
463 4116 594 4193 probabo
617 4133 652 4175 cx
675 4117 842 4192 anticipato.
886 4115 966 4175 Intra
987 4118 1063 4175 enim
1085 4115 1260 4191 ostendetur,
1284 4127 1395 4193 partem
1412 4116 1584 4177 sedecimam

255 4222 322 4265 cnm
345 4212 408 4263 toto
431 4206 605 4264 constituere
628 4211 753 4278 quatuor
775 4212 904 4278 octavas,
927 4205 989 4263 sire
1010 4225 1139 4283 τιτρακις
1157 4208 1205 4265 dra
1224 4226 1332 4265 aanor.
1371 4203 1430 4265 Sed
1451 4202 1494 4290 lg
1515 4221 1584 4282 pro-

256 4293 374 4352 babitur
397 4308 462 4352 esse
484 4292 667 4351 semitonium
689 4291 858 4367 legitimum,
882 4289 1062 4375 et1¹3sunt
1088 4300 1211 4367 quatuor
1232 4299 1363 4355 octavae.
1406 4292 1484 4368 Ergo
1514 4292 1585 4351 snb-

256 4382 399 4440 trsctiona
420 4381 578 4449 (alsistona)⁴
594 4378 679 4450 laets,
701 4376 744 4461 ,¹3
773 4388 818 4439 est
839 4373 1022 4439 intervallum
1052 4401 1181 4458 ιιιρακις
1207 4384 1253 4441 δια
1275 4401 1374 4441 aanor
1406 4382 1500 4439 minus
1526 4394 1583 4437 nno

256 4468 421 4528 semitonio.
464 4463 556 4524 Porro
579 4471 690 4524 tantum
712 4468 804 4537 abest,
829 4474 859 4524 nt
873 4465 1096 4526 discordantiam
1118 4468 1203 4526 nnius
1218 4469 1362 4526 semitonii
1378 4466 1491 4545 fugiant
1504 4482 1585 4526 com-

255 4557 401 4632 ponistrre,
424 4559 456 4611 nt
476 4554 582 4629 potins,
605 4554 630 4610 si
651 4551 727 4612 hane
748 4554 819 4629 ipsis
835 4552 1058 4613 discordantiam
1072 4555 1186 4632 eripias,
1209 4570 1322 4614 omnem
1339 4562 1439 4616 cantus
1452 4555 1583 4631 gratiam,

255 4641 428 4720 praesertim
449 4639 601 4716 pathetici,
625 4648 773 4717 erepturus
794 4640 843 4700 sis.
1032 4699 1036 4707 ,

344 4727 420 4788 lices
442 4743 529 4803 quam
550 4735 684 4787 accurate
707 4728 822 4803 depicta
843 4727 881 4786 sit
902 4725 975 4786 baec
988 4743 1034 4786 res
1055 4728 1085 4785 in
1107 4726 1330 4807 quindecaoguli
1343 4729 1585 4791 demonstratione

256 4813 453 4877 accidentaria
474 4821 562 4890 atquc
584 4815 819 4875 exuaordinaria.
863 4814 901 4872 Et
921 4813 994 4874 baec
1014 4814 1052 4874 ad
1075 4815 1295 4892 explicationem
1316 4815 1355 4876 ll.
1380 4824 1409 4876 et
1429 4814 1483 4873 111.
1501 4816 1585 4875 axio-

257 4905 355 4963 mstis.

344 4986 398 5048 IV.
421 4988 578 5047 Arioma
600 4987 715 5047 videtur
730 5009 747 5048 a
762 4990 905 5047 communi
919 4989 1022 5047 notitia
1036 4989 1250 5051 accersendum.
1285 4988 1420 5050 Nondum
1440 4989 1516 5048 enim
1539 4991 1585 5048 vi-

257 5077 326 5137 dore
349 5078 449 5151 potui,
472 5077 522 5152 qui
554 5072 741 5134 demonstrari
764 5076 869 5153 possit:
901 5078 928 5133 si
950 5084 1028 5134 totns
1055 5077 1177 5138 circulus
1200 5082 1228 5136 in
1250 5077 1306 5135 duo
1329 5078 1415 5136 abeat
1436 5083 1586 5153 segmenta

258 5167 385 5224 invicem
408 5160 620 5234 concordantia,
642 5179 763 5238 quornm
786 5179 873 5222 unum
895 5162 1050 5222 concordat
1071 5182 1136 5225 cnm
1158 5173 1228 5237 toto,
1250 5162 1391 5239 reliquum
1412 5165 1499 5222 etiam
1521 5181 1586 5223 cunr

258 5259 321 5312 toto
345 5249 532 5310 consonabit:
555 5256 585 5309 et
606 5251 630 5307 si
653 5266 721 5326 ergo
744 5252 832 5309 totius
854 5258 1004 5326 segmenta
1026 5267 1090 5310 cnm
1111 5259 1173 5311 toto
1188 5249 1303 5327 singula
1318 5250 1499 5325 concordant,
1522 5254 1586 5328 ipsa

260 5342 336 5399 inter
357 5354 390 5398 se
412 5334 597 5398 concordent.

345 5423 437 5484 Parce
459 5422 571 5506 loquor,
595 5429 627 5483 ut
648 5431 802 5499 appareat:
825 5441 882 5483 non
905 5421 978 5496 dico,
1002 5441 1190 5501 quascunque
1206 5421 1262 5483 dno
1285 5441 1349 5484 cnm
1365 5427 1449 5486 tertio
1466 5441 1586 5485 concor-

261 5512 339 5584 dant,
361 5514 437 5571 inter
458 5528 491 5572 se
512 5509 702 5583 concordant:
724 5510 776 5571 sed
798 5510 874 5571 eddo
896 5514 1067 5584 cautionem,
1090 5518 1122 5569 ut
1144 5512 1285 5571 extribus
1308 5512 1365 5571 duo
1380 5520 1504 5589 aequent
1526 5521 1586 5572 ter-

261 5604 342 5675 tium,
372 5616 426 5661 nec
447 5604 561 5659 mutum
588 5603 728 5674 sequent,
760 5596 812 5659 sed
834 5605 866 5658 nt
887 5600 1000 5658 tertium
1032 5600 1124 5675 ipsum
1154 5605 1323 5660 constater
1347 5599 1468 5660 duobus.
1510 5599 1586 5660 Nam

262 5705 354 5769 seque
374 5690 406 5748 in
427 5686 494 5748 sliis
514 5687 642 5747 scientiis
664 5683 753 5761 valet,
774 5693 807 5762 ut
828 5687 857 5744 in
875 5686 957 5761 jnre:
984 5683 1126 5746 Hsnricns
1145 5686 1234 5748 lrator
1254 5704 1335 5750 meus
1357 5696 1415 5763 est,
1443 5685 1586 5791 Sebaldus

311 5797 533 5861 ιῃιιιιομιι.
1419 5788 1434 5843 3
