3684 7259
853 1231 994 1302 tentonia
1238 1274 1241 1281 -
1326 1259 1329 1265 ·
1444 1203 1448 1210 ’
1531 1240 1594 1302 ars
1689 1307 1692 1313 ,

206 1416 210 1421 ’
249 1427 368 1483 nomos,
409 1411 536 1469 inveniet
567 1411 653 1486 longe
684 1410 771 1470 aliam
805 1410 907 1470 blnrtis
939 1409 1091 1488 periodum
1121 1416 1275 1487 ceteraque
1309 1414 1366 1472 tuis
1399 1431 1457 1472 nnn
1491 1432 1595 1493 parum

248 1496 411 1555 dissimilia.
757 1541 760 1545 .
1452 1530 1455 1534 .

337 1584 395 1643 Sed
423 1586 539 1660 quaeris
563 1580 632 1664 (nee
661 1585 716 1643 boc
748 1585 856 1643 insulse
886 1584 997 1644 dietum
1026 1581 1105 1665 vis):
1137 1603 1202 1644 cum
1233 1585 1415 1662 planetarum
1438 1597 1534 1648 motus
1565 1592 1594 1648 in

250 1676 378 1747 tempnr'e
401 1673 460 1743 liat,
483 1690 533 1730 cur
556 1690 611 1748 ego
635 1681 796 1748 temporum
820 1675 992 1732 varietatem
1014 1672 1166 1732 recusem?
1211 1671 1288 1747 Quia
1309 1692 1367 1733 non
1392 1694 1491 1749 omne,
1516 1676 1594 1752 quod

205 1782 208 1789 ·
249 1775 315 1818 cum
338 1761 465 1830 motibus
489 1766 533 1817 est
556 1760 750 1833 conjunctum,
776 1763 920 1819 concurrit
942 1768 973 1819 et
993 1760 1030 1820 ad
1054 1760 1228 1821 harmonice.
1274 1761 1354 1820 Nihil
1376 1766 1453 1822 enim
1483 1764 1594 1823 adeas

249 1847 337 1905 iacies
363 1847 463 1905 Lunae
487 1847 737 1919 variabilis,'ctsi
760 1864 818 1904 non
841 1848 903 1905 siue
926 1847 982 1905 hac
1008 1846 1138 1906 succedit
1161 1847 1261 1908 Lunae
1289 1860 1394 1909 motus.
1442 1841 1593 1925 Quatenus

251 1952 319 1992 vero
344 1934 466 1993 tarditas
489 1932 535 1991 vel
560 1933 692 1993 celeritas
715 1923 789 1993 alias
811 1932 873 1995 alia
895 1933 1029 1993 definitur
1051 1951 1102 2012 per
1125 1943 1254 2010 tempus,
1285 1948 1434 2014 respectus
1456 1940 1594 2015 temporis

248 2023 326 2099 prior
350 2021 429 2079 valet
451 2038 504 2079 nee
527 2040 545 2079 a
568 2038 613 2096 me
627 2030 776 2080 recusatus
800 2028 853 2093 est,
877 2031 909 2080 ut
924 2021 993 2080 dixi.
1039 2022 1097 2080 Sed
1117 2038 1212 2097 neque
1229 2024 1284 2083 hoe
1300 2022 1481 2084 dissimulare
1496 2042 1594 2084 eoram

249 2101 357 2166 le'ctore
380 2123 445 2167 meo
468 2125 604 2184 possum,
638 2111 851 2168 concinniorem
874 2112 903 2165 in
926 2126 992 2167 meo
1015 2127 1101 2185 opere
1117 2122 1218 2185 ‘quam
1240 2111 1288 2169 bie
1316 2112 1395 2188 apud
1420 2122 1448 2171 te
1470 2115 1594 2172 inveniri
1648 2152 1653 2156 -

249 2197 513 2254 vocummusicae
541 2195 681 2270 figuratae
711 2196 944 2255 distributionem
973 2197 1047 2255 inter
1072 2196 1219 2274 planetas,
1258 2198 1333 2257 Nam
1362 2199 1400 2259 ad
1428 2199 1593 2259 harmonias

249 2282 371 2359 duorum
395 2281 465 2340 nihii
488 2285 617 2353 interest,
640 2292 703 2343 tota
726 2283 867 2359 cujusque
890 2283 1028 2360 periodus
1051 2292 1123 2358 quot
1145 2291 1258 2342 constet
1281 2284 1393 2359 diebus,
1417 2285 1468 2345 sed
1488 2290 1594 2364 quovis

248 2381 395 2428 momento
418 2388 506 2445 quam
530 2372 567 2427 sit
583 2363 653 2444 'ejus
676 2380 772 2429 motus
795 2368 894 2428 tardus
918 2370 966 2429 vel
990 2369 1085 2443 velox,
1109 2370 1164 2430 hoc
1180 2373 1308 2446 interest,
1332 2376 1360 2431 in
1381 2374 1500 2451 periodo
1524 2392 1593 2434 vero

249 2460 389 2517 contusae
413 2460 509 2515 insunt
533 2474 633 2515 ornnes
656 2458 806 2516 tarditates
830 2457 1061 2533 celeritatesque.

336 2545 552 2620 Semibrevibns
576 2553 728 2604 contentus
758 2546 797 2602 ini
817 2545 991 2625 ¹plerumque
1020 2561 1109 2603 sonos
1131 2531 1211 2604 meos
1234 2547 1362 2621 signare,
1395 2564 1452 2606 nou
1476 2557 1593 2626 propter

251 2631 460 2707 mnornntinm
487 2632 734 2708 multifariarum
765 2631 1023 2708 differentiarum,
1055 2632 1106 2690 sed
1137 2640 1170 2689 ut
1197 2631 1335 2693 haberem
1363 2637 1450 2695 etiam
1482 2639 1512 2693 in
1542 2643 1593 2694 tuo

249 2737 353 2795 opere,
387 2719 423 2776 ad
458 2718 537 2794 quod
566 2718 702 2778 lectorem
733 2723 925 2793 remitterem,
958 2721 1007 2795 qui
1035 2728 1168 2779 notarum
1196 2721 1411 2781 arbitrariamm
1443 2725 1594 2783 seientiam

202 2812 204 2815 '
248 2809 346 2883 magni
369 2808 517 2866 aestimas.
918 2861 922 2867 .

336 2890 481 2970 Oedipum
506 2908 575 2952 vero
598 2893 689 2961 mitte,
713 2892 762 2968 qni
784 2895 921 2969 aenigma
944 2891 1014 2951 mihi
1038 2892 1093 2951 hoc
1116 2900 1199 2951 tcum
1222 2892 1381 2967 dissolvat,
1406 2895 1483 2971 quod
1503 2896 1591 2971 jubes

246 2999 376 3055 corpora
398 2999 466 3040 men
490 2980 698 3055 trionpnlorio
727 2997 836 3039 sonora
858 2983 891 3037 in
912 2983 1011 3039 nacto
1040 2997 1103 3055 quc
1130 2983 1332 3056 proportione.
1377 2983 1440 3059 Ego
1463 3000 1517 3042 nec
1540 2987 1593 3041 tri-

199 3062 202 3068 *
247 3067 387 3144 angulare
411 3085 514 3144 corpus
538 3069 611 3150 inter
633 3065 773 3127 coelestia
795 3084 958 3145 cognosco,
987 3083 1040 3126 nee
1062 3083 1151 3125 sonos
1174 3068 1202 3125 in
1226 3067 1309 3127 coelo
1332 3075 1441 3130 statuo.
1486 3069 1592 3129 Tetra-

248 3157 337 3214 tidron
362 3155 478 3231 quidem
501 3162 598 3212 statuo
622 3156 695 3212 inter
718 3156 803 3213 orbes
825 3153 914 3213 Jovis
938 3164 966 3213 et
989 3154 1101 3227 Martis,
1126 3164 1157 3212 at
1179 3153 1208 3212 id
1231 3172 1289 3213 non
1313 3158 1388 3229 soni,
1411 3155 1463 3217 sed
1486 3158 1593 3234 ampli·

247 3243 355 3302 tudinis
379 3261 476 3301 causa.
523 3241 611 3306 Aliae
630 3243 816 3320 postmodnm
839 3241 981 3300 accedunt
1003 3258 1120 3312 causae,
1144 3258 1220 3317 quae
1243 3251 1339 3302 motus
1362 3243 1468 3302 horum
1489 3244 1594 3322 plane·

239 3322 343 3390 ‘tarum
369 3329 503 3388 ordinant
523 3332 553 3385 in
570 3321 763 3406 *po‘portione
785 3332 925 3388 sonorum
945 3324 1243 3407 concordantium.³⁵)

338 3419 466 3489 Asseris,
491 3425 625 3474 notarum
647 3415 875 3492 speculationem
909 3415 1043 3491 indipere
1065 3417 1180 3490 iacenti
1202 3414 1367 3478 causarum
1390 3421 1593 3494 moabiticae,

246 3522 386 3562 nee-ease
412 3507 505 3578 parvi
531 3506 691 3575 mmnmti,
721 3521 800 3579 quoe
827 3511 918 3563 notae
947 3506 1008 3561 sint
1034 3504 1192 3579 perfectae.
1237 3500 1351 3579 Quaere
1380 3522 1483 3565 causas
1513 3508 1592 3565 arbi·

247 3594 352 3650 uariae
375 3592 559 3667 perfectionis
582 3591 765 3662 arbitrariae,
795 3608 854 3650 non
882 3590 1027 3666 impedi03
1057 3589 1128 3648 mihi
1145 3590 1193 3650 de
1216 3592 1398 3652 naturalibus
1422 3594 1518 3652 causis
1550 3602 1594 3653 est
1701 3584 1709 3591 ’

248 3696 360 3753 senn03
383 3688 435 3737 aut
454 3687 488 3735 tu
511 3677 580 3735 mibi
604 3677 703 3750 dicito,
726 3696 802 3753 quae
826 3694 916 3736 cauea
937 3676 1079 3737 naturalis
1101 3693 1189 3737 sonos
1212 3678 1344 3740 docuerit
1366 3681 1410 3739 his
1432 3680 1510 3740 uotis
1531 3682 1594 3757 sig·
1701 3715 1706 3725 ·

246 3783 332 3837 nare,
361 3782 418 3823 non
447 3764 528 3836 aliis,
560 3781 673 3839 quaeve
701 3767 740 3824 sit
770 3782 860 3824 eausa
889 3764 1047 3837 naturalis,
1078 3782 1128 3823 cur
1149 3775 1221 3826 nota
1250 3766 1384 3827 caudata
1405 3769 1594 3846 sitminima,

247 3870 349 3912 carens
381 3851 475 3911 cauda
508 3852 694 3926 semimaris,
728 3852 870 3928 quadrata
900 3850 1022 3911 brevis?
1073 3851 1148 3911 Nam
1180 3870 1234 3930 ego
1269 3845 1393 3931 quidem'
1419 3854 1594 3931 longitudini

247 3939 360 3999 caudae
390 3941 581 3999 censuissem
599 3942 705 3999 rectius
726 3939 866 4013 „admetiri
896 3955 950 3998 nos
982 3941 1070 3998 etiam
1099 3946 1228 4017 tempus,
1262 3945 1287 4002 si
1316 3944 1372 4002 mei
1407 3959 1453 4002 res
1482 3943 1593 4004 arbitrii

200 4053 204 4061 ·
246 4027 350 4087 luisset
374 4029 464 4085 initio.
1081 4089 1083 4096 Α

336 4112 461 4172 Omnino
491 4130 560 4171 vero
591 4113 713 4172 festivus
744 4133 790 4187 es,
823 4116 915 4191 quia
936 4131 987 4173 me·
1006 4115 1094 4172 etiam
1119 4130 1236 4188 pausas
1259 4116 1367 4191 exigis,
1400 4132 1466 4175 cunr
1488 4132 1542 4174 uec
1564 4117 1592 4172 in

251 4218 344 4278 pansa
375 4203 412 4259 sit
439 4200 606 4272 harmonia,
634 4200 671 4259 de
702 4202 827 4277 quatum
854 4212 918 4261 ortn
949 4201 1019 4259 mibi
1050 4200 1257 4277 disputandum
1287 4211 1364 4275 erat,
1398 4219 1451 4262 nee
1480 4203 1594 4262 coelum

248 4305 383 4365 anquam
405 4297 525 4366 pauset,
550 4290 605 4363 cg'o
629 4305 697 4346 vero
721 4288 891 4348 coelestium
912 4290 1130 4366 proportionum
1153 4305 1243 4347 causa
1264 4292 1436 4368 scripserim.

322 4375 392 4435 >Sec
416 4376 481 4434 linis
503 4374 579 4433 bane
602 4374 735 4452 analysin
760 4385 940 4451 argumento,
964 4374 1043 4450 quod
1065 4377 1193 4451 speciem
1214 4374 1304 4451 habet
1326 4394 1384 4436 nou
1403 4384 1592 4436 contemnen-

247 4462 330 4522 dam:
363 4464 487 4522 sienim
517 4465 545 4519 in
568 4452 695 4521 hnmana
718 4466 829 4522 musica
856 4470 924 4522 suut
947 4460 1129 4522 adhibendae
1156 4479 1308 4540 mensurae
1337 4472 1513 4542 temporum,
1546 4468 1592 4523 vi·
1649 4470 1653 4479 '

247 4550 351 4609 dentur
374 4567 425 4609 eac
449 4551 500 4609 tibi
525 4565 619 4607 neea
641 4548 816 4609 coelestibus
838 4552 942 4609 abesse
964 4565 1060 4625 posse.
1105 4547 1191 4623 Quod
1214 4552 1366 4611 confirmas
1389 4551 1489 4611 divina
1504 4550 1591 4610 Jarn-

247 4628 335 4697 blicbi
360 4640 512 4708 sententia,
538 4653 613 4711 quae
636 4635 771 4712 equidem
795 4636 900 4697 veliem
921 4640 981 4696 mei
1001 4636 1068 4695 libri
1090 4636 1144 4696 tv.
1168 4640 1266 4716 capita
1289 4641 1317 4697 2.
1341 4648 1370 4699 et
1393 4641 1422 4699 3.
1447 4656 1499 4699 ceu
1522 4656 1590 4716 pre·

246 4727 323 4784 tiosa
352 4743 467 4800 gemma
496 4724 609 4782 radiare
632 4723 853 4800 collustrarique
863 4722 918 4804 ⁸⁷),
951 4725 1007 4785 etsi
1036 4723 1205 4784 descensum
1233 4728 1393 4804 animarum
1425 4744 1461 4784 ex
1482 4726 1590 4785 mundo

248 4811 425 4884 intelligibili
449 4811 630 4870 Christianus
658 4811 747 4871 homo
774 4828 833 4871 nou
863 4812 922 4871 alio
951 4828 1038 4870 sensu
1069 4820 1164 4887 potest
1195 4815 1323 4889 recipere
1353 4812 1612 4891 aPythagorico

246 4899 437 4976 philosopho,
461 4916 548 4974 quarn
573 4911 658 4974 quem
682 4918 737 4975 ego
761 4902 890 4978 expressi
912 4898 990 4957 dieto
1013 4897 1063 4959 iol.
1088 4901 1167 4975 224,
1193 4909 1340 4976 ⁸quatenus
1361 4900 1591 4981 scilieetjimago
1679 4973 1683 4982 .

248 4990 386 5047 mentoris
410 4988 497 5045 etiarn
520 4979 690 5045 naturaliter
712 4986 822 5047 relucet
844 4989 873 5045 in
895 4987 1002 5046 animis
1025 4988 1138 5046 creatis.
1201 5050 1203 5056 ,

334 5073 391 5133 Sed
415 5072 452 5133 ad
476 5081 678 5149 argumentum
701 5083 839 5137 revertar.
883 5074 949 5133 Non
971 5075 1117 5149 seqnitur,
1140 5074 1281 5140 Roberte.
1314 5072 1441 5143 aeantu
1463 5075 1591 5136 humano

246 5160 403 5220 admotus
427 5158 576 5220 coelestes.
622 5160 697 5220 Nam
722 5170 888 5237 quaesunt
916 5164 946 5218 in
969 5160 1098 5220 humano
1121 5161 1208 5220 cantu
1230 5159 1417 5234 harmonica,
1443 5179 1501 5221 non
1524 5170 1592 5221 sunt

245 5248 380 5307 desumto
409 5262 452 5306 ex'
473 5248 643 5323 harmonica
674 5251 939 5325 contemperatione
969 5256 1100 5307 motuum
1131 5247 1315 5321 coelestium,
1350 5248 1402 5308 sed
1428 5257 1488 5309 tam
1519 5249 1592 5310 haec

245 5353 333 5412 qnam
357 5335 417 5406 illa,
442 5334 487 5393 vel
513 5337 563 5393 tu'o
578 5333 747 5396 Jamblicho
770 5344 897 5407 anctore,
921 5334 1101 5394 descendunt
1123 5352 1157 5394 cx
1181 5332 1255 5393 ideis
1275 5334 1375 5394 mundi
1391 5334 1591 5413 intelligibilis.
1639 5340 1642 5346 '

245 5423 328 5487 Sicut
356 5430 454 5482 autern
479 5420 663 5480 lamblichus
693 5422 890 5483 diversitatem
917 5424 1049 5499 ipsarum
1076 5423 1237 5480 animarum
1263 5421 1437 5497 introducit,
1469 5442 1591 5501 quarum

245 5528 305 5570 una
325 5512 439 5586 magis,
473 5509 532 5569 alia
554 5511 649 5577 minus
672 5510 796 5578 afficitur
818 5508 992 5581 harmoniis,
1022 5511 1066 5567 sie
1088 5509 1179 5568 multo
1201 5510 1295 5585 magis
1319 5508 1435 5571 diversa
1457 5511 1591 5588 subjecta

246 5605 330 5673 sunt,
354 5600 382 5656 in
406 5598 511 5673 qnibns
534 5596 702 5657 harmoniae
724 5596 882 5656 secuudum
906 5595 999 5675 magis
1022 5602 1051 5655 et
1073 5597 1168 5655 minus
1194 5600 1404 5675 repraesentari
1425 5597 1591 5675 p'ctuerunt,

247 5687 278 5742 in
308 5687 435 5745 motibus
465 5683 583 5759 quidem
614 5684 796 5760 planetarum
824 5683 984 5745 secundum
997 5729 998 5733 ,
1013 5700 1102 5744 uuum
1132 5682 1229 5748 solum
1258 5687 1397 5761 temporis
1419 5694 1590 5765 respectum,

1049 5787 1062 5816 '
1370 5791 1437 5853 tt*
