3684 7259
266 1209 330 1266 264
678 1198 720 1251 Dc
739 1194 1003 1264 Contigurationibus
1023 1195 1200 1252 Harmonicis.

265 1380 355 1440 animi
386 1376 544 1440 virtutibus
574 1373 709 1451 praediti.
753 1374 841 1434 Refer
870 1373 929 1433 huc
952 1371 1079 1450 reliqua,
1110 1393 1186 1452 quae
1216 1394 1305 1456 supra
1331 1378 1367 1438 de
1390 1380 1622 1457 physiognomia

266 1467 326 1526 dixi
349 1464 466 1541 dicique
489 1462 616 1539 amplius
638 1472 765 1537 possent.

353 1554 399 1612 De
430 1553 518 1627 genio
548 1548 665 1608 tutelari
697 1558 840 1609 testantur
864 1548 965 1607 divina
989 1549 1108 1622 oracula
1134 1554 1442 1623 (intraturorum.
1468 1558 1537 1611 Luc.
1559 1560 1621 1626 ta),

223 1699 226 1704 ,
266 1640 391 1716 singulis
419 1643 455 1698 iis
483 1638 664 1712 singulorum
690 1636 841 1696 hominum
869 1634 1018 1694 custodias
1048 1653 1112 1695 esse
1142 1637 1297 1696 attributas
1329 1638 1488 1715 dantemque
1513 1648 1544 1701 et
1565 1640 1621 1699 ad-

266 1730 457 1789 monitionem
474 1734 509 1785 et
531 1726 768 1784 intercessionem
790 1723 828 1781 ad
852 1722 979 1781 tribunal
1002 1723 1205 1798 providentiae
1225 1724 1290 1782 De'n
1335 1725 1451 1786 Nullam
1475 1728 1527 1787 hie
1546 1735 1621 1804 pos·

266 1818 428 1877 sessionem
450 1814 541 1872 habet
563 1822 667 1871 natura
689 1830 785 1871 rerum
807 1809 979 1884 sensilium
1008 1813 1032 1866 si
1056 1819 1154 1871 tamen
1184 1810 1339 1886 astrologi.
1354 1832 1389 1872 ex
1413 1816 1543 1876 themate
1565 1833 1621 1891 ge-

265 1903 414 1964 nethliaco
443 1902 653 1978 praenunciare
680 1905 804 1976 possunt
833 1914 918 1957 casus
949 1898 1036 1972 plane
1065 1898 1200 1957 fortuitos
1229 1901 1414 1973 (naturaliter
1442 1898 1619 1984 loquendo),

265 1994 322 2052 hoe
345 1998 390 2050 est
412 1989 497 2061 tales,
521 1990 570 2062 qui
595 2003 689 2061 neque
713 2005 749 2045 ex
772 1985 857 2044 malis
879 1984 1007 2044 hominis
1029 1988 1173 2057 moribus,
1198 2003 1233 2043 ex
1256 1991 1427 2061 temeritate,
1453 2008 1489 2049 ex
1513 1993 1621 2049 intem·

266 2080 399 2157 perantia
422 2080 482 2136 irae
506 2073 679 2133 'libidinisre
703 2074 886 2147 acciderunt,
918 2089 1013 2149 neque
1044 2090 1061 2129 a
1085 2074 1185 2154 vrrltus
1207 2073 1414 2150 dedignatione
1443 2077 1619 2153 dependent,

266 2184 342 2245 quae
374 2164 432 2224 duo
461 2165 595 2223 fortunae
628 2161 818 2221 fundamenta
847 2161 987 2220 hactenus
1011 2158 1158 2237 explicata
1179 2171 1262 2232 sunt,
1291 2173 1324 2220 ut
1347 2164 1425 2238 quod
1457 2164 1559 2241 tegula
1581 2166 1618 2224 de

265 2262 344 2313 tecto
369 2251 491 2327 delapsa
521 2251 586 2308 lerit
614 2258 861 2323 praetereuntem,
891 2246 971 2323 qnod
994 2257 1156 2330 reptantem
1186 2251 1215 2305 in
1238 2248 1320 2306 silvis
1350 2251 1415 2310 ierit
1438 2251 1546 2327 globus
1569 2260 1620 2311 aut

266 2343 376 2415 sagitta
405 2339 580 2415 improvisa,
611 2336 690 2410 quod
721 2339 805 2395 navis
837 2337 969 2394 demersa
997 2337 1118 2393 miseros
1144 2343 1276 2394 vectores
1299 2337 1403 2396 mediis
1436 2342 1559 2417 exponit
1590 2342 1619 2397 in

266 2428 363 2499 undis,
388 2426 467 2501 qnod
490 2424 615 2483 dammis
638 2423 685 2481 hic
709 2426 885 2500 interceptus
908 2424 1111 2497 exstinguitur,
1135 2421 1185 2481 ille
1208 2426 1291 2481 ruina
1314 2423 1416 2504 domus
1440 2427 1487 2486 vel
1512 2431 1619 2486 montis

268 2516 459 2591 opprimitur,
489 2512 518 2571 et
549 2513 578 2567 in
611 2514 801 2584 contrarium,
821 2509 913 2587 .quod
942 2513 1122 2584 insperatam
1152 2511 1199 2569 hie
1229 2510 1439 2577 haereditatem
1467 2514 1547 2586 adit,
1570 2514 1619 2573 ille

267 2604 437 2662 thesaurum
466 2600 584 2657 tortuito
616 2600 741 2671 invenit,
778 2602 802 2656 si
832 2602 953 2674 inquam
982 2597 1080 2656 thema
1110 2597 1326 2674 genethliacnm
1356 2604 1485 2659 continet
1514 2602 1618 2660 horum

266 2708 387 2749 omnum
411 2688 532 2756 indicia,
565 2686 614 2761 qui
638 2688 784 2761 pertinent
811 2686 848 2745 ad
872 2685 969 2760 angeli
998 2684 1127 2743 custodis
1151 2688 1251 2743 munia
1282 2688 1354 2745 eitra
1377 2691 1617 2762 controversiam,

267 2785 386 2853 oportet
416 2784 445 2834 et
475 2775 544 2832 huie
570 2771 720 2832 custodiae
748 2775 957 2849 impedimenta
988 2790 1023 2830 ex
1053 2782 1131 2841 astro
1154 2772 1341 2847 genethliaco
1364 2778 1518 2850 provenire
1548 2794 1619 2852 pro·

267 2866 472 2937 motionesque
486 2861 670 2933 ·contrarias;
701 2861 778 2936 quod
802 2880 870 2919 num
894 2862 1012 2936 impiam
1035 2862 1212 2919 sententiam
1235 2863 1263 2917 in
1286 2878 1318 2920 se
1341 2866 1505 2936 contineat,
1534 2862 1620 2922 vide·

267 2955 324 3011 rint
347 2949 491 3026 theologi,
515 2949 684 3025 praesertim
710 2951 739 3019 ii,
763 2951 813 3027 qui
837 2964 943 3024 niagno
959 2963 1078 3006 rrumero
1095 2947 1224 3007 scribunt
1233 2965 1361 3023 >geneses
1377 2959 1406 3009 et
1422 2953 1618 3027 prognostica.

267 3040 483 3115 Experientiam
508 3051 563 3111 ego
586 3034 697 3105 habeo,
728 3036 844 3111 orielem
868 3037 964 3093 dicam
987 3036 1103 3107 nescio,
1135 3034 1257 3093 duorum
1283 3033 1447 3110 hominurn,
1478 3041 1528 3113 qni
1553 3057 1619 3097 cunr

268 3133 367 3186 essent
389 3128 449 3183 nati
474 3124 528 3182 sub
552 3121 822 3181 constellationibus
846 3123 1065 3182 violentissimis
1097 3140 1250 3198 moresque
1272 3135 1462 3200 sequerentur
1490 3143 1549 3184 non
1574 3125 1620 3183 di—

269 3215 356 3286 versi,
379 3212 455 3271 adeo
470 3222 500 3269 ut
517 3210 602 3269 alteri
626 3226 726 3270 eornm
741 3211 828 3269 ludus
843 3219 930 3284 esset,
953 3207 1030 3268 saltu
1052 3228 1102 3285 per
1116 3211 1288 3286 praecipitia
1303 3212 1368 3270 lerri
1384 3213 1541 3288 medioque
1565 3231 1621 3272 vo-

267 3302 330 3361 latu
354 3299 452 3358 lunem
475 3299 618 3373 arripere,
650 3315 668 3355 a
699 3315 757 3372 qno
786 3300 812 3356 si
834 3300 1014 3368 aberrasset,
1042 3298 1105 3372 jam
1138 3306 1235 3356 actum
1265 3296 1301 3356 de
1331 3299 1394 3373 ejus
1417 3303 1478 3359 vita
1506 3301 1620 3374 luisset,

248 3389 426 3466 pemicienr
456 3394 553 3445 tamen
583 3385 640 3442 sibi
670 3387 831 3444 temeritate
859 3403 914 3445 sua
943 3402 1001 3442 nort
1033 3387 1221 3443 accersivisse
1251 3394 1319 3443 sunt
1343 3389 1414 3461 visi,
1447 3406 1515 3446 uanr
1546 3388 1621 3447 alter

268 3492 369 3537 eornm
392 3474 530 3551 lnlmiuo,
560 3470 635 3530 alter
655 3469 745 3547 globo
767 3472 906 3548 plumbeo
931 3491 949 3531 a
972 3481 1110 3531 venatore
1134 3476 1208 3530 ictus
1232 3480 1292 3546 est,
1319 3491 1384 3531 curn
1407 3477 1431 3531 is
1455 3476 1525 3532 feris
1548 3477 1622 3534 insi-

225 3562 370 3664 ,dicus
401 3565 468 3619 visu
496 3568 526 3619 et
556 3557 676 3632 auribus
705 3560 892 3636 aberrasset,
931 3560 993 3619 Nec
1024 3559 1126 3632 video,
1156 3562 1206 3636 qui
1236 3559 1350 3618 coelum
1382 3564 1437 3619 ista
1467 3564 1563 3637 possit
1593 3567 1627 3645 in¹

242 3649 417 3720 ,minem
440 3652 513 3708 citra
535 3648 665 3723 genios}
679 3646 758 3722 quod
783 3654 893 3721 cetera,
917 3665 994 3722 quae
1017 3655 1123 3723 potest.
1147 3649 1245 3705 omnia
1270 3661 1321 3722 per
1343 3648 1468 3707 hominis
1492 3654 1623 3709 animum

252 3721 414 3813 'musve
437 3734 556 3814 (quibus
579 3732 617 3792 sd
639 3731 697 3792 isto
720 3734 802 3793 nnlla
819 3736 862 3793 vis
886 3733 973 3812 inest)
995 3752 1082 3809 posse
1100 3734 1332 3811 deprehenditur.
1377 3736 1455 3794 Illud
1477 3738 1549 3795 nrihi
1563 3755 1622 3796 non

269 3824 359 3885 semel
391 3822 516 3896 accidit,
545 3819 624 3897 quod
654 3838 720 3880 curn
752 3821 801 3880 diu
829 3822 1011 3897 multumque
1044 3840 1088 3881 nre
1123 3825 1334 3881 excruciassem
1366 3826 1621 3884 commiseratione

270 3910 454 3987 quorundam
476 3911 596 3969 fortuito
618 3911 816 3984 pereuntium,
840 3911 889 3994 qni
912 3910 983 3967 mihi
1008 3911 1065 3967 visi
1087 3916 1155 3967 sunt
1177 3912 1415 3984 innocentissimi,
1447 3907 1565 3970 tandem
1589 3929 1623 3970 ex

268 3999 326 4058 fide
350 3999 449 4072 dignis
467 3998 591 4067 rescivi,
622 3997 713 4054 vitam
737 3995 850 4053 illorum
874 4015 943 4073 prae
967 4000 1070 4055 ceteris
1095 3996 1182 4055 talem
1205 3998 1309 4071 luisse,
1338 4016 1397 4073 qna
1419 3999 1504 4058 facile
1527 4000 1624 4058 bonus

269 4088 403 4161 angelus,
427 4094 459 4144 ut
481 4101 552 4160 apes
575 4084 664 4156 inmo,
687 4083 835 4161 abigatur,
858 4083 997 4143 ethome
1020 4086 1115 4143 caeeis
1138 4085 1265 4157 casibus,
1288 4094 1321 4143 ut
1343 4089 1405 4146 sine
1421 4096 1533 4146 rectore
1557 4105 1624 4145 eur-

272 4192 336 4246 rus,
365 4174 493 4249 permitti
516 4171 626 4244 soleat,
655 4170 738 4229 velut
767 4174 969 4248 emancipatus
997 4174 1133 4247 apatria
1157 4171 1213 4231 Dei
1241 4175 1378 4232 creatoris
1402 4176 1448 4231 sui
1476 4182 1630 4249 potestate⁸

270 4278 384 4335 suoque
416 4260 575 4337 permissus
606 4256 745 4331 arbitrio,
777 4261 834 4318 imo
863 4258 1008 4335 tyrannidi
1032 4258 1170 4317 Satanae.
1216 4259 1388 4334 anusmodi
1418 4261 1534 4337 aliquid
1555 4279 1624 4319 num

273 4351 361 4409 etiam
385 4347 423 4406 de
444 4349 527 4422 prius
551 4346 654 4421 positis
678 4345 820 4423 exemplis
849 4349 886 4404 sit
908 4346 1094 4406 statuendum
1127 4345 1226 4422 illique
1258 4365 1343 4406 casus
1372 4352 1481 4407 nemesi
1506 4350 1625 4408 divinae

271 4434 428 4507 tribuendi,
452 4433 534 4493 solua
559 4435 584 4490 is
604 4434 707 4505 novit,
731 4435 782 4508 qui
805 4432 894 4492 corda
915 4433 1075 4500 scrutatur,
1105 4436 1155 4510 qui
1178 4435 1280 4493 visitat
1304 4437 1485 4511 iniquitatem
1509 4444 1625 4512 patrum

206 4523 302 4582 -uln
329 4522 405 4580 filios
435 4524 464 4579 in
493 4522 607 4579 tertiam
638 4525 667 4577 et
694 4529 827 4595 quartam
857 4524 1083 4597 generationem.
1130 4520 1238 4580 Verum
1273 4522 1307 4581 de
1339 4524 1474 4580 omnibus
1505 4524 1625 4583 fortuito

272 4608 463 4688 pereuntibus
485 4608 564 4666 absit
591 4613 624 4666 ut
646 4605 769 4666 eandem
792 4609 883 4667 leram
905 4612 1089 4668 sententiam.
1137 4607 1195 4667 Sed
1219 4611 1298 4668 vitae
1329 4610 1416 4669 talem
1445 4613 1626 4686 impietatem

187 4734 193 4746 ·
272 4697 454 4772 conjectores
479 4714 514 4755 ex
537 4697 624 4753 astris
639 4693 746 4753 sidere
769 4714 827 4753 non
851 4704 993 4772 possunt,
1024 4714 1077 4755 nee
1101 4699 1176 4754 enim
1205 4697 1234 4752 in
1258 4696 1332 4755 coeli
1356 4696 1449 4772 figura
1479 4699 1626 4775 descripta

272 4792 341 4844 sunt
364 4784 464 4842 divina
487 4781 599 4841 auxilia
627 4790 728 4839 contra
750 4800 856 4859 pravas
880 4786 1013 4841 animoru
1073 4783 1292 4854 'neliuatioaes,
1325 4786 1352 4840 in
1377 4803 1451 4861 quas
1480 4787 1555 4845 coeli
1578 4789 1626 4843 in·

265 4871 372 4950 ωας
391 4880 458 4947 post
481 4869 596 4945 lapsum
621 4866 791 4943 degenerat,
821 4887 878 4929 non
903 4795 1104 4947 eorrumffl,
1136 4871 1187 4928 sed
1216 4879 1381 4947 corruptum
1411 4874 1536 4932 incitans
1559 4876 1625 4932 ani-

246 4957 368 5034 mm
398 4958 493 5019 multo
516 4960 615 5015 minus
637 4959 665 5013 in
690 4954 807 5015 Saturni
832 4958 942 5030 llrore,
972 4957 1076 5016 Martis
1098 4959 1204 5017 rubore
1228 4966 1295 5018 sunt
1318 4961 1457 5036 inscripta
1490 4959 1623 5019 velutin

270 5043 424 5126 pandecta
457 5062 617 5122 poenarum
640 5061 765 5119 genera,
797 5047 931 5126 peccatis
949 5046 1071 5120 singulis
1102 5041 1209 5104 debita.
1255 5045 1359 5123 ltaque
1390 5043 1455 5105 c'nm
1482 5050 1625 5107 connexio

271 5131 415 5202 naturalis
437 5134 540 5192 harum
564 5150 658 5189 rerum
682 5148 747 5190 cunr
764 5132 847 5190 coelo
871 5131 1040 5190 immediata
1062 5131 1143 5190 nulla
1166 5136 1211 5206 sit,
1232 5134 1294 5207 jam
1311 5134 1400 5193 semel
1416 5144 1504 5210 atque
1521 5138 1625 5195 iterum

271 5219 401 5296 per-hos
425 5222 466 5280 20
490 5236 582 5280 annos
606 5218 672 5277 dedi
695 5218 812 5295 publice
836 5219 1095 5290 considerandum,
1124 5238 1161 5279 an
1188 5223 1263 5278 sient
1292 5222 1460 5297 spirituales
1488 5222 1532 5281 illi
1555 5242 1625 5301 pro-

272 5308 436 5366 vinciarum
459 5306 693 5385 populorumque
709 5306 858 5383 praesides
874 5326 891 5365 a
907 5309 1058 5383 spiritibus
1075 5307 1295 5368 insidiatoribus
1312 5309 1443 5384 impediri
1461 5328 1492 5369 se
1513 5328 1577 5387 cap.
1596 5314 1623 5370 9.

178 5441 180 5448 ,
275 5395 408 5454 Danielis
431 5402 602 5471 queruntur,
626 5397 666 5452 sic
690 5396 777 5452 etiam
802 5396 983 5469 singulorum
1007 5389 1157 5453 hominum
1181 5397 1259 5471 genii
1283 5397 1320 5455 ab
1343 5397 1625 5458 astrisnaturaliter

276 5481 394 5557 quidem
418 5483 621 5558 impediantur,
645 5499 704 5557 quo
727 5485 823 5540 minus
847 5484 998 5542 commode
1021 5487 1154 5543 resistere
1177 5486 1291 5559 possint
1318 5486 1513 5560 potestatibus
1537 5488 1622 5558 a'e'ris,

276 5575 414 5645 hardarat
437 5571 521 5628 nobis
545 5568 768 5642 insidiantibus,
797 5569 906 5645 illaque
935 5571 1143 5646 impedimenta
1173 5570 1398 5646 praevideantur
1429 5589 1464 5629 ex
1494 5572 1622 5633 themate

272 5657 351 5729 nati,
381 5658 460 5739 quod
479 5658 606 5716 tortasse
630 5658 719 5718 etiarn
742 5659 770 5713 in
794 5660 912 5738 genium
935 5659 1064 5734 intlurit,
1094 5675 1151 5716 non
1175 5661 1271 5717 minus
1303 5678 1390 5735 qnam
1418 5661 1448 5718 in
1472 5662 1619 5720 nascentis
