3684 7259
274 1246 277 1252 ·
320 1213 383 1275 412
543 1241 545 1245 ·
586 1198 588 1200 .
638 1214 787 1270 Ptolemaei
805 1216 959 1271 Harmonia,
995 1218 1079 1272 Liber
1096 1219 1143 1276 ΙΙΙ.
1163 1218 1251 1286 Caput
1270 1219 1339 1275 xvt.

319 1386 519 1457 suspicionibus
539 1388 732 1457 indulgendum
751 1393 924 1459 censuissem,
943 1392 1086 1447 videbatur
1098 1387 1163 1447 mihi
1182 1409 1247 1448 sane
1259 1394 1415 1449 Macrobius
1434 1396 1490 1465 ilia,
1509 1414 1580 1467 quae
1597 1399 1667 1453 dicto

318 1468 379 1521 loco
397 1467 481 1527 tradit
492 1485 615 1537 quaeque
634 1486 684 1537 ego
703 1472 833 1539 exscripsi
851 1472 879 1525 in
891 1471 1086 1525 Ptolemaicum
1105 1478 1218 1535 textum,
1236 1471 1360 1526 hausisse
1373 1489 1407 1527 ex
1420 1476 1574 1542 adulterino
1592 1482 1668 1531 textu
1734 1478 1739 1492 “

320 1547 417 1615 eapitis
440 1546 522 1614 hujus
542 1548 587 1615 id,
612 1549 690 1616 qnasi
713 1548 758 1602 hic
780 1549 986 1617 antiquissimus
1010 1549 1052 1604 sit.
1089 1547 1221 1618 Utrinque
1247 1550 1316 1602 enim
1344 1549 1378 1603 de
1395 1552 1528 1609 maleficis
1553 1555 1668 1623 planetis

319 1627 417 1694 agitur,
436 1627 562 1696 utrinque
580 1642 612 1679 ex
632 1627 759 1683 beneficis
777 1624 886 1697 Jupiter
904 1628 969 1697 Soli,
990 1630 1082 1684 Venus
1094 1631 1189 1684 Lunae
1207 1630 1300 1697 potius
1317 1630 1428 1685 additur
1446 1625 1502 1699 pro'
1516 1636 1616 1697 amic03
1636 1648 1668 1685 ex

319 1702 449 1759 maleficis
468 1720 531 1758 vero
550 1707 683 1760 Satrrrnrrs
696 1706 762 1772 Soli,
780 1708 854 1762 Mars
867 1709 963 1763 Lunae
981 1701 1139 1764 familiarior
1155 1708 1322 1777 perhibetur.
1347 1709 1453 1780 Itaque,
1472 1711 1495 1783 si
1514 1712 1669 1766 Macrobius

319 1781 394 1837 hunc
413 1782 591 1838 adulterinum
611 1792 715 1839 textum
733 1787 829 1841 hahuit
841 1788 868 1841 in
881 1788 978 1855 animo,
998 1796 1106 1857 oportet
1124 1796 1163 1855 ut,
1183 1804 1252 1856 quae
1265 1789 1324 1856 ipse
1336 1787 1448 1856 addidit,
1468 1805 1524 1844 non
1542 1795 1670 1843 contenta

319 1861 347 1914 in
363 1860 411 1916 ilio
430 1870 508 1916 textu
526 1863 686 1931 adulterino,
706 1882 743 1919 sc.
757 1865 918 1920 denumeris
934 1867 1082 1935 jugalibus,
1101 1869 1129 1922 in
1148 1868 1246 1936 quibus
1265 1868 1361 1922 harum
1379 1884 1470 1922 rerum
1489 1884 1590 1924 musae
1609 1884 1669 1922 con·

320 1940 467 2009 ducantur,
486 1943 562 2009 haec,
580 1944 703 2013 iuquam,
723 1945 878 2001 Macrobius
896 1963 931 2001 ex
951 1959 1048 2017 suopte
1066 1948 1190 2015 cerebro,
1211 1957 1342 2015 tanquam
1357 1948 1457 2015 juvans
1476 1946 1670 2014 Ptolemaeum,

320 2018 457 2074 addiderit
476 2029 591 2089 oportet.
627 2026 663 2076 nt
682 2024 746 2092 quia
763 2032 819 2078 tam
837 2025 910 2088 clare
929 2025 1049 2094 loquitur
1066 2025 1230 2090 Macrobius,
1249 2044 1279 2091 se
1298 2043 1367 2095 qnae
1386 2027 1477 2082 tradat
1495 2026 1570 2095 apud
1588 2039 1670 2079 unum

320 2100 429 2153 omnino
449 2100 633 2156 Ptolemaeum
653 2104 797 2180 reperisse:
820 2105 883 2158 nolo
902 2105 985 2173 igitur
1002 2105 1143 2173 indulgere
1162 2107 1316 2173 suspicioni,
1336 2108 1400 2176 qnia
1419 2106 1510 2174 potius
1529 2104 1564 2157 do
1584 2103 1669 2157 coasi-

322 2178 469 2233 derandum
489 2180 597 2247 lectori,
624 2182 823 2238 numfortasse
840 2184 971 2237 Macrobii
994 2193 1083 2238 aetate
1102 2194 1185 2251 caput
1202 2185 1255 2239 hoc
1273 2185 1300 2238 in
1319 2185 1470 2240 Ptolemaei
1488 2199 1572 2253 opere
1590 2183 1671 2237 fuerit

321 2259 427 2312 arretina
447 2267 474 2314 et
492 2261 640 2315 correctius
658 2261 792 2330 planeque
810 2261 957 2330 integrum,
981 2263 1081 2327 utitur,
1108 2279 1177 2331 qnae
1194 2264 1239 2318 hic
1266 2279 1298 2317 ex
1317 2265 1457 2319 Macrobio
1475 2262 1623 2332 exscripsi,
1640 2277 1671 2315 ea

320 2351 383 2389 rere
401 2336 502 2392 iruerint
515 2356 578 2408 pars
591 2341 697 2410 capitis,
714 2341 839 2410 pluribus
852 2342 961 2411 quidem
980 2342 1068 2397 verbis
1081 2351 1109 2397 et
1121 2358 1290 2399 numerorum
1305 2344 1513 2413 allegationibus
1528 2343 1671 2411 explicata.

390 2417 452 2470 Non
470 2418 546 2485 potui
565 2426 655 2474 tamen
673 2421 815 2489 ipsissimis
833 2423 935 2489 ubique
953 2423 1044 2476 uerbis
1057 2422 1189 2476 Macrobii
1201 2424 1334 2477 insistere.
1363 2425 1425 2481 Non
1442 2429 1501 2476 erat
1519 2422 1591 2477 caim
1609 2420 1672 2475 mihi
1709 2451 1712 2458 ⁴
1746 2445 1751 2456 ·

321 2494 475 2566 verisimile,
495 2498 679 2560 Ptolemaeum
697 2500 750 2570 hic,
768 2502 847 2569 quasi
859 2517 929 2555 novo
942 2502 1075 2571 principio
1088 2517 1176 2568 usum,
1194 2501 1268 2570 loqui
1287 2504 1321 2558 de
1340 2503 1458 2559 numeris
1473 2502 1621 2570 jugalibus,
1639 2518 1671 2556 ex

322 2574 420 2642 quibus
439 2577 595 2633 barmoniae
612 2586 667 2634 no'n
684 2587 784 2648 essent,
804 2588 835 2635 ut
847 2598 881 2635 ex
894 2582 941 2649 273
962 2580 1008 2636 sed
1028 2580 1067 2633 sic
1079 2580 1132 2635 feci
1144 2580 1328 2637 Ptolemaeum
1348 2591 1498 2650 temperare
1517 2582 1672 2646 orationem,

323 2661 354 2729 ut
371 2653 443 2708 hunc
460 2656 506 2709 ille
531 2673 679 2713 sermonem
703 2675 764 2714 cum
788 2659 987 2713 harmoniarum
1014 2666 1075 2713 ortu
1093 2667 1281 2727 connecteret,
1304 2666 1388 2729 utque
1411 2676 1465 2713 non
1489 2659 1616 2725 alligarer
1639 2659 1672 2713 ad

324 2729 396 2786 solas
415 2734 464 2789 has
483 2738 687 2805 proportiones:
716 2739 749 2806 ³),
767 2746 795 2793 et
815 2741 846 2807 il,
866 2746 893 2792 et
911 2742 944 2805 Ὗς,
963 2746 991 2793 ει
1014 2743 1043 2806 Ἰ,
1065 2746 1093 2790 ει
1116 2738 1145 2805 'lg
1165 2745 1192 2790 et
1214 2738 1257 2807 ’,με
1284 2739 1349 2807 quia
1367 2739 1389 2792 si
1415 2739 1457 2793 bis
1477 2738 1542 2793 solis
1561 2738 1672 2792 fuissem

322 2811 485 2881 adstrictus,
514 2832 567 2869 non
592 2817 741 2884 potuissem
760 2817 935 2885 probationes
952 2817 1065 2871 idoneas
1086 2833 1120 2870 ex
1138 2832 1197 2884 cap.
1220 2818 1259 2871 15.
1279 2817 1378 2885 petitas
1402 2816 1563 2881 (secundum
1582 2833 1673 2871 manu·

323 2889 477 2946 ductionem
495 2895 636 2962 Macrobii)
654 2896 751 2951 afferre
769 2896 804 2949 ad
823 2912 863 2964 aa,
882 2912 952 2965 quae
971 2895 1126 2951 Macrobius
1145 2912 1161 2949 a
1178 2894 1336 2950 Ptolemaeo
1355 2898 1470 2964 probata
1488 2896 1535 2950 ait.

410 2972 514 3027 Eadem
532 2984 595 3030 tene
614 2975 648 3030 de
666 2974 775 3045 vocibus
795 2976 958 3044 «potiores»,
980 2974 1130 3042 «viliores»,
1149 2989 1219 3027 ame
1233 2974 1369 3041 adhibitis,
1389 2991 1438 3042 pro
1458 2973 1556 3043 quibus
1570 2975 1673 3027 Macro·

323 3046 384 3103 hirrs
402 3051 488 3105 utitur
505 3053 547 3114 his
566 3054 690 3119 vocibus:
708 3068 845 3115 somnes»,
866 3053 999 3123 «plures».
1027 3055 1096 3107 Nam
1115 3067 1209 3106 omues
1224 3052 1285 3118 jam
1300 3051 1381 3106 modo
1400 3066 1544 3121 expressas
1563 3065 1674 3119 propor·
1714 3087 1718 3095 -

323 3129 412 3183 tiones
428 3133 500 3185 inter
516 3131 592 3187 lovis
615 3141 643 3188 et
661 3132 733 3187 Solis
760 3141 849 3186 motus
875 3147 926 3202 ego
953 3146 1123 3202 nequaquam
1149 3131 1245 3185 docere
1269 3146 1390 3199 possum.
1428 3130 1529 3184 Tentat
1546 3130 1575 3184 id
1594 3129 1672 3196 alius,

324 3224 367 3262 me
385 3208 497 3265 felicior.
845 3244 850 3250 ·

405 3288 452 3343 Me
471 3305 534 3344 vero
553 3286 729 3366 exspeQa
746 3309 789 3347 me
806 3295 901 3361 lector,
920 3299 952 3347 nt
964 3291 1351 3371 familiaritatestpianetarum
1371 3305 1404 3342 ex
1422 3304 1482 3348 mea
1499 3288 1587 3358 ipsius
1606 3286 1673 3340 Har·

324 3369 414 3424 monia
431 3369 544 3424 coelesti
561 3371 676 3426 tradam.
707 3374 776 3428 Mam
794 3372 964 3427 consideravi
983 3387 1033 3440 ego
1052 3386 1130 3425 ueros
1149 3380 1247 3437 motus,
1265 3378 1296 3424 ut
1314 3369 1332 3421 ii
1352 3385 1386 3423 ex
1403 3368 1466 3422 Sole
1485 3373 1627 3437 apparent,
1646 3374 1674 3420 at

325 3448 482 3517 astrologia,
508 3449 585 3518 cujus
603 3467 667 3518 pars
686 3451 892 3519 (familiaritates
911 3452 1091 3519 planetarum)
1115 3451 1269 3524 considerat
1290 3448 1426 3517 planetas,
1452 3444 1523 3500 ut'ii
1542 3453 1674 3514 apparent

326 3530 512 3596 spectantibus
532 3545 567 3583 ex
585 3531 678 3599 Terra,
698 3548 768 3600 qnae
786 3530 852 3585 mihi
870 3537 912 3584 est
930 3530 991 3597 ipsa
1007 3530 1078 3584 inter
1092 3530 1221 3598 planetas
1240 3544 1310 3583 unus
1328 3543 1343 3580 e
1362 3541 1481 3581 nurnero.

413 3607 441 3661 Si
459 3610 519 3677 quis
537 3625 601 3664 vero
620 3625 706 3666 meam
724 3612 806 3666 etiam
825 3609 986 3664 sententiam
1009 3608 1043 3661 de
1067 3609 1239 3663 distinctione
1263 3607 1432 3675 planetarum
1451 3604 1478 3657 in
1497 3604 1674 3672 qualitatibus

326 3686 469 3751 desiderat,
487 3687 562 3741 illam
579 3687 698 3744 inueniet.
716 3690 744 3744 in
762 3688 855 3744 Tertio
873 3687 1081 3753 interveniente,
1101 3703 1117 3740 a
1135 3703 1246 3741 numero
1264 3687 1305 3742 3⁴2.
1323 3700 1373 3753 per
1397 3692 1544 3752 sequentes
1562 3682 1673 3752 aliquot.

322 3760 436 3822 anama
454 3766 523 3820 haec
540 3774 595 3822 est:
616 3768 660 3823 Sol
677 3770 705 3823 in
723 3768 823 3823 mundo
837 3767 948 3835 formae,
967 3767 1045 3820 Luna
1057 3767 1194 3831 materiae,
1213 3765 1316 3820 scilicet
1329 3778 1415 3831 aquae
1434 3762 1566 3815 rationem
1585 3761 1674 3816 hahet.

269 3873 289 3924 .·.'
308 3839 374 3908 :su
389 3849 464 3898 totus
484 3847 594 3914 igneus,
619 3848 736 3915 speciem
762 3849 842 3901 otiam
865 3847 1070 3902 immateriatam
1094 3846 1191 3900 emittit
1213 3853 1297 3899 totam
1315 3844 1436 3913 igneam,
1459 3840 1489 3894 id·
1511 3849 1555 3912 est
1579 3841 1674 3909 lucem,

269 3933 273 3946 ¹
292 3941 307 3968 a·
322 3921 420 3996 ¹iarius,
438 3929 496 3976 tota
514 3939 601 3992 aquea
619 3927 660 3979 vei
680 3928 770 3993 quasi,
795 3925 992 3986 emittitabtiam
1011 3926 1129 3995 speciem
1147 3926 1361 3989 humectantem,
1384 3935 1471 3989 eaque
1488 3922 1631 3976 humectat
1647 3923 1676 3975 in

251 3983 266 4024 ²
325 3999 418 4055 Terris
435 4002 534 4059 idonea
551 4006 691 4073 subjecta,
716 4013 783 4074 puta
805 3987 924 4075 sireniis¹
948 4020 1110 4072 quocunque
1133 4005 1203 4056 vitae
1228 4016 1335 4071 genere.
1371 3999 1406 4053 Hi
1429 4000 1557 4067 planetae
1576 4000 1673 4070 singuli

274 4065 285 4090 ’
327 4081 447 4149 slngulas
466 4083 559 4137 unicas
577 4084 679 4138 habent
697 4083 849 4139 facultates.
887 4082 1018 4137 Planetae
1036 4082 1118 4135 ceteri
1144 4082 1263 4150 quinque
1290 4078 1535 4151 distribrrnnturin
1554 4085 1611 4132 tres
1630 4096 1674 4133 su·

325 4160 446 4230 periotes
465 4168 492 4214 et
511 4161 579 4215 dnos
597 4162 738 4217 inferiores
756 4162 865 4216 realiter
883 4163 983 4217 etsitu
1006 4161 1196 4231 sphaerarum,
1219 4174 1289 4227 quae
1316 4164 1380 4213 sunt
1402 4157 1592 4212 interstinctae
1610 4174 1674 4228 quo

326 4239 388 4292 dam
407 4238 489 4294 veluti
507 4239 711 4309 diaphragmate
728 4241 801 4295 orbis
820 4240 920 4310 magni.
957 4242 995 4294 At
1011 4240 1043 4292 hi
1058 4255 1169 4293 numero
1187 4238 1274 4304 multi,
1294 4237 1398 4293 scilicet
1416 4238 1544 4306 quinque,
1562 4244 1677 4306 possent

325 4318 396 4373 inter
414 4334 443 4373 se
462 4319 589 4386 distingui
607 4336 657 4389 per
674 4321 783 4376 easdem
801 4321 869 4375 duas
888 4320 1030 4374 facultates
1051 4318 1209 4373 calfaciendi
1222 4324 1250 4371 et
1267 4317 1457 4372 humectandi:
1477 4317 1599 4385 oportuit
1616 4317 1675 4371 illas

327 4398 473 4452 combinari
492 4406 520 4452 et
537 4398 564 4452 id
580 4399 609 4451 in
627 4401 792 4467 geometrica
811 4398 964 4453 differentia
983 4413 1125 4467 excessus,
1144 4396 1240 4463 medii,
1259 4395 1394 4449 defectus.
1430 4395 1500 4450 Hinc
1519 4408 1570 4463 pro
1590 4396 1675 4450 tribus

327 4477 512 4543 superioribus
532 4478 655 4534 nascitur
672 4478 849 4531 contrarietas
869 4494 929 4530 cnm
949 4477 1044 4529 medio.
1080 4476 1150 4529 Nam
1175 4475 1203 4528 in
1221 4474 1309 4527 medio
1329 4473 1476 4527 secundum
1495 4473 1675 4539 altitudinem,

247 4566 251 4577 ’
327 4554 431 4609 scilicet
449 4555 477 4610 in
494 4556 571 4620 Jove,
590 4565 632 4611 est
650 4557 821 4611 rnediocritas
840 4556 938 4610 caloris
956 4564 984 4610 et
997 4555 1169 4609 mediocritas
1188 4554 1319 4622 humoris,
1338 4560 1539 4621 temperaturae
1557 4554 1676 4621 optimae

327 4635 412 4688 etsie
431 4635 583 4703 beneficae,
603 4635 632 4689 in'
648 4636 737 4689 Marte
756 4651 885 4690 excessus
905 4635 1014 4700 caloris,
1034 4635 1157 4689 defectus
1176 4633 1311 4698 humoris,
1336 4633 1399 4687 hinc
1417 4633 1476 4702 ipse
1494 4632 1632 4701 malefica,
1649 4633 1677 4687 ia

327 4715 443 4769 Saturno
462 4729 590 4768 excessus
610 4713 731 4768 humoris
749 4723 777 4770 et
794 4714 916 4769 defectus
935 4714 1034 4769 caloris
1054 4712 1165 4780 (quippe
1183 4714 1242 4781 ipse
1261 4712 1435 4780 longissimus
1453 4726 1469 4763 a
1487 4710 1570 4779 Sole),
1588 4711 1618 4765 id
1637 4720 1678 4766 est

329 4794 437 4864 glacies,
456 4793 520 4847 hinc
538 4794 641 4861 etipse
659 4794 797 4848 maleficus
816 4800 843 4848 et
860 4792 943 4846 Marti
962 4791 1121 4845 contrarius.
1145 4790 1198 4843 Pro
1217 4790 1323 4845 duobus
1341 4804 1405 4843 vero
1423 4788 1598 4844 inferioribus
1615 4805 1676 4845 con·

251 4911 253 4916 -
327 4869 453 4928 trarietas
473 4873 531 4926 eine
548 4872 637 4926 rnedio
655 4874 783 4928 constitui
802 4881 904 4941 potest:
932 4880 963 4926 ut
986 4871 1012 4924 in
1037 4871 1122 4924 altero
1146 4871 1244 4923 humor
1267 4867 1481 4922 mediocritatem
1500 4876 1626 4937 superet,
1649 4869 1676 4922 in

328 4949 433 5020 reliquo
452 4950 533 5018 calor,
552 4951 648 5005 Venus
664 4967 701 5006 sc.
720 4950 860 5006 humorem
879 4950 988 5006 Saturni
1007 4965 1066 5002 cnm
1085 4948 1175 5001 calore
1193 4948 1321 5002 mediocri
1338 4945 1423 5012 lovis,
1441 4946 1604 5017 Mercurius,
1622 4947 1677 5002 Soli

328 5029 447 5098 propior,
466 5029 605 5083 humorem
624 5029 784 5084 mediocrem
802 5030 878 5084 «louis
897 5046 957 5084 curn
977 5027 1067 5083 calore
1086 5041 1190 5080 summo
1209 5026 1305 5079 Martis
1320 5025 1426 5092 jungat
1634 5076 1636 5080 .

417 5109 468 5162 llic
486 5124 561 5163 meus
581 5116 623 5163 est
639 5109 734 5177 lusus,
763 5117 792 5164 at
809 5107 1011 5177 metaphysicus
1030 5105 1076 5159 ille
1094 5105 1136 5158 vei
1154 5105 1291 5174 physicus,
1310 5103 1377 5157 nihil
1396 5104 1600 5159 communicans
1618 5118 1677 5159 aum

328 5187 477 5243 harmoniis
495 5187 680 5255 planetarum:
699 5196 793 5244 utatur
810 5188 856 5257 qni
874 5187 956 5252 volart,
975 5184 1093 5254 corrigat
1107 5184 1175 5238 'vero
1194 5183 1240 5252 qui
1258 5186 1356 5252 potest.

519 5328 594 5384 Finis
612 5335 738 5384 notarum
755 5328 783 5381 in
801 5326 898 5381 librum
916 5326 965 5380 111.
983 5324 1134 5380 Ptolemaei
1153 5331 1180 5379 et
1199 5307 1311 5380 samiis
1330 5322 1487 5393 appendicis

742 5407 881 5474 totiusque
899 5405 968 5460 adeo
980 5403 1077 5474 Operis
1094 5403 1259 5460 Harmonici.

899 5579 1105 5594 ἠ*
