3684 7259
219 1234 291 1294 ⁴14
600 1312 603 1322 .
826 1227 998 1286 muamus

248 1405 320 1467 dicit
339 1404 485 1483 Kepleuus
506 1406 629 1483 primum
652 1414 681 1466 et
701 1407 890 1468 fortissimum
912 1408 1048 1485 gradum,
1074 1424 1136 1467 nro.
1153 1409 1182 1465 2.
1203 1406 1361 1467 secuudum
1383 1395 1505 1484 gradum
1519 1414 1585 1482 etc,

247 1510 309 1554 uro.
334 1495 364 1554 5.
386 1494 519 1554 ultimum
542 1501 570 1553 et
592 1494 808 1556 imbecillimum
830 1496 961 1572 gradum.
1007 1489 1275 1557 (laneae-diversae
1285 1496 1477 1561 efficacitatis
1498 1494 1586 1572 hujus

247 1583 367 1643 suntin
387 1588 493 1643 natura
514 1579 680 1657 figurarum,
704 1584 810 1659 quibus
831 1584 862 1642 hi
884 1590 1020 1660 aspectus
1043 1585 1182 1657 nituntur,
1205 1584 1235 1639 in
1257 1581 1331 1642 libro
1352 1583 1377 1643 Ι.
1401 1590 1543 1643 enarrata

357 1668 455 1746 Caput
475 1668 544 1728 Vll.
587 1669 635 1730 De
667 1678 772 1730 natura
800 1670 951 1731 sublunari
975 1670 1225 1745 facultatibusque
1251 1672 1366 1730 animae
1394 1670 1604 1733 inferioribus..

246 1753 288 1817 Ut
309 1757 440 1832 posuerit
458 1763 607 1816 acimum
627 1757 835 1827 ωὸὶιιηαναη,
857 1775 936 1834 quus
956 1761 1071 1833 maesii
1091 1759 1248 1830 dommus,
1270 1765 1368 1816 motus
1382 1764 1427 1816 est
1440 1756 1587 1834 Keplerus

246 1842 312 1904 sola
332 1851 363 1904 et
384 1844 471 1903 unica
488 1850 693 1920 tempestatum
716 1845 921 1906 observatione
943 1853 1173 1922 aspectunmque
1196 1845 1449 1921 contemplatione,
1480 1846 1587 1921 quihus

229 1930 315 1990 *illae
336 1932 460 1991 cientur:
483 1933 746 1991 constantissimam
767 1934 974 2009 experientiam
996 1936 1104 2005 testari,
1127 1937 1236 1990 statum
1258 1935 1333 1992 airis
1354 1934 1539 2006 commoveri,
1561 1935 1587 1991 si

246 2024 343 2079 essem
356 2026 502 2095 aspectus.
531 2017 586 2077 His
601 2020 716 2079 innixus
729 2018 875 2096 Keplerns
889 2036 935 2094 eo,
949 2006 1036 2095 quern
1050 2021 1133 2079 initio
1147 2019 1334 2096 praefationis
1349 2019 1483 2094 diximus,
1499 2019 1587 2080 modo

246 2108 372 2165 unimam
385 2122 468 2165 suam
482 2106 669 2166 sublunarem
684 2110 832 2167 constitnit
846 2113 936 2183 atque
952 2110 993 2167 ita
1006 2108 1114 2184 pergit:
1137 2105 1304 2183 specierum
1319 2107 1587 2168 mathematicamur

245 2192 306 2268 illa,
330 2208 406 2268 quac
427 2192 552 2254 circulus
574 2193 687 2268 dicittu,
709 2197 786 2254 inest
805 2195 874 2253 huic
887 2196 1002 2255 animae
1016 2197 1092 2255 sicut
1103 2194 1257 2268 humanae,
1273 2212 1331 2255 nou
1345 2203 1459 2255 tantum
1473 2202 1507 2255 nt
1520 2195 1588 2262 idea

245 2298 341 2340 rerum
365 2288 562 2356 externarum,
585 2280 638 2341 sed
666 2284 754 2342 etiarn
775 2289 809 2341 ut
830 2282 922 2341 forma
945 2281 1089 2357 quaedem
1110 2283 1202 2358 ipsius
1224 2285 1354 2355 animae,
1382 2291 1412 2341 et
1433 2290 1466 2342 ut
1486 2299 1587 2360 prom·

245 2370 372 2428 tuarinm
394 2369 512 2428 unicum
534 2370 627 2429 omnis
648 2367 789 2429 scientiae
810 2360 1005 2447 geometricae
1028 2378 1057 2429 et
1078 2368 1285 2430 arithmeticae.
1307 2369 1466 2451 'Facultas
1487 2370 1586 2430 vitalis

246 2447 275 2514 in
304 2456 421 2515 homino
450 2473 509 2516 non
537 2463 650 2516 tautum
672 2455 838 2516 harmonias
865 2456 955 2517 radiis
984 2456 1088 2517 lucidis
1114 2455 1263 2516 involutas
1292 2473 1391 2517 secum
1413 2457 1511 2531 habet,
1533 2455 1586 2517 sed

247 2545 335 2604 etiam
356 2542 533 2617 harmonias,
555 2560 691 2603 sonorum
713 2545 866 2620 speciebus
887 2547 1070 2607 incrustatas.
1112 2542 1208 2603 Sonos
1227 2543 1301 2604 haec
1322 2543 1446 2604 facultas
1467 2546 1586 2605 auribus

246 2630 352 2705 haurit,
374 2629 473 2691 radios
494 2629 620 2691 siderum
642 2632 700 2691 sibi
721 2634 897 2708 imaginatur
917 2641 948 2691 et
969 2634 1102 2708 agnoscit
1122 2634 1185 2691 siue
1207 2629 1348 2691 discursu.
1390 2630 1468 2691 Hinc
1489 2634 1587 2692 aniana

246 2717 376 2779 humana
398 2717 455 2777 hoc
476 2718 579 2792 habet,
613 2726 646 2777 ut
673 2719 728 2778 snb
757 2725 872 2795 tempus
895 2728 1065 2795 aspectuum
1086 2720 1259 2796 praecipuos
1282 2721 1380 2795 capiat
1401 2721 1526 2796 impetus
1548 2718 1587 2779 ad

246 2806 376 2882 negotia,
398 2822 475 2881 qnae
495 2806 551 2880 sub
572 2806 709 2865 manibus
730 2805 829 2881 habet,
851 2805 1029 2884 peragenda,
1051 2814 1082 2866 et
1095 2806 1223 2865 maxima
1236 2805 1418 2866 necessitudo
1434 2806 1588 2868 intercedit

245 2892 404 2953 moniis
426 2891 550 2953 radiosis
572 2909 637 2954 eum
659 2901 725 2954 ortu
745 2895 838 2970 primo
860 2895 986 2954 hominis
1013 2901 1043 2953 et
1062 2894 1233 2954 formatione
1260 2893 1348 2969 hujus
1370 2893 1468 2953 vitalis
1490 2895 1587 2954 facul·

235 2982 329 3053 tatis,
361 2997 450 3057 qnare
479 2981 567 3041 ammi
594 2980 751 3056 qualitates
780 2999 844 3041 cnm
867 2981 1050 3058 planetarum
1081 2981 1272 3057 qualitatihus
1293 2983 1477 3041 consentiunt
1499 2999 1587 3058 quam

245 3068 410 3144 plurimum.
456 3064 497 3128 Ut
522 3068 579 3128 hoc
607 3067 796 3143 demonstret,
827 3086 859 3128 se
887 3072 984 3145 ipsum
1010 3068 1156 3145 Keplerus
1185 3069 1348 3144 exemplum
1377 3072 1527 3146 proponit,
1558 3076 1588 3129 et

245 3153 314 3213 hinc
335 3156 448 3214 ahit'in
470 3156 608 3233 mysteria
630 3155 816 3232 astrologice,
839 3157 895 3217 sibi
917 3159 1022 3233 partim
1045 3164 1124 3216 certa
1145 3159 1250 3232 partim
1273 3156 1370 3230 dubia,
1392 3156 1486 3216 et'his
1500 3156 1588 3216 finem

246 3242 332 3301 facit:
358 3242 433 3318 ,hoc
455 3242 603 3319 u'uputavi
618 3242 758 3303 hactenns
780 3243 837 3303 hoc
858 3243 989 3323 consilio,
1012 3251 1045 3302 ut
1066 3243 1139 3304 haec
1162 3260 1198 3303 ex
1219 3261 1285 3303 mea
1298 3244 1477 3320 professione
1491 3261 1586 3320 exque

246 3332 348 3389 intimo
382 3329 471 3406 hujus
503 3330 598 3406 operis
631 3330 791 3390 harmonici
828 3349 905 3407 penu
939 3329 1105 3408 depromta,
1136 3330 1259 3390 nemum
1292 3338 1372 3391 tacta
1403 3330 1586 3408 philosophis

226 3415 369 3478 'Graecis
390 3427 420 3477 et
441 3418 659 3491 recentioribus,
681 3418 875 3495 supplementi
898 3418 963 3478 loco
981 3418 1147 3495 adjicerem,
1169 3427 1202 3478 ut
1223 3417 1348 3502 studiosi
1369 3418 1587 3496 metaphysicae

246 3512 347 3565 nostra
368 3504 442 3565 haec
462 3504 554 3565 veluti
577 3507 774 3581 experimenta
796 3524 861 3565 cum
890 3506 1006 3565 illorum
1035 3507 1305 3566 ratiocinationibus
1334 3506 1495 3581 conferant,
1529 3522 1586 3582 qno

245 3592 319 3653 haec
340 3591 558 3670 metaphysicae
579 3610 648 3669 pars
671 3593 810 3654 illustrior
832 3602 863 3654 at
882 3592 1060 3670 locupletior
1077 3594 1269 3670 omnibusque
1283 3595 1411 3654 numeria
1426 3593 1587 3654 absolutior

245 3681 382 3740 constitui
403 3680 527 3757 possit“.

349 3766 464 3827 Liber
493 3768 647 3843 quintus
677 3769 740 3844 agit
768 3766 804 3827 de
834 3767 987 3828 harmonia
1013 3774 1144 3827 motuum
1167 3767 1336 3828 coelestium
1357 3774 1388 3827 et
1408 3784 1445 3828 ex
1468 3775 1587 3830 antece·

247 3854 383 3914 dentibus
413 3870 519 3915 causas
550 3854 725 3929 regularium
755 3863 887 3915 motuum
916 3872 1069 3933 corporum
1099 3855 1283 3929 coelestium,
1313 3871 1447 3914 cursuum
1469 3855 1588 3930 formae,

246 3943 471 4001 excentrieitatis
503 3958 604 4003 eorum
635 3942 905 4019 periodicorumque
940 3961 1076 4003 cursuum
1108 3951 1237 4020 repetere
1270 3942 1376 4001 studet
1432 3942 1529 4002 Primo
1561 3953 1590 4004 et

246 4028 374 4089 secundo
397 4030 491 4105 capite
510 4028 665 4106 Keplerns‚
688 4032 815 4106 quac-in
837 4032 981 4106 prioribus
1003 4031 1085 4090 libris
1107 4030 1143 4090 de
1165 4030 1345 4106 regularibus
1369 4032 1538 4108 corporibus
1561 4039 1590 4091 et

133 4190 136 4194 ⁴
246 4116 409 4192 conjunctis
429 4117 591 4177 rationibus
612 4116 786 4177 harmonicis
808 4118 886 4178 dicta
908 4126 999 4192 eraut,
1021 4120 1133 4194 repetit
1164 4118 1267 4194 Capite
1280 4119 1367 4177 tertio
1382 4118 1461 4192 dicit,
1484 4134 1588 4195 quam-

246 4203 345 4264 visre
367 4220 438 4263 vera
452 4203 653 4281 Gopemicana
673 4205 773 4264 mundi
795 4208 870 4265 ratio
893 4206 959 4266 sola
980 4206 1200 4281 insequentibus
1223 4207 1514 4268 commentationibus
1536 4223 1588 4283 pro

245 4290 434 4352 fundamento
456 4292 563 4369 subjici
584 4290 704 4365 debeat,
736 4299 787 4368 ,at
817 4295 886 4369 quia
913 4311 959 4353 res
983 4293 1062 4370 apud
1085 4293 1191 4370 vulgus
1214 4293 1409 4354 studiosorum
1432 4294 1589 4354 etiamnum

245 4394 325 4438 nova
346 4385 391 4438 est
413 4385 443 4439 et
465 4379 572 4455 dogma
594 4378 695 4439 auditu
718 4379 864 4456 plerisque
886 4380 1134 4456 absurdissimum,
1165 4380 1285 4440 Terram
1306 4379 1497 4441 intercidere
1522 4381 1587 4441 ferri

246 4467 323 4526 circa
336 4464 435 4525 Solem
450 4465 635 4541 immobilem,
657 4468 861 4545 sciant-igitur,
884 4471 935 4543 qni
948 4468 1036 4545 hujus
1051 4471 1212 4529 sententiae
1227 4467 1382 4526 insolentia
1396 4466 1588 4544 offenduntur,

246 4551 460 4630 speculationes
481 4545 535 4613 has
557 4553 740 4615 harmonicas
763 4557 850 4615 etiam
872 4558 902 4612 iu
924 4556 1136 4634 hypothesibus
1158 4554 1319 4613 Braheanis
1346 4554 1442 4614 locum
1469 4555 1587 4630 habere,

245 4648 401 4719 propterea
423 4640 502 4717 qnod
517 4647 618 4701 auctor
639 4640 689 4702 ille
711 4649 806 4702 cetera
829 4645 935 4717 omnia,
959 4661 1034 4719 quae
1050 4643 1269 4720 dispositionem
1290 4656 1442 4717 corporum
1464 4651 1494 4703 et
1516 4660 1588 4704 con-

245 4728 484 4805 temperationem
505 4737 636 4789 motnnm
659 4732 791 4805 attinent,
815 4747 880 4791 cum
896 4729 1057 4807 Copernico
1072 4729 1162 4789 habet
1175 4731 1347 4803 communia,
1370 4729 1464 4790 solnm
1480 4730 1587 4791 Terrae

245 4823 357 4876 motum
378 4833 507 4876 annuam
529 4816 664 4877 transfert
685 4820 714 4877 in
729 4817 836 4892 Solem,
859 4819 909 4893 qni
933 4817 1061 4888 medium
1075 4815 1187 4875 orbium
1202 4814 1428 4891 planetariorum
1443 4818 1585 4878 obtinet“.

245 4901 404 4980 Regularia
436 4920 557 4980 corpora
593 4902 695 4965 eodem
731 4904 833 4978 modo,
872 4920 930 4979 qno
962 4906 991 4960 in
1025 4901 1199 4976 Prodromo,
1238 4903 1420 4980 planetarum
1455 4907 1587 4965 cursibus
1615 4946 1620 4956 -

246 4998 386 5065 tauquam
414 4993 495 5051 caris
523 4990 619 5068 globis
649 4993 844 5053 inscribuntur
870 5006 1027 5066 eorumque
1056 5007 1093 5049 ex
1113 5005 1233 5049 numero
1265 4993 1418 5069 conjicitur
1450 5010 1586 5052 numerus

244 5076 442 5154 planetarum,
465 5086 566 5139 eontra
587 5082 731 5140 sententia
752 5078 881 5154 rejicitur
902 5076 963 5137 illic
983 5078 1182 5154 pronunciata,
1204 5082 1404 5156 proportiones
1427 5082 1587 5155 ipsissimas

245 5162 464 5225 fntmvallornm
485 5184 505 5226 a
527 5165 596 5227 Sole
619 5183 655 5227 ex
676 5167 746 5227 solie
768 5165 869 5241 figuris
889 5163 1071 5240 regularibus
1093 5163 1241 5226 desumtas
1262 5183 1335 5227 esse.
1370 5167 1485 5227 Deinde
1507 5168 1585 5244 leges

244 5260 437 5327 recensentur,
459 5251 618 5331 aKeplero
633 5254 761 5313 motibus
779 5251 962 5328 planetarum
984 5254 1179 5331 iu'prioribns
1198 5253 1291 5328 libris,
1314 5257 1440 5315 maxime
1461 5257 1491 5313 in
1511 5255 1585 5315 libro

246 5337 283 5399 de
316 5340 442 5400 motibus
473 5338 577 5401 Martis
608 5346 751 5400 statutae:
790 5334 822 5420 l)
855 5355 976 5413 „morae
1008 5342 1201 5417 inpartibus
1230 5341 1403 5418 aequalibus
1434 5344 1586 5402 eccentrici

245 5426 404 5487 observant
434 5430 650 5505 proportionem
676 5442 795 5486 suorum
823 5426 1041 5487 intervallorum
1064 5446 1084 5488 a
1105 5428 1190 5504 Sole3
1224 5424 1260 5509 2)
1289 5428 1383 5489 diurni
1410 5432 1472 5490 reri
1489 5447 1585 5489 ‘arcus

245 5516 422 5576 eccentricae
451 5517 563 5576 orbitae
592 5515 677 5574 unius
705 5514 816 5575 habent
843 5515 918 5574 inter
939 5532 971 5575 se
993 5519 1208 5592 proportionem
1237 5532 1369 5575 eversam
1391 5520 1586 5594 proportionis

244 5603 462 5664 ‘intervallorum
485 5601 607 5663 duorum
628 5619 648 5663 a
669 5601 755 5678 snio,
789 5597 825 5683 3)
848 5602 944 5662 orbita
964 5602 1101 5678 planatae
1129 5609 1174 5664 cst
1201 5601 1341 5679 ellipu'cu,
1373 5612 1403 5664 et
1423 5603 1489 5679 Sol,
1520 5605 1586 5666 fons

244 5696 354 5768 motus,
383 5697 429 5751 aet
449 5692 481 5749 in
502 5689 595 5752 altero
607 5689 746 5752 focorum
766 5688 857 5768 hujus
878 5688 1007 5768 ellipsis3
1038 5686 1075 5773 4)
1097 5690 1229 5768 planeta,
1257 5690 1392 5754 absoluto
1414 5695 1506 5754 totius
1527 5694 1585 5754 αἰ-
