3684 7259
246 1239 306 1300 tat
755 1237 813 1293 'De
829 1237 1053 1308 Propertionibus

242 1411 421 1474 adolendos
443 1417 561 1475 allectus
584 1417 744 1475 imitatione
766 1431 917 1487 soronam,
953 1432 1026 1491 quos
1056 1417 1146 1476 edunt
1168 1418 1308 1477 animalia
1339 1417 1377 1477 a'd
1399 1418 1582 1479 testificanda

243 1519 297 1559 sua
320 1501 476 1574 desideria,
499 1503 566 1562 hinc
588 1512 677 1580 patet,
700 1506 811 1562 variam
827 1512 857 1561 et
871 1502 1058 1581 multiplicem
1073 1522 1137 1564 esse
1152 1504 1227 1564 hauc
1243 1504 1467 1583 disputationem
1487 1507 1580 1565 adeo-

245 1602 301 1664 que
323 1589 450 1647 inlinitae
472 1590 610 1665 similem;
632 1608 707 1665 quae
731 1609 795 1649 cum
818 1608 899 1649 meos
913 1591 1037 1650 lacertos
1058 1602 1181 1668 superet,
1210 1595 1315 1652 rectius
1337 1597 1579 1653 transmitteretur

244 1676 380 1735 universa
401 1679 553 1754 empiricis,
575 1678 631 1737 hoc
653 1687 697 1738 est
718 1680 835 1736 musicis
858 1680 1005 1754 practicis,
1029 1680 1136 1755 quippe
1159 1682 1209 1755 qui
1231 1682 1292 1738 sine
1314 1682 1578 1758 praeceptionibus,

244 1763 449 1823 solonaturae
472 1764 559 1823 ductu
582 1764 795 1824 admirabilium
818 1764 1007 1825 melodiarum
1030 1767 1153 1825 subinde
1175 1774 1308 1825 auctores
1331 1769 1473 1840 existunt,
1500 1767 1579 1843 quod

244 1851 314 1925 ipsis
337 1850 422 1926 longe
445 1859 489 1911 ast
510 1851 632 1926 lucilius,
655 1870 743 1929 quarn
764 1862 805 1925 ut,
828 1852 897 1927 quid
919 1854 957 1911 sit
979 1860 1080 1918 cautus
1105 1861 1133 1912 ct
1155 1857 1183 1913 in
1200 1872 1258 1929 quo
1274 1857 1414 1914 consistat
1436 1864 1489 1914 aut
1503 1872 1579 1930 quo·

244 1936 331 1996 modo
353 1938 447 1997 lactus
469 1941 520 2012 sit,
545 1942 675 2000 oratione
697 1940 786 2014 longa
808 1946 835 1997 et
859 1932 966 1998 diserta
988 1938 1169 2014 eloquantur.
1214 1940 1287 1999 Cum
1310 1944 1402 2015 euim,
1432 1953 1465 2000 ut
1488 1944 1581 2000 oratio

247 2041 342 2101 prosa,
367 2027 500 2099 carmine,
523 2029 566 2086 sie
588 2045 676 2087 voces
699 2033 727 2085 el
749 2034 848 2099 gestus
872 2029 1050 2086 animantum
1074 2036 1161 2086 cautu
1178 2037 1426 2106 repraesententur
1439 2038 1476 2107 et
1492 2030 1584 2088 veluti

248 2108 453 2188 depingantur,
487 2122 563 2175 certe
586 2123 618 2173 ut
639 2116 770 2190 poetice,
804 2115 846 2172 sic
868 2115 960 2173 etlam
977 2117 1089 2173 musica
1117 2123 1220 2174 cantus
1242 2115 1432 2192 componendi
1461 2116 1584 2175 facultas

246 2216 303 2256 usu
324 2208 353 2259 sl
375 2204 581 2262 exercitatione
603 2202 677 2274 sola,
700 2203 723 2260 si
748 2202 832 2260 luerit
854 2203 1000 2277 ingenium
1023 2204 1110 2260 etiam
1133 2212 1237 2261 natura
1259 2203 1368 2264 iactum
1391 2203 1428 2262 ad
1452 2203 1516 2276 hoc,
1540 2211 1586 2263 est

246 2281 430 2346 addiscenda.
1141 2306 1145 2313 ’
1353 2356 1355 2362 ¹

331 2373 408 2449 Quia
429 2386 524 2433 tanim
548 2393 615 2453 pars
637 2383 681 2433 cst
702 2375 973 2433 honestissimarum
988 2376 1076 2433 animi
1095 2377 1313 2448 recreatiouum,
1337 2375 1476 2451 indagare
1490 2393 1585 2435 rerum

244 2480 356 2532 causas,
379 2471 430 2521 aut
452 2463 488 2520 ab
512 2460 727 2539 aliisrepertas
750 2464 910 2520 comminus
933 2464 1047 2532 intueri,
1072 2462 1146 2521 adeo
1162 2462 1287 2537 quidem,
1312 2470 1344 2520 ut
1366 2466 1452 2521 etiarn
1470 2464 1585 2521 Aristo·

244 2551 317 2609 tales
346 2549 557 2626 problematum
586 2566 704 2608 suorum
734 2558 845 2626 partem
875 2566 931 2607 uon
964 2551 1111 2607 minimam
1148 2549 1440 2628 contemplationibus
1474 2550 1586 2609 dederit

244 2637 433 2710 harmonicis,
458 2635 620 2696 conandum
643 2640 730 2696 etiarn
753 2637 800 2694 liic
822 2644 867 2695 est
888 2636 1000 2711 aliquid
1029 2636 1249 2713 proterendiqne
1272 2637 1474 2715 philosophiae
1503 2638 1585 2705 fines,

245 2734 274 2783 et
295 2723 425 2783 methodi
445 2723 559 2800 legibus
581 2724 718 2781 adhibitis
742 2722 900 2783 coercenda
922 2722 973 2782 illa
996 2724 1203 2799 disputationis
1224 2724 1351 2782 infinitas
1373 2724 1471 2800 adque
1495 2742 1586 2797 gene—

244 2809 317 2870 ralia
339 2815 435 2887 capita
456 2810 630 2879 revocanda,
653 2820 685 2869 ut
708 2829 758 2889 per
780 2810 940 2886 singularia
962 2810 1147 2887 postmodum
1169 2810 1206 2870 de
1228 2812 1370 2870 similibus
1394 2812 1471 2870 idem
1493 2816 1587 2889 possit

247 2916 310 2957 esse
330 2898 482 2974 judicium.
885 2898 887 2903 '

338 2985 361 3043 Ι.
385 2984 495 3048 Cautus
516 2985 608 3061 ipsius
635 2985 847 3059 affectuumque
877 2986 927 3060 qui
951 2992 1052 3043 cantus
1074 2985 1187 3061 specics
1217 2993 1387 3061 sequuntur,
1418 2986 1584 3062 proportio·

245 3073 325 3131 nalia
347 3079 415 3131 sunt
438 3071 598 3151 elementa,
621 3073 740 3131 totidem
762 3072 821 3130 lere
844 3088 963 3130 numero
987 3073 1131 3145 utrinque.
1175 3071 1251 3130 Nam
1276 3074 1363 3130 etiam
1395 3090 1482 3131 voces
1506 3076 1586 3150 ipsae

247 3163 372 3238 partium
388 3168 499 3233 cantus,
523 3156 623 3237 ἀγωγην,
647 3183 722 3236 soen,
746 3181 870 3227 πεττεια,
886 3162 987 3236 alnao,
1011 3158 1049 3217 ad
1062 3158 1184 3218 allectus
1198 3158 1331 3218 alludunt
1350 3167 1451 3218 certos.
1488 3158 1588 3217 Prima

248 3247 427 3326 simplicitati
450 3249 548 3313 servit,
573 3245 674 3305 ultima
697 3246 844 3318 luxuriae,
868 3246 918 3303 illa
942 3248 1054 3321 corpori
1069 3245 1171 3304 similis
1188 3256 1241 3324 est,
1265 3247 1336 3305 haec
1350 3245 1515 3321 coloribns3
1539 3256 1587 3307 to·

246 3352 299 3393 nes
321 3334 483 3409 aequalitas
506 3335 697 3393 attentionem
720 3343 830 3406 movet,
854 3334 946 3411 pettia
968 3350 1020 3392 seu
1042 3331 1171 3391 lusitatlo
1194 3333 1232 3391 ad
1247 3331 1471 3392 delectationem
1494 3342 1524 3392 et
1539 3350 1587 3393 re·

247 3424 420 3481 creationem
445 3429 488 3480 est
511 3429 686 3499 comparata.
731 3419 814 3480 Haec
836 3428 904 3477 sient
927 3419 1073 3497 generalia
1096 3437 1146 3495 per
1168 3438 1268 3478 omnes
1290 3420 1391 3478 modus
1415 3422 1551 3482 musicos.

333 3509 371 3567 II.
396 3511 440 3567 lle
463 3526 558 3584 agoge
581 3508 637 3567 huc
659 3507 804 3586 peculiare
826 3516 924 3566 monet
948 3505 1106 3575 Galilaeae,
1130 3506 1204 3565 duas
1227 3508 1290 3582 ejus
1313 3525 1376 3565 esse
1400 3507 1585 3579 differentias,

247 3614 334 3655 unam
356 3615 479 3667 sursum,
502 3596 624 3656 alteram
647 3595 790 3672 deorsum,
813 3611 935 3670 quarum
958 3593 1008 3652 illa
1031 3594 1159 3653 laetitiae
1182 3598 1303 3667 serviat,
1326 3595 1399 3653 haec
1421 3597 1586 3653 moestitiae

248 3691 277 3743 et
304 3684 394 3742 llctui.
439 3684 537 3742 Causa
567 3691 611 3742 est
642 3682 797 3754 naturalis,
835 3683 907 3740 inira
938 3685 1014 3740 enim
1044 3698 1100 3739 vor
1132 3684 1229 3757 gravis
1260 3688 1339 3741 motu
1368 3681 1451 3739 tardo
1484 3681 1587 3753 editur,

251 3789 339 3847 supra
360 3789 419 3829 vox
441 3779 528 3829 acuta
550 3778 629 3828 motu
653 3772 815 3842 concitato;
845 3786 910 3827 cum
940 3785 1009 3845 ergo
1031 3786 1089 3827 vox
1117 3767 1278 3839 descendit,
1309 3770 1399 3844 quieti
1427 3771 1588 3846 appropin-

247 3869 327 3934 quat,
351 3876 416 3918 cunr
438 3856 577 3925 ascendit,
600 3859 629 3913 in
652 3865 731 3915 motu
755 3855 880 3934 proficlt3
904 3864 1058 3933 propterca
1080 3858 1109 3913 iu
1130 3855 1239 3914 chorali
1255 3865 1340 3913 cautu
1364 3855 1535 3932 plerumque
1557 3858 1584 3913 in

195 3936 198 3942 ’
247 3945 502 4018 lmo'desinimus,
525 3944 583 4004 illic
607 3945 693 4019 igitur
717 3961 773 4002 vox
796 3943 966 4020 languescit,
990 3943 1038 4002 hic
1062 3944 1150 4018 riget.
1197 3944 1285 4018 Atqui
1302 3944 1389 4001 etiam
1411 3944 1440 3999 in
1457 3960 1587 4002 moerore

249 4031 368 4108 languet
389 4051 469 4092 mens
492 4048 650 4107 omnesque
673 4032 844 4100 functiones,
869 4033 896 4087 in
920 4030 1066 4089 hilaritate
1092 4032 1163 4087 vivit
1186 4037 1216 4088 et
1237 4039 1357 4089 actuosa
1379 4039 1432 4089 est.

336 4120 390 4179 ΠΙ.
415 4121 466 4178 Est
489 4123 577 4179 etiam
599 4118 690 4177 saltus
714 4121 758 4176 vis
782 4135 901 4191 magna,
926 4120 975 4193 qui
999 4126 1043 4176 est
1066 4116 1155 4175 veluti
1178 4116 1343 4193 potentialis
1366 4134 1474 4194 agoge;
1501 4117 1592 4176 habet

86 4181 90 4194 ³
145 4233 147 4235 ·
250 4209 326 4265 einim
349 4209 549 4279 temeritatem,
573 4213 692 4276 motum,
717 4204 878 4276 audaciam,
903 4215 948 4262 est
970 4204 1111 4275 militaris,
1135 4204 1234 4277 virilis,
1258 4202 1419 4281 impudens,
1445 4207 1469 4263 si
1493 4206 1591 4263 creber

249 4298 294 4365 sit,
320 4297 487 4370 praesertim
510 4312 560 4370 per
583 4293 729 4369 diapente,
752 4292 835 4367 cujus
858 4291 959 4366 ligura,
983 4294 1123 4366 trigonus,
1146 4292 1239 4349 acutis
1262 4298 1375 4349 constat
1396 4290 1520 4367 angulis,
1543 4300 1591 4349 to·

250 4392 369 4457 tumque
399 4380 535 4440 circulum
564 4382 655 4438 tribus
686 4379 769 4437 lineis
797 4380 932 4437 absumit.
985 4379 1092 4437 Contra
1123 4377 1215 4437 saltus
1245 4396 1296 4456 per
1323 4386 1435 4436 sextam
1474 4378 1591 4437 mollem

248 4472 351 4528 unicus
381 4468 556 4537 ascendens,
592 4475 732 4542 sequente
762 4483 855 4542 agoge
887 4466 1020 4523 deorsum
1048 4465 1276 4540 magnitudinem
1307 4464 1415 4523 doloris
1449 4468 1591 4542 exprimit,

249 4565 334 4633 aptus
358 4555 531 4631 ejulatibus,
555 4557 592 4613 ob
615 4553 832 4612 similitudinem
861 4555 957 4627 vocis,
985 4562 1017 4610 ut
1045 4555 1088 4609 in:
1123 4550 1161 4610 Ia
1183 4571 1230 4610 me
1251 4556 1435 4610 lrarmierunt
1461 4550 1590 4610 Orlaudi.

334 4644 386 4701 lv.
410 4644 535 4701 Multum
558 4645 643 4701 etiarn
668 4644 793 4712 interest,
818 4649 955 4717 quantam
979 4640 1161 4699 altitudinem
1185 4642 1213 4697 in
1237 4648 1357 4699 octavae
1371 4649 1530 4715 systemate
1554 4641 1592 4699 ab

249 4732 307 4788 irna
329 4730 426 4790 radice
450 4740 551 4789 caritus
574 4730 725 4806 potissima
749 4747 815 4805 pars
838 4737 968 4805 occupet.
1013 4727 1085 4785 Nam
1117 4729 1140 4783 si
1165 4735 1257 4784 totam
1280 4737 1414 4784 octavam
1444 4735 1592 4804 percurrat

250 4826 300 4875 aut
324 4818 453 4890 excedat,
477 4820 625 4877 animosus
649 4825 751 4874 cantus
774 4823 833 4888 est3
857 4818 901 4872 sin
925 4815 1105 4873 diatessaron
1129 4814 1241 4888 sulum,
1265 4812 1413 4872 modestus
1436 4824 1465 4872 at
1484 4815 1593 4888 jucun-

250 4904 321 4980 dus;
345 4905 480 4982 diapente
503 4904 730 4963 mediocritatem
754 4904 855 4974 habet3
884 4904 970 4960 tertia
994 4901 1089 4960 mollis
1112 4899 1316 4961 demissionem
1344 4909 1378 4979 et
1395 4901 1591 4978 pusillanimi·

250 5001 348 5051 tatem
394 4993 458 5052 Hoc
481 4992 599 5068 qrridarn
620 4991 749 5049 tribuunt
772 4990 921 5049 descensui
945 4989 1017 5045 inlra
1038 4987 1165 5047 radicem
1187 5005 1238 5066 per
1260 4988 1455 5059 diatessaron,
1488 4988 1593 5064 hujus·

157 5102 159 5105 ’
251 5097 307 5156 que
330 5081 438 5139 formae
461 5090 544 5139 tonos
567 5077 715 5156 appellant
737 5076 850 5155 plagius
873 5094 925 5134 seu
948 5075 1079 5153 pln'gales
1101 5093 1218 5134 suorum
1241 5075 1453 5134 authentorum.
1479 5102 1485 5113 ·

338 5165 375 5223 V.
399 5168 477 5227 Inter
500 5165 648 5241 generalia
670 5166 813 5224 elementa
835 5162 984 5223 reserenda
1012 5171 1055 5221 est
1081 5166 1262 5239 potissimum
1291 5164 1379 5221 etiam
1402 5162 1534 5222 celeritas
1565 5170 1594 5222 et

250 5253 371 5312 tarditas
393 5255 517 5333 rhythmi
541 5272 593 5313 seu
617 5262 726 5312 tactus.
750 5269 873 5328 quarum
895 5250 946 5309 illa
967 5253 1042 5328 irae,
1070 5252 1175 5323 motui,
1206 5251 1325 5328 pugnis,
1360 5249 1498 5308 hilaritati
1522 5258 1593 5326 apta

250 5349 303 5413 est,
325 5340 398 5401 haec
420 5343 628 5413 affectionibus,
653 5341 758 5417 quibus
782 5356 831 5416 per
853 5340 979 5414 quietem
1002 5338 1128 5410 fruimur,
1150 5336 1283 5408 moerori,
1310 5340 1411 5409 amori,
1435 5336 1591 5410 desiderio,
1658 5329 1663 5353 ¹

251 5429 396 5507 voluptati
419 5448 454 5488 ex
478 5428 626 5506 potiundo.
914 5470 916 5472 >

339 5516 389 5588 Vl.
414 5515 497 5576 Adde
521 5515 705 5586 atmodum,
739 5513 794 5572 hoc
822 5521 866 5571 est
889 5513 1054 5591 rhythmum
1076 5513 1188 5590 ipsum;
1218 5511 1277 5570 alia
1304 5513 1379 5571 enim
1410 5511 1489 5589 tripli
1512 5508 1593 5584 dicti,

179 5661 185 5667 .
251 5603 310 5662 alia
333 5603 411 5681 dupli
435 5612 478 5663 est
501 5606 559 5676 vis,
582 5620 670 5678 quam
691 5603 763 5661 sorte
786 5603 905 5659 multam
930 5600 1017 5659 trahit
1039 5616 1074 5656 cr
1096 5600 1258 5657 imitatione
1280 5599 1451 5658 saltantium
1466 5597 1593 5658 chorea-

214 5751 217 5755 ,
252 5706 331 5766 rum,
356 5708 432 5767 quae
454 5697 586 5749 mutuum
608 5692 636 5747 iu
660 5692 696 5748 ils
718 5687 860 5748 alternata
883 5689 1009 5747 varietas
1031 5703 1096 5744 cum
1110 5687 1253 5746 omnibus
1280 5694 1352 5746 uota
1373 5688 1426 5760 sit,
1455 5685 1594 5746 adm0net
