3684 7259
246 1211 310 1271 m
658 1206 701 1261 De
719 1204 984 1276 Confignrationibns
1001 1205 1179 1261 Harmonicia

246 1384 393 1461 diapente,
414 1384 592 1461 aesqnadrus
613 1394 714 1444 sextae
736 1385 827 1459 molli,
852 1383 1015 1460 biqnintilis
1026 1393 1128 1443 mutae
1145 1383 1244 1458 durae,
1268 1387 1420 1461 oppositus
1435 1385 1597 1463 diapason3

246 1475 317 1547 quia
338 1475 364 1530 si
385 1474 502 1531 auferas
524 1490 543 1530 a
565 1472 673 1531 oborda
696 1483 757 1532 totu
780 1483 893 1531 tantam
915 1475 1097 1548 portionem,
1127 1480 1268 1547 quantam
1290 1477 1455 1548 portionem
1478 1475 1515 1532 dc
1538 1477 1599 1533 cir-

246 1560 312 1622 culo
335 1559 429 1619 anlert
452 1560 575 1635 quilibet
596 1568 750 1637 aspectus,
781 1560 929 1620 residuum
953 1558 1080 1619 chordae
1108 1559 1178 1617 lacit
1201 1576 1267 1618 cum
1290 1569 1353 1617 tota
1384 1560 1466 1619 illam
1488 1570 1598 1620 consu·

245 1639 390 1719 nuntiam,
421 1664 496 1723 qnae
520 1648 568 1705 liic
589 1648 709 1707 cuilibet
731 1652 864 1724 aspectui
887 1658 932 1706 est
955 1643 1112 1723 adscripta.
1158 1644 1232 1705 Cum
1262 1649 1351 1722 igitur
1381 1666 1519 1707 nnmems
1543 1653 1598 1709 iate

244 1737 426 1811 septenarius
448 1733 738 1809 concordantiamm,
769 1755 822 1795 seu
844 1737 944 1811 potius
967 1738 1131 1792 sectionum
1155 1733 1405 1807 barmouicarum,
1436 1755 1510 1812 quas
1533 1739 1598 1795 sin-

244 1824 330 1898 gulas
351 1821 485 1898 singulae
507 1822 732 1903 concordantiae
754 1824 829 1881 intra
852 1823 995 1899 diapason
1020 1823 1223 1896 insequuntur,
1246 1832 1342 1881 certus
1357 1825 1398 1880 sit
1420 1833 1450 1881 et
1471 1825 1598 1884 demon·

245 1911 395 1983 strativus,
417 1926 476 1968 non
499 1913 596 1968 minus
619 1904 707 1986 quam
729 1919 776 1969 est
791 1914 819 1968 in
836 1912 997 1985 geometria
1013 1923 1152 1970 numerus
1169 1911 1321 1984 quinarius
1338 1928 1490 1986 corporum
1507 1929 1599 1988 regu·

244 1998 358 2069 larium,
381 2005 414 2056 nt
434 1997 509 2056 libro
532 1997 586 2055 111.
611 2015 674 2073 cap.
700 2001 729 2055 2.
753 2002 862 2074 patuit:
891 2005 970 2056 esset
991 1998 1081 2080 igitur
1103 1999 1178 2054 ratio
1202 1996 1419 2056 demonstrandi
1443 2016 1598 2059 numeru·

244 2092 415 2162 aspectuum
444 2084 539 2143 facilis
569 2093 600 2143 et
628 2085 765 2161 expedita
793 2104 845 2161 per
866 2092 1033 2162 susceptum
1064 2084 1120 2141 boc
1147 2086 1280 2157 axioma,
1313 2102 1370 2143 nec
1397 2087 1499 2146 luisset
1522 2105 1599 2164 opus

245 2189 369 2248 operoso
391 2175 448 2230 isto
471 2189 614 2230 novorum
636 2175 816 2231 axiomatum
839 2173 904 2231 libri
927 2171 981 2230 lV.
1004 2178 1157 2247 apparatu.

331 2260 461 2318 Et‘saue
482 2262 508 2316 si
530 2261 751 2320 observationes
773 2260 1019 2335 meteorologicae
1042 2259 1111 2316 buic
1132 2259 1297 2333 septenario
1326 2269 1498 2335 aspectuum
1520 2263 1599 2322 snia-

245 2355 310 2405 seut
331 2347 507 2422 astipulatus
530 2366 566 2405 ex
589 2365 670 2418 asse,
694 2350 908 2422 acquievissem
932 2363 987 2421 ego
1011 2349 1039 2403 in
1062 2363 1152 2422 supra
1173 2349 1270 2420 posito
1294 2350 1454 2421 ariomate,
1482 2367 1537 2408 nce
1559 2349 1597 2409 ds

246 2437 295 2504 iis,
327 2452 404 2509 quae
434 2453 469 2493 ex
493 2437 638 2493 rationum
665 2435 898 2493 harmonicorum
928 2444 992 2492 ortu
1025 2450 1120 2506 exque
1150 2434 1369 2508 metapliysicae
1393 2453 1500 2495 musae
1524 2454 1598 2495 con·

245 2520 421 2580 sideratione
444 2531 580 2597 poteraut
603 2523 706 2597 objici,
738 2515 823 2582 valde
847 2524 967 2581 inissem
989 2520 1142 2578 sollicitus
1188 2519 1246 2579 Sed
1270 2524 1341 2596 quia
1363 2525 1463 2582 crebro
1490 2525 1598 2601 depre-

245 2609 368 2667 hensum
392 2618 445 2680 est,
469 2619 602 2668 naturam
625 2610 811 2668 sublunarem
835 2608 979 2669 stimulari
1002 2610 1300 2678 etiamasemisexto,
1325 2613 1375 2683 qui
1391 2611 1597 2677 duodecimam

244 2705 356 2771 partem
389 2696 487 2755 circuli
516 2699 675 2771 intercipit,
708 2715 774 2755 cnm
797 2707 904 2770 tamen,
929 2695 1029 2754 ablata
1051 2698 1185 2770 portione
1209 2694 1382 2755 duodecima
1415 2698 1450 2758 de
1475 2700 1595 2774 chorda,

244 2783 392 2843 residuum
423 2786 549 2859 partium
580 2784 713 2843 undecim
741 2799 800 2844 non
833 2791 975 2844 consonet
1002 2800 1070 2840 cum
1100 2789 1180 2853 tota,
1212 2792 1241 2841 et
1263 2786 1334 2858 quia
1357 2785 1463 2845 iulidac
1486 2787 1596 2863 deprs·

243 2869 352 2929 bensae
375 2882 442 2929 suut
466 2871 715 2931 exstimulationcs
740 2882 946 2950 tempestatum
973 2887 1024 2947 per
1046 2869 1253 2945 sesqnadrum,
1287 2874 1337 2947 qui
1358 2872 1512 2949 dispungit
1535 2885 1597 2935 tres

245 2966 365 3017 octavas
389 2957 503 3029 circuli,
527 2976 592 3016 cum
616 2969 722 3029 tamen,
747 2960 854 3019 ablatis
877 2962 970 3018 tribus
993 2959 1106 3016 octavis
1131 2956 1166 3015 de
1190 2957 1307 3029 chorda,
1330 2960 1477 3019 residuum
1502 2963 1521 3019 5
1545 2980 1598 3021 oc-

244 3054 377 3104 tavarum
400 3049 519 3105 omnino
543 3058 681 3108 consociet
705 3064 771 3105 cum
793 3054 857 3106 tota
881 3050 915 3120 8,
940 3048 1009 3104 binc
1031 3052 1096 3102 orta
1118 3043 1189 3101 mibi
1210 3045 1266 3102 tuit
1289 3051 1465 3118 necessitas,
1489 3067 1596 3109 causas

217 3185 221 3191 .
245 3130 394 3191 dissensus
418 3141 447 3191 et
470 3134 647 3192 diversitatis
678 3135 765 3210 bujus
794 3135 850 3194 boc
874 3135 926 3193 IV.
951 3132 1024 3190 libro
1048 3132 1172 3190 rimandi
1204 3133 1384 3207 profundius.
1431 3134 1517 3209 Quod
1541 3140 1597 3196 etsi

245 3228 322 3278 recte
348 3228 498 3296 peractum
529 3230 559 3279 et
589 3237 695 3281 musas
725 3222 902 3282 clarissimas
932 3229 1029 3279 erutas
1053 3222 1201 3288 existimo,
1234 3239 1376 3279 summam
1400 3232 1498 3280 tamen
1532 3223 1599 3282 dia·

244 3310 405 3382 putationis
428 3311 520 3367 totius
542 3311 645 3368 iterato
668 3310 816 3370 inculcare
837 3309 897 3368 'uon
920 3309 1067 3376 nocnerit,
1090 3324 1156 3364 cnm
1179 3306 1207 3363 id
1231 3312 1360 3383 requirat
1383 3312 1516 3369 instituta
1541 3312 1598 3371 boc

246 3394 312 3453 loco
336 3394 494 3471 explicatio
516 3412 631 3469 eorum,
655 3414 732 3472 qnae
754 3401 784 3454 in
806 3395 998 3473 praeambulo
1023 3393 1223 3469 premeridis
1246 3398 1391 3454 concisius
1414 3408 1481 3455 sunt
1507 3398 1596 3460 dicta.

332 3483 431 3542 Causa
453 3484 550 3560 igitur,
575 3500 625 3542 cur
639 3500 706 3556 non,
731 3494 804 3560 quot
826 3494 894 3543 suut
915 3484 1073 3541 iu'musica
1088 3484 1232 3541 sectiones
1254 3483 1449 3545 liarmonicae.
1474 3485 1597 3545 totidem

246 3569 334 3626 etiam
359 3573 416 3628 sint
439 3579 589 3646 aspectus,
623 3575 665 3629 uti
688 3590 782 3648 usque
805 3572 843 3631 ad
866 3587 976 3641 annum
1002 3569 1094 3627 1608.
1118 3568 1312 3640 credideram,
1336 3582 1380 3629 est
1404 3572 1491 3649 baec,
1522 3577 1600 3648 quia

244 3660 362 3715 musica
385 3661 549 3733 septenarii
570 3662 619 3716 sui
638 3663 797 3736 principio
819 3658 974 3720 nmtnulla
996 3674 1032 3715 ex
1054 3659 1121 3730 ipsa
1143 3658 1321 3715 rectitudine
1343 3658 1471 3717 mordas
1493 3661 1597 3735 trabit,

245 3760 313 3801 cum
336 3747 481 3817 cirmini,
511 3749 545 3802 in
568 3762 628 3821 qtto
649 3756 793 3806 notamus
814 3755 963 3824 aspectus,
991 3748 1025 3802 in
1053 3760 1083 3800 ac
1104 3747 1205 3818 ipsum
1227 3745 1343 3818 redeat,
1373 3764 1428 3804 nec
1448 3752 1541 3821 possit
1562 3755 1599 3808 ut

245 3848 282 3889 eu
309 3832 437 3892 madae
464 3836 506 3890 sic
537 3836 629 3891 mam
659 3854 695 3894 ca·
725 3835 842 3895 zodiaci
870 3834 991 3893 residuo
1019 3831 1085 3907 {ieri
1114 3832 1245 3889 circulus
1273 3834 1360 3891 alius.
1408 3833 1506 3892 i'erba
1527 3846 1598 3895 aunt

135 3937 140 3956 ·
245 3918 388 3978 (fictorum
411 3919 637 3996 prolegomeuon
666 3922 716 3980 iol.
741 3925 800 4000 35,
830 3939 906 3997 quae
935 3923 977 3979 sie
1001 3917 1174 3994 explicanda
1202 3927 1278 3977 snut.
1322 3920 1398 3979 Nam
1421 3930 1453 3979 ut
1475 3939 1541 3997 cap.
1565 3925 1597 3984 t.

245 4007 333 4080 bujus
356 4008 482 4079 dictum,
513 4007 599 4065 aliter
622 4012 752 4067 oriuntur
775 4014 920 4071 sectiones
943 4008 1145 4077 harmonicae,
1176 4007 1260 4064 aliter
1288 4018 1438 4084 aspectus,
1468 4009 1537 4068 licet
1559 4026 1597 4069 cx

246 4093 349 4153 eodem
373 4095 481 4153 circulo
506 4097 636 4153 oriantur
657 4100 781 4172 utrique.
826 4097 902 4155 Nam
925 4096 999 4153 libro
1014 4092 1070 4151 111.
1092 4098 1135 4152 sic
1157 4103 1325 4168 comparata
1348 4103 1416 4154 sunt
1437 4100 1597 4171 axiomata,

247 4191 279 4239 ut
301 4181 451 4258 quaelibet
473 4182 581 4241 cborda
604 4183 787 4259 chordueqne
811 4203 886 4260 pars,
911 4200 964 4242 seu
978 4184 1069 4256 longa
1083 4199 1134 4240 seu
1150 4182 1256 4253 brevis,
1279 4186 1371 4259 possit
1388 4187 1490 4242 iterum
1515 4201 1598 4243 com·

244 4273 341 4344 parari
365 4273 418 4327 loti
442 4270 558 4342 circulo,
583 4288 640 4329 nou
664 4275 759 4330 minus
783 4289 870 4347 quam
895 4281 958 4329 tota
981 4286 1031 4329 seu
1055 4270 1226 4345 longissima
1244 4269 1353 4328 chorda
1376 4272 1469 4329 eidern
1487 4272 1598 4331 circulo

246 4358 486 4440 comparabaturq
508 4367 540 4416 at
563 4359 618 4416 lroc
639 4358 715 4418 libro
738 4360 791 4417 IV.
815 4378 873 4419 non
898 4359 994 4436 potuit
1017 4375 1101 4415 arcus
1124 4357 1241 4427 circuli,
1273 4374 1324 4415 seu
1347 4360 1442 4434 major
1464 4362 1598 4419 semicir-

246 4444 313 4502 culo
336 4461 388 4502 seu
411 4431 522 4526 mlnu't,
552 4450 713 4523 comparari
742 4451 806 4506 toti.
852 4449 958 4506 Dicam
988 4445 1110 4503 clarius:
1134 4452 1320 4520 quotcunque
1349 4447 1442 4504 modis
1471 4446 1599 4506 circulus

247 4530 388 4590 dividitur
410 4532 653 4606 demonstrative,
684 4552 784 4592 omues
807 4535 852 4594 illi
874 4534 954 4593 modi
977 4540 1100 4609 possunt
1123 4533 1268 4590 translerri
1298 4536 1325 4589 in
1349 4533 1454 4593 lineam
1478 4544 1598 4607 rectam,

248 4618 304 4678 boc
335 4631 379 4678 est
407 4620 545 4678 cbordanr
576 4623 701 4697 ejusque
732 4631 845 4698 partem
877 4637 1092 4699 quamcunque.
1140 4621 1178 4676 At
1206 4636 1265 4677 non
1294 4623 1336 4678 sic
1359 4621 1465 4680 divisio
1496 4622 1599 4681 circuli

246 4708 337 4765 totius
361 4706 605 4782 demonstrativa,
640 4710 721 4767 verbi
745 4727 835 4769 causa
858 4713 885 4769 in
910 4713 967 4767 tria
996 4718 1047 4766 ant
1070 4711 1099 4765 iu
1122 4709 1267 4781 quinque,
1299 4715 1396 4783 potest
1419 4709 1484 4767 ideo
1509 4712 1599 4768 etiam

248 4797 277 4851 in
299 4810 399 4852 arcum
427 4796 491 4871 ejus
516 4813 719 4871 quemcunque
748 4802 911 4870 transferri,
941 4796 1020 4871 qnod
1047 4797 1118 4852 satis
1148 4803 1192 4851 est
1214 4794 1442 4853 demonstratum
1474 4800 1502 4854 in
1526 4813 1600 4872 pro-

247 4884 444 4960 positionibus
468 4883 578 4941 nllirnis
600 4884 666 4941 libri
690 4885 783 4960 primi.
829 4887 928 4946 Causa
950 4892 995 4944 est
1017 4885 1046 4938 iu
1070 4880 1174 4955 ligura:
1199 4890 1278 4939 recta
1294 4886 1370 4940 euim
1394 4896 1492 4942 manet
1507 4894 1597 4959 recta,

246 4974 309 5027 slve
341 4976 489 5029 truncetur
515 4974 578 5029 sive
607 4970 814 5048 prolongetur3
847 4985 878 5034 at
910 4971 1034 5031 circulus
1063 4977 1212 5026 truncatus
1244 4986 1301 5026 uon
1332 4981 1431 5030 manet
1461 4972 1597 5031 circulus.

246 5056 341 5114 Datur
363 5059 452 5133 igitur
472 5060 563 5116 sectio
586 5062 812 5134 proportionalis
842 5064 977 5122 binarum
1007 5073 1244 5131 quarumcunque
1274 5065 1430 5126 rectarum,
1460 5059 1546 5117 datur
1568 5066 1599 5118 et

247 5144 380 5202 binorum
404 5161 643 5222 quorumcunque
668 5146 849 5223 circulorum,
872 5147 924 5207 sed
948 5163 1004 5204 nou
1022 5144 1107 5202 datur
1130 5146 1261 5201 binorum
1285 5162 1524 5223 quorumcunque
1547 5164 1598 5205 ar-

247 5228 333 5289 cn'um
362 5234 448 5290 unius
478 5233 585 5291 circuli.
631 5234 714 5292 Haec
742 5238 785 5296 sic
816 5238 853 5296 ad
883 5235 1065 5313 propositum
1095 5232 1364 5290 accommodantur:
1396 5236 1419 5291 si
1449 5234 1599 5293 dividatur

248 5318 357 5378 cbo‘rda
379 5321 409 5376 in
431 5327 529 5396 partes
553 5330 628 5393 octo,
653 5322 798 5384 divisione
821 5343 861 5383 sc.
877 5324 977 5383 circuli
995 5320 1232 5389 demonstrativa,
1257 5337 1316 5378 una
1331 5328 1437 5379 octava
1454 5330 1599 5384 consonat

248 5423 314 5464 curn
337 5415 413 5478 tota,
445 5417 607 5467 consonant
630 5419 658 5467 et
681 5418 738 5469 tres
762 5420 894 5483 octavae,
917 5418 1085 5487 propterea,
1115 5409 1184 5481 quia
1207 5424 1265 5465 nna
1288 5417 1395 5466 octava
1421 5409 1521 5467 circuli
1544 5409 1599 5469 de·

248 5497 440 5553 monstrative
463 5496 586 5555 rescindi
610 5506 721 5572 potest,
745 5507 778 5558 ut
801 5510 830 5560 et
853 5513 911 5559 tres
936 5508 1068 5557 octavae.
1114 5495 1222 5552 Eadem
1247 5496 1475 5554 demonstrativa
1500 5496 1599 5555 deter-

248 5570 368 5639 m'inatio
392 5593 435 5641 eat
459 5587 547 5642 etiam
570 5587 645 5644 inter
667 5603 781 5660 causas,
815 5604 866 5646 cur
888 5588 985 5645 octilis
1009 5593 1037 5641 et
1061 5584 1193 5640 trioctilis
1216 5585 1274 5640 siut
1290 5584 1431 5641 ellicaces.
1479 5584 1517 5641 At
1540 5584 1598 5643 boc

249 5676 294 5729 eat
309 5667 485 5747 'discrimem
517 5670 595 5747 quod
618 5672 679 5733 illic
701 5674 829 5734 noudum
853 5682 898 5735 est
921 5673 1080 5732 constituta
1101 5673 1193 5730 sectio
1216 5670 1397 5743 harmonica,
1428 5672 1484 5728 nisi
1508 5674 1596 5731 etiarn
