3684 7259
285 1174 329 1240 lt·
403 1217 405 1222 -
662 1164 804 1244 npieoiee
820 1167 933 1244 Kepitrl
948 1168 1118 1241 adorunm
1133 1173 1244 1229 mutuae

284 1349 457 1414 expeditione·
473 1351 512 1399 tot
528 1349 684 1410 negotiorum
710 1349 892 1412 provinciarum
916 1349 960 1398 rix
978 1347 1097 1411 reepirare
1118 1352 1216 1412 poteet,
1239 1350 1290 1400 imo
1309 1360 1357 1400 nro
1372 1345 1479 1402 cunae
1503 1348 1545 1399 rei
1559 1348 1625 1401 out-

284 1421 368 1472 daccil
385 1420 476 1469 librom
499 1433 639 1482 percurrere
663 1420 762 1484 potuit;
789 1419 930 1469 cidamum
955 1432 983 1468 ea
1005 1415 1033 1468 in
1057 1419 1211 1469 commodine
1231 1422 1330 1483 tempnt
1352 1425 1378 1470 et
1393 1421 1430 1473 ,ln
1447 1419 1498 1470 alia
1512 1421 1625 1472 marala

283 1489 804 1612 &zffilgnffiwffimffim
825 1490 874 1539 tibi
891 1490 984 1539 obtulit
1004 1489 1036 1539 ad
1054 1490 1146 1553 Βοςοω
1163 1490 1283 1599 dardae,
1307 1494 1337 1541 nt
1356 1492 1402 1556 qni
1426 1489 1469 1541 diu
1490 1491 1529 1539 lbl
1545 1490 1627 1540 becalt

300 1675 303 1684 ·
372 1664 446 1715 Brevi
460 1668 519 1725 poet
535 1659 586 1729 (3¹.
604 1664 678 1725 ang.)
695 1653 853 1727 Keplerua
876 1663 985 1726 longiori
1001 1662 1107 1728 epletola
1130 1665 1269 1733 reapondit,
1295 1678 1361 1731 qaae
1381 1665 1491 1715 maxim
1508 1666 1626 1728 exparte

285 1733 421 1788 ditionem
438 1733 632 1801 ltpbemerldnm
649 1737 675 1783 et
691 1735 875 1786 obeerrationea
892 1735 1024 1799 eclipelum
1040 1734 1123 1788 refert.

372 1821 507 1898 Denique
529 1822 621 1896 eeito,
651 1831 739 1880 eenole
756 1829 886 1898 liemarue,
908 1839 967 1884 non
989 1841 1056 1885 mee
1076 1824 1243 1902 impietate,
1267 1821 1324 1883 eed
1345 1820 1512 1884 conditione
1533 1837 1627 1901 nego·

285 1911 392 1972 tiorum
413 1907 596 1970 librariorum
619 1910 749 1970 innixam
771 1926 836 1972 eeee
856 1909 1077 1986 indemnitatem
1098 1929 1193 1974 meam
1214 1912 1245 1971 in
1267 1926 1355 1989 opere
1373 1910 1625 1990 Harmonicornm.

286 1995 512 2061 insimulare
540 1996 636 2075 operie
665 1995 789 2059 lectoree
817 2000 1006 2076 excitaverie,
1035 1998 1130 2062 multa
1155 1998 1227 2060 mibi
1254 1997 1432 2078 exemplaria
1460 1997 1628 2062 dietraxm

284 2086 369 2162 (narn
393 2085 454 2145 100
475 2083 548 2144 mihi
569 2083 784 2163 Typograpbue
806 2102 859 2163 pro
881 2086 983 2148 labo're
1005 2086 1122 2165 reliquii
1143 2098 1209 2148 cum
1228 2085 1403 2161 conditione,
1425 2102 1484 2146 uon
1499 2084 1628 2147 donandi

284 2190 340 2235 nec
361 2173 449 2234 viliue
471 2170 625 2246 vendendi,
649 2189 737 2250 quem
757 2174 822 2252 ipee
843 2171 961 2258 rendit)
983 2191 1036 2253 pro
1049 2176 1196 2253 praesenti
1209 2176 1344 2252 pecunia,
1367 2191 1414 2235 ree
1428 2191 1509 2235 meae
1523 2173 1627 2235 dome·

248 2279 253 2290 ·
284 2261 374 2324 e'dcae
395 2258 565 2320 eublevabie
586 2276 692 2337 meque
714 2262 744 2319 in
767 2259 835 2322 dote
857 2262 935 2323 tiliae
958 2261 1137 2340 corroganda
1157 2261 1329 2341 adjurabia'
1346 2265 1423 2340 quie
1441 2260 1553 2326 dudum
1574 2278 1629 2323 oc-

286 2347 373 2434 cultie
395 2364 539 2407 annorum
561 2349 735 2407 currentium
757 2347 1022 2412 machinationibue
1044 2350 1238 2430 hymenaeum
1260 2351 1353 2410 invito
1375 2352 1465 2410 etiam
1487 2366 1524 2411 er
1544 2356 1627 2429 parta

284 2437 358 2497 citat
379 2437 568 2511 armentique,
590 2435 647 2495 nlei
669 2453 716 2497 me
738 2434 813 2496 ieilit
835 2439 974 2516 euspicio.
990 2471 1032 2483 —
1055 2437 1150 2499 Valde
1172 2455 1237 2508 epm
1258 2443 1405 2502 recreetue
1427 2454 1463 2499 ex
1479 2452 1525 2511 eo,
1547 2435 1627 2515 quod

284 2523 338 2585 tibi
360 2539 427 2585 cum
450 2523 488 2585 D.
511 2521 694 2599 Tengnaglio
716 2522 908 2593 familiariter.
948 2525 1005 2602 Qui
1028 2524 1098 2587 dum
1119 2524 1371 2587 commendatitiae
1392 2525 1555 2603 pollicetur,
1578 2525 1627 2585 ri·

285 2608 348 2671 deo
363 2608 435 2688 quid
457 2609 536 2670 iactu
559 2626 633 2688 opue
655 2610 774 2686 inierat,
805 2612 910 2673 ealtam
934 2612 1005 2691 quid
1025 2631 1073 2676 me
1096 2612 1233 2691 dignum,
1255 2619 1289 2673 ut
1308 2611 1537 2690 praefigerentur
1556 2610 1627 2673 illae

284 2697 376 2773 ilbro,
407 2704 440 2758 nt
462 2697 683 2758 Commentariis
705 2698 809 2760 biartie
832 2704 889 2772 (cb.
907 2707 953 2759 111.
980 2724 1006 2774 p.
1031 2707 1104 2777 iti).
1149 2701 1189 2762 at
1210 2701 1312 2779 elapea
1336 2707 1381 2762 eet
1403 2700 1534 2775 cocceio,
1563 2700 1627 2776 Jam

283 2785 467 2847 Francoiurti
494 2792 567 2864 puto
597 2801 733 2846 excusam
756 2785 976 2859 ‘dedicationem
1004 2806 1069 2851 cnm
1098 2789 1184 2850 titulo
1209 2785 1348 2867 generali.
1392 2786 1427 2849 st
1447 2795 1545 2852 umen
1566 2803 1628 2847 uon

222 2867 225 2874 '
284 2871 460 2950 dedignatur
485 2874 624 2951 privatim
650 2874 790 2950 ecribere‚
820 2892 875 2937 nec
905 2893 962 2955 ego
984 2894 1083 2938 curam
1108 2874 1321 2938 cauemlttendl
1349 2873 1545 2954 dedignabor,
1574 2871 1628 2935 eed

283 2968 384 3039 minu
414 2962 557 3037 accipiam
584 2959 773 3038 reddamque.
804 3006 909 3027 ....
945 2964 1053 3043 Accipe
1082 2955 1141 3034 mee
1164 2962 1298 3041 'reliquae
1325 2965 1449 3040 paginae
1478 2961 1628 3041 blebem-

283 3046 354 3110 rldie
376 3053 407 3109 et
428 3048 504 3108 vale.
549 3046 676 3126 Siquid
705 3049 844 3110 librorum
864 3049 955 3129 petie,
985 3051 1068 3114 eolre
1096 3053 1139 3126 ei,
1170 3053 1222 3130 qui
1243 3051 1298 3112 bae
1320 3048 1431 3130 cadet,
1461 3047 1632 3112 Lindelantl

283 3136 454 3211 mercatori3
476 3152 528 3212 per
550 3143 616 3218 eum
639 3138 716 3198 enim
738 3138 849 3215 poteria
869 3137 979 3202 babere
1001 3158 1089 3218 quam
1112 3138 1246 3218 primum
1291 3138 1446 3216 Exemplar
1467 3136 1628 3199 Hermoni·

283 3238 392 3298 eorum‚
415 3224 469 3283 etei
492 3222 622 3284 noudum
644 3230 689 3285 eet
710 3224 896 3303 completum,
916 3229 1001 3289 mitto
1024 3236 1130 3302 umen,
1153 3231 1191 3287 ut
1209 3227 1323 3288 iuterim
1343 3224 1433 3303 lagae,
1455 3223 1627 3288 badendtm

283 3309 409 3389 deniqne
430 3310 582 3389 Leopoldo
604 3310 771 3373 Arcblduci.
795 3356 803 3373 .
826 3355 835 3373 .
859 3359 866 3374 .

314 3426 327 3497 ‚i
368 3435 409 3484 iix
429 3434 514 3484 Remi
536 3446 654 3497 reaponao
677 3434 740 3483 baec
763 3433 797 3482 ad
821 3431 984 3483 Harmoniam
1007 3434 1144 3496 pertinent:
1170 3434 1203 3485 D.
1221 3433 1364 3495 'l'enguapel
1385 3432 1434 3482 tibi
1456 3433 1511 3496 ipae
1535 3434 1629 3484 ecribet

282 3506 363 3558 multa
380 3509 406 3554 et
421 3506 501 3554 varia.
536 3504 629 3553 lteram
647 3508 685 3553 eat
700 3504 728 3552 iu
745 3503 847 3564 itinere,
870 3504 946 3553 rediit
962 3517 1041 3567 nuper
1059 3518 1091 3553 ex
1107 3504 1230 3571 Ungaria,
1249 3505 1330 3553 lturne
1347 3505 1374 3552 in
1390 3501 1537 3566 Pelopiam,
1560 3504 1628 3552 inim

281 3576 326 3628 tra
342 3589 403 3627 eane
421 3588 544 3624 euoceeeu.
579 3573 672 3637 Accepi
688 3572 844 3623 Harmonice
865 3578 889 3622 et
906 3573 1013 3641 libenter
1029 3574 1188 3623 badldleeem
1212 3587 1243 3622 ea
1260 3573 1435 3634 serenleelmo‚
1459 3573 1510 3623 ulei
1526 3576 1565 3623 tot
1580 3586 1627 3622 ne-

278 3648 402 3710 gotiorum
420 3644 555 3694 multitudo
582 3644 658 3707 plane
679 3644 733 3692 alta
753 3643 870 3694 euaderet
893 3643 927 3692 ad
948 3643 1079 3705 legendum
1102 3649 1227 3707 tempora3
1250 3645 1293 3691 vix
1318 3642 1384 3692 enim
1401 3644 1523 3706 reepirare
1542 3647 1628 3706 poteet

279 3717 389 3792 optime
406 3716 524 3777 Princepe
548 3719 573 3763 et
590 3717 674 3762 tamen
691 3713 808 3763 alacriter
826 3714 912 3763 omnia
927 3714 1040 3763 auatluet.
1077 3711 1193 3779 (lanum,
1212 3713 1279 3778 qnod
1293 3712 1468 3762 retardarerim
1482 3714 1626 3777 reaponeio·

217 3845 219 3849 ¹
278 3799 336 3837 nen
354 3787 394 3836 ed·
404 3791 462 3835 tuae
479 3782 551 3850 (deta
567 3783 605 3833 ee't
623 3783 731 3847 apletola
742 3782 856 3832 Viennae
873 3780 899 3834 4.
916 3784 971 3835 Oct.
990 3779 1067 3842 1619)
1085 3786 1186 3846 accipe:
1209 3784 1240 3835 D.
1260 3783 1421 3833 Waokberiue
1438 3783 1562 3846 lmprlmia
1577 3784 1627 3833 iuit

278 3869 339 3923 nme,
356 3857 402 3923 qui
413 3855 516 3904 tandem
529 3854 624 3915 letarpo
641 3853 705 3903 obiit
722 3857 780 3915 poet
795 3854 872 3914 longa
888 3857 975 3904 noetra
993 3855 1112 3912 conellta3
1135 3853 1216 3903 altera
1231 3853 1389 3905 b'erenleelmi
1410 3853 1490 3902 noetrl
1509 3852 1628 3917 iedlaposs

278 3926 347 3993 attio,
363 3940 396 3975 ea
408 3939 460 3991 qua
478 3924 655 3987 poettriduum
672 3924 802 3973 convaluit
819 3926 913 3986 etjam
931 3925 1026 3986 optime
1043 3925 1126 3974 babet
1248 3945 1251 3950 ·

366 3996 497 4045 lilrabilla
520 4007 602 4058 nuper
627 3993 712 4043 inveni
739 3993 770 4042 de
795 3995 1000 4057 proportionibua
1026 3999 1050 4044 et
1076 3993 1291 4056 magnitudinibue
1322 4006 1452 4054 corporum
1480 3992 1626 4043 cocleatiutu

278 4065 463 4129 eorundemque
481 4064 624 4124 dimunitio,
647 4077 714 4128 quae
733 4065 817 4112 omnia
834 4065 992 4113 abinvicem
1016 4064 1137 4126 pendent,
1163 4064 1238 4113 eimnl
1255 4064 1332 4112 eiiam
1350 4063 1423 4112 Luna
1447 4075 1498 4111 non
1516 4063 1626 4122 excidua

172 4132 174 4135 ’
278 4151 345 4204 quae
362 4141 461 4197 umen,
486 4140 622 4201 antequam
644 4134 753 4195 porrecte
775 4148 905 4197 corporum
923 4135 1066 4183 coelestium
1083 4128 1218 4201 diametroe
1241 4147 1286 4201 per
1308 4133 1396 4182 tubum
1419 4133 1545 4182 dmeneue
1567 4132 1625 4182 iue-

277 4216 325 4265 rim
343 4219 369 4264 et
386 4215 606 4276 commutaverim,
622 4212 793 4275 publlcljurie
810 4212 891 4261 iacere
902 4224 954 4261 non
966 4226 1076 4275 poeenm.
1111 4213 1245 4270 Tranelbet
1258 4212 1343 4263 eodem
1356 4212 1468 4262 diemibi
1486 4198 1527 4286 ρζ
1552 4213 1625 4274 μοί-

276 4289 349 4354 tur²ae
360 4303 484 4366 dominue,
501 4314 546 4363 par
558 4291 743 4365 Aboroecopl
759 4303 853 4350 excae.

364 4379 456 4431 illrum
481 4384 533 4446 aet,
560 4384 683 4445 qnantum
708 4382 833 4429 recreatur
855 4378 944 4427 luerim
969 4392 1000 4428 ex
1022 4379 1073 4428 tide
1097 4379 1189 4441 literie,
1214 4362 1279 4445 quae
1298 4378 1354 4442 plne
1372 4391 1448 4443 quam
1471 4378 1548 4429 viciae
1564 4379 1625 4441 legi.

277 4453 359 4504 Venio
378 4450 412 4501 ad
429 4445 562 4513 epietolarn
580 4451 663 4514 lpeam
680 4449 824 4514 etquidem
841 4448 1028 4512 brerieeimem,
1054 4462 1099 4512 per
1115 4450 1215 4500 laboree
1232 4450 1363 4499 continnae
1381 4449 1468 4498 omnia
1482 4456 1627 4512 percurrere

276 4517 328 4574 nan
346 4523 419 4586 lloei3
438 4534 470 4570 ex
488 4521 588 4571 Aleatia
603 4525 697 4584 umen,
715 4519 770 4569 Deo
788 4519 873 4582 dana,
891 4520 981 4570 maline
999 4524 1025 4570 et
1041 4520 1136 4582 leretur
1153 4520 1321 4584 reapondebo,
1343 4531 1403 4568 narn
1419 4522 1481 4570 tunc
1497 4533 1539 4570 ero
1557 4513 1626 4571 ln'tra

276 4608 345 4646 meua
380 4592 479 4644 arletea
537 4597 540 4602 '

362 4605 517 4713 'grauemtm
529 4660 700 4722 liungmtcnm
719 4658 838 4709 ducatum
854 4673 900 4723 pro
917 4674 991 4723 opere
1008 4666 1065 4727 tuo,
1083 4661 1156 4727 quael
1174 4671 1256 4708 meum
1273 4661 1338 4727 eeeet
1354 4656 1545 4726 Harmonlcirm,
1562 4660 1625 4711 rell·
1642 4688 1650 4706 .

276 4745 354 4801 qaum
372 4747 389 4782 a
406 4723 570 4783 Sereniealmo
587 4731 635 4779 tibi
654 4727 864 4799 compeneabltnr‚
883 4730 927 4785 ecd
944 4745 1001 4783 oum
1021 4733 1073 4782 otio
1091 4736 1116 4780 et
1128 4732 1265 4780 occaelone·
1276 4727 1330 4779 e'ire
1347 4730 1467 4792 temporie
1485 4731 1624 4781 commodi·

276 4809 343 4873 tate,
359 4808 414 4867 jam
431 4802 497 4852 enin
514 4815 541 4851 re
559 4813 618 4850 rere
635 4814 685 4850 non
702 4801 769 4851 licet

361 4876 392 4923 ln
409 4873 490 4922 literle
516 4871 540 4922 d.
561 4867 600 4924 ti
619 4871 674 4922 Oct.
698 4870 763 4921 redit
779 4871 871 4922 Bemue
895 4870 929 4921 ad
947 4866 1133 4935 proportionem
1151 4869 1222 4919 illem
1240 4870 1352 4935 orbium,
1379 4868 1477 4918 dloew
1500 4870 1566 4921 mibi
1582 4870 1624 4921 dl·

274 4945 371 4997 etautia
388 4943 456 4994 Solle
473 4956 490 4991 a
507 4942 584 4994 'lura
601 4937 670 4995 6543
688 4942 776 4995 remld.
794 4942 897 4997 'ferram
921 4942 981 4991 binc
997 4939 1265 5002 mutma·parallaxte
1282 4936 1371 4989 Martie
1396 4951 1486 5002 parum
1503 4939 1624 5007 ultra1¹‚

274 5015 380 5068 reneri·
392 5009 419 5065 2⁴
436 5012 464 5062 in
476 5013 601 5076 perigeeo.
631 5012 745 5074 liplcyeii
761 5011 848 5061 Lunae
865 5015 904 5061 eet
924 5009 969 5080 ,0,
989 5023 1048 5074 pare
1065 5010 1133 5059 urbia
1150 5012 1203 5072 aul,
1226 5010 1262 5058 alc
1283 5010 1414 5061 dimetiene
1427 5011 1523 5059 orbitae
1535 5011 1624 5063 Lunae

274 5087 302 5135 ln
319 5084 407 5135 eedem
426 5084 585 5147 proportione
603 5095 659 5131 curn
677 5082 771 5133 circulo
788 5095 885 5146 annuo;
904 5082 969 5130 mira
984 5081 1125 5144 proportio;
1143 5080 1274 5129 mediocria
1292 5079 1414 5129 dlemnce
1430 5077 1463 5133 61
1476 5080 1564 5133 eemid.
1593 5082 1624 5133 In

273 5156 386 5220 pbyaicle
402 5153 604 5215 elongationibne
621 5158 704 5202 tecum
722 5152 858 5213 coneentio,
875 5151 920 5200 aad
937 5150 1071 5200 diametroe
1083 5150 1170 5199 Lunae
1187 5150 1264 5212 paulo
1276 5149 1423 5200 minuendae
1441 5164 1495 5201 eeee
1506 5155 1623 5218 antnmo;

274 5240 332 5289 ergo
350 5225 393 5277 Sul
410 5224 488 5289 paulo
506 5224 583 5272 altior
600 5222 696 5274 evadet.
733 5222 782 5273 Sed
797 5226 851 5285 jam
869 5227 988 5271 accurata
1010 5220 1071 5270 lima
1088 5234 1139 5270 non
1158 5233 1220 5284 opne
1243 5225 1292 5269 eet:
1314 5219 1358 5272 eol
1376 5219 1461 5270 evadit
1477 5217 1566 5276 00000
1582 5224 1623 5273 ei.

273 5299 346 5347 cibae
362 5299 443 5356 maior
460 5294 544 5359 Terra,
562 5294 621 5343 binc
638 5296 700 5343 eatie
718 5298 792 5356 aptue
810 5291 843 5340 ad
861 5289 1041 5341 commovenda
1058 5291 1157 5356 reliqua
1171 5292 1329 5353 planetarum
1348 5304 1459 5353 corpora

361 5367 392 5418 lu
408 5367 490 5416 literie
508 5364 616 5430 denique
633 5363 719 5430 Remi,
745 5363 768 5412 d.
787 5363 900 5411 Viennae
919 5362 945 5414 d.
963 5356 1005 5413 ic.
1023 5362 1078 5412 Oct.
1101 5361 1163 5411 baec
1180 5360 1214 5409 ed
1230 5360 1396 5410 Harmoniam
1412 5363 1553 5424 pertinent:
1575 5364 1621 5412 Lt-

272 5438 360 5489 benter
377 5435 507 5487 (ierdlnail
534 5434 560 5485 S.
579 5433 721 5496 Somnum,
745 5432 935 5481 bibliothecario
955 5432 1084 5497 Vaticani,
1108 5436 1154 5480 tua
1175 5430 1328 5481 Harmonice
1350 5432 1488 5492 mitterem,
1511 5433 1555 5483 eed
1577 5447 1624 5497 per

272 5507 359 5559 literae
375 5506 516 5569 nonlicet,
544 5504 588 5554 dee
606 5518 670 5568 opne
686 5504 720 5552 iet
738 5506 769 5552 a'n
786 5516 870 5564 prote·
896 5506 959 5565 puto
977 5506 1074 5569 autem,
1101 5502 1183 5566 iprum
1205 5500 1269 5550 illud
1287 5502 1431 5552 habiturum
1447 5516 1464 5554 e
1480 5504 1624 5566 bibliopola

272 5577 315 5633 lu.
333 5579 435 5629 andrea
450 5576 578 5643 Roman03
591 5576 651 5638 ,ipee
667 5572 732 5624 illud
749 5570 841 5624 vendet
858 5540 910 5639 2¹2,
928 5576 1052 5634 coronat..
1068 5571 1118 5623 boc
1134 5576 1172 5623 eet
1188 5570 1205 5627 5
1222 5572 1276 5623 dor.

359 5668 402 5719 ed
417 5669 482 5720 baec
498 5664 673 5734 Kepleruae
