3684 7259
726 1177 810 1236 ouer
825 1178 873 1236 Ii.
890 1177 979 1247 caput
993 1178 1015 1234 i.
1115 1190 1121 1208 ·
1202 1157 1208 1163 ’
1480 1189 1545 1250 app

206 1364 264 1419 tam
285 1357 450 1424 abstractae
474 1375 493 1416 a
514 1356 680 1430 sensilibus,
704 1373 792 1432 quam
805 1369 965 1431 uunquam
987 1357 1023 1415 iis
1046 1356 1343 1434 mnuatseiusrius,
1371 1362 1548 1422 abstractam

202 1446 288 1522 igitur
312 1446 505 1520 qusnuutem
529 1445 598 1520 ¹jure
621 1447 758 1506 terminos
789 1446 946 1506 statuimus
973 1444 1209 1524 proportionibus
1234 1444 1412 1509 harmonicis
1442 1448 1547 1510 arche·

203 1534 324 1611 typicis,
354 1534 462 1610 quippe
485 1550 563 1609 quae
584 1541 653 1592 sunt
675 1549 711 1592 ex
734 1531 835 1591 circuli
857 1530 1052 1591 divisionibus
1083 1529 1369 1594 demonstrabilibus.
1412 1534 1465 1596 Est
1488 1534 1548 1598 alia

203 1636 299 1692 causa,
324 1638 374 1679 cur
397 1622 558 1681 abstractas
582 1623 761 1696 quantitates
786 1618 900 1695 eligam,
926 1619 996 1694 quia
1011 1616 1144 1693 circulus,
1169 1621 1219 1695 qui
1241 1619 1402 1697 figuraest,
1426 1631 1546 1698 quartae

202 1726 304 1784 nempe
329 1708 478 1783 qualitatis
501 1710 629 1785 species,
661 1710 795 1784 quamvis
818 1709 857 1765 sit
879 1708 1044 1782 quantitas,
1074 1715 1171 1765 tamen
1198 1709 1226 1764 in
1249 1707 1306 1768 hoe
1328 1713 1446 1786 negotio
1475 1727 1546 1787 pure

204 1805 234 1853 ut
256 1796 350 1871 figura
372 1796 580 1868 consideratur,
604 1797 666 1853 sine
691 1796 789 1870 magui
814 1794 861 1853 vel
875 1796 960 1871 parvi
983 1793 1153 1864 discrimino,
1178 1794 1253 1855 adeo
1277 1808 1309 1856 ut
1324 1800 1413 1857 etiam
1429 1798 1466 1856 ab
1482 1800 1548 1874 ipsa

203 1886 366 1959 quantitate
397 1881 488 1941 veluti
518 1902 537 1941 a
564 1899 618 1941 suo
649 1883 782 1958 subjecto
810 1882 996 1941 abstrahatur
1021 1879 1237 1957 quodammodo
1267 1887 1418 1962 possitque
1448 1885 1495 1944 uel
1517 1887 1547 1942 in

205 1972 302 2048 puncti
325 1973 462 2047 angustia
490 1970 552 2046 eJus
575 1972 696 2044 agnosci
719 1977 830 2028 natura.
864 1966 943 2027 ¹Hoc
971 1967 1073 2044 opinor
1095 1965 1216 2030 Proelus
1242 1969 1356 2043 uoluit,
1386 1972 1454 2030 darm
1481 1989 1546 2031 ma·

205 2059 377 2118 thomaricus
400 2076 447 2119 res
470 2060 498 2114 iu
520 2059 619 2116 anima
642 2056 716 2116 dixit
737 2058 834 2126 inesse
856 2059 1026 2131 incorporeo
1049 2065 1078 2136 ct
1101 2055 1251 2131 indistanti
1271 2060 1371 2118 modu.

285 2147 341 2221 ¹Est
365 2144 490 2220 denique
522 2152 552 2203 ct
580 2145 654 2204 haec
675 2160 790 2203 summa
818 2152 848 2203 ct
876 2143 1044 2202 decumana.
1058 2145 1150 2217 ratio,
1182 2144 1480 2223 quenquennium
1502 2155 1548 2208 est
1647 2220 1649 2223 Ι

205 2235 345 2294 mirabilis
368 2233 514 2309 quaedam
537 2240 566 2293 et
588 2231 676 2308 plane
698 2230 799 2290 dirius
820 2230 925 2307 politia
945 2246 1098 2306 rerumque
1118 2231 1281 2296 divinarum
1305 2242 1334 2294 et
1356 2234 1549 2296 humanarum

206 2323 366 2382 communis
397 2323 426 2378 iu
457 2322 493 2377 iis
524 2318 735 2397 symbolisatio.
781 2318 827 2378 lic
857 2326 1060 2377 sacrosanctae
1089 2317 1239 2380 Trinitatis
1266 2320 1489 2382 adumbratione
1517 2324 1548 2384 io

204 2411 355 2487 sphaerico
378 2408 480 2483 scripsi
495 2408 616 2486 passim,
637 2408 670 2463 io
685 2402 806 2483 Opticis,
830 2407 859 2464 io
875 2404 1097 2466 Commentariis
1112 2405 1235 2480 Martis,
1250 2409 1280 2465 in
1296 2408 1427 2470 doctriua
1441 2409 1549 2486 ephes*

205 2500 280 2570 n'ca,
310 2514 385 2573 quae
409 2494 456 2553 hic
478 2496 601 2570 repetita
624 2492 701 2553 volo.
715 2488 755 2573 ¹⁴)
799 2491 938 2568 Sequitur
970 2494 1056 2569 igitur
1085 2494 1278 2569 metalium,
1307 2513 1384 2573 quae
1411 2515 1447 2556 ex
1469 2497 1549 2558 fluxu

205 2587 306 2661 puncti
334 2587 364 2642 iu
387 2591 485 2643 ccuuo
513 2585 542 2640 io
570 2591 709 2657 puumum
739 2581 855 2640 unicum
882 2580 1046 2656 superficiei
1079 2583 1185 2658 prima.
1201 2582 1365 2644 rudimenta
1393 2586 1548 2645 creationis

207 2671 342 2740 delineat,
364 2669 482 2730 aemula
503 2678 638 2742 aeternae
660 2669 856 2745 generationis
871 2666 932 2736 fini,
947 2666 1077 2748 (egressu
1090 2672 1180 2732 centn
1196 2688 1298 2730 rerum
1311 2671 1425 2733 infinita
1439 2682 1550 2749 puncta
1663 2691 1666 2700 ’

207 2762 296 2820 totius
325 2757 502 2834 superficiei,
533 2757 617 2815 lineis
639 2755 765 2814 infinitis
787 2756 850 2816 sub.
867 2755 1053 2831 aequalitate
1079 2759 1214 2818 omnibus
1240 2760 1451 2835 perfectissima
1470 2760 1549 2837 ligu-=

204 2856 285 2907 ratae
309 2854 339 2906 ct
360 2843 519 2923 depictae),
543 2861 619 2919 quae
641 2855 722 2903 recta
743 2844 822 2902 linea
844 2842 1020 2903 elementum
1049 2842 1161 2904 scilicet
1181 2853 1227 2905 est
1247 2846 1357 2907 formae
1381 2862 1548 2924 corporeas.

204 2933 286 2994 Haec
305 2935 336 2990 in
359 2932 451 2992 latum
474 2931 562 2991 ducta
580 2932 643 3007 jam
666 2934 760 3005 ipsam
781 2930 905 2989 formam
919 2946 1088 3009 corpoream
1103 2930 1265 3005 adumbrat,
1289 2933 1410 3010 planem
1430 2951 1548 3009 oremu3
1567 2985 1590 2999 .,

202 3021 291 3098 plano
315 3037 385 3081 vero
407 3028 517 3078 sectum
538 3017 724 3095 sphaericum
745 3016 886 3078 circulum
908 3021 1037 3077 sectione
1058 3028 1266 3095 repraesentat,
1286 3024 1547 3104 meutiscreataq

199 3099 281 3186 ¹quae
305 3109 417 3183 corpori
440 3105 568 3181 regendo
590 3107 629 3164 sit
651 3105 813 3181 praelecta,
836 3108 994 3180 genuinam
1016 3107 1187 3184 imaginem,
1215 3123 1291 3184 qnae
1314 3110 1344 3168 iu
1367 3127 1404 3169 ea
1426 3125 1549 3187 propon-

206 3199 283 3255 tionc
306 3198 345 3252 sit
367 3193 404 3253 ad
426 3194 626 3269 sphaericum,
655 3201 688 3249 nt
706 3186 754 3251 'cst
780 3210 861 3250 mens
886 3192 1013 3252 humana
1040 3192 1078 3250 ad
1101 3192 1246 3268 divinam,
1276 3194 1354 3256 lioea
1377 3196 1489 3257 scilicet
1511 3196 1550 3258 ad

206 3283 402 3363 superficiem,
435 3290 557 3356 utraque
581 3292 678 3339 tamen
702 3278 863 3351 circularis,
893 3279 1072 3356 adplenum
1096 3297 1179 3353 vero,
1209 3284 1238 3339 iu
1261 3299 1320 3358 quo
1343 3292 1373 3342 et
1394 3287 1487 3357 inest,
1518 3301 1549 3344 se

206 3372 295 3430 habet
317 3379 349 3428 ut
372 3386 492 3430 cumam
521 3368 707 3447 adrentum,
737 3384 813 3444 quae
841 3376 909 3426 suot
933 3367 1217 3444 incommunicabilia
1247 3379 1276 3429 et
1299 3372 1549 3432 incommensura-

207 3458 291 3531 bilis,
321 3460 453 3532 inestque
481 3455 601 3531 pulchre
632 3455 757 3515 circulus
785 3465 846 3515 tarn
875 3457 904 3512 io
928 3455 1016 3532 plano
1043 3464 1177 3528 secante,
1208 3458 1446 3518 circumscribens
1468 3458 1551 3538 illud,

208 3562 296 3622 quam
318 3549 347 3603 io
370 3545 523 3623 sphaerico
545 3553 639 3616 secto,
663 3551 764 3604 mutuo
787 3544 937 3618 utriusque
960 3559 1116 3616 concursu,
1145 3546 1221 3604 sicut
1243 3548 1357 3604 animus
1381 3554 1411 3606 et
1433 3549 1460 3604 iu
1485 3563 1551 3607 coe

209 3651 279 3711 pore
302 3635 387 3706 inest,
410 3632 568 3690 informans
591 3630 663 3689 illud
685 3646 890 3705 connexaeque
913 3630 1024 3689 formae
1045 3646 1216 3707 corporeae,
1242 3641 1272 3691 ct
1294 3635 1324 3690 in
1347 3633 1411 3693 lieo
1435 3643 1552 3694 sustam

208 3729 297 3794 tator,
318 3719 409 3780 veluti
432 3715 578 3794 quaedam
606 3736 642 3777 ex
666 3718 749 3777 vultu
773 3717 873 3776 divino
896 3717 928 3775 in
949 3733 1054 3793 corpus
1078 3717 1210 3778 derivate
1239 3718 1403 3795 irradiatio,
1434 3722 1552 3781 trahens

209 3808 274 3868 iude
298 3806 469 3868 nobiliorem
492 3814 633 3865 naturam.
679 3804 762 3880 Quae
786 3822 876 3865 eausa
896 3806 974 3863 sicut
994 3803 1107 3865 stabilit
1127 3808 1362 3883 proportiom'bus
1377 3808 1552 3869 harmonicis

211 3894 351 3956 circulum
382 3911 435 3970 pro
466 3893 599 3968 subjecto
630 3900 660 3953 ot
687 3895 874 3953 terminorum
890 3891 997 3965 ¹tonte,
1029 3894 1071 3952 sic
1100 3893 1148 3952 rel
1169 3896 1294 3954 maxime
1326 3896 1552 3960 abstractionem

210 3982 408 4053 commendat,
438 3997 504 4040 cum
533 3997 626 4055 neque
657 3982 694 4037 in
715 3991 812 4041 certae
841 3982 1014 4057 quantitatis
1045 3981 1169 4054 circulo,
1198 3998 1293 4057 neque
1323 3985 1353 4040 io
1375 3985 1551 4060 imperfecto,

210 4081 242 4130 ut
262 4078 332 4129 sunt
359 4068 525 4128 materiales
554 4078 584 4127 et
612 4067 749 4141 sensiles,
779 4069 849 4127 insit
877 4066 1040 4127 divinitatis
1067 4069 1156 4128 animi
1183 4067 1385 4149 adumbratio,
1416 4079 1445 4130 et
1472 4069 1552 4147 quod
1592 4059 1599 4074 '

211 4165 299 4234 caput
321 4165 381 4231 est,
405 4164 519 4215 tautum
540 4173 558 4214 a
579 4158 741 4231 corporeis·
755 4163 785 4215 et
806 4154 962 4214 sensilibus
985 4154 1087 4215 doceat
1110 4173 1174 4215 esse
1202 4157 1382 4217 abstractum
1404 4156 1552 4231 circulum,

209 4252 350 4322 quantum
372 4245 453 4307 curvi
477 4243 615 4317 rationes,
638 4245 727 4304 animi
751 4243 925 4321 symbolum,
950 4262 968 4301 a
990 4249 1087 4316 recto,
1117 4257 1268 4322 corporum
1289 4245 1400 4318 umbra,
1423 4252 1552 4305 secretae

209 4343 237 4392 et
258 4331 342 4392 velut
363 4332 527 4392 abstractae
550 4339 626 4390 suot.
670 4329 748 4390 Satis
779 4333 866 4407 igitur
894 4331 998 4388 muniti
1029 4347 1130 4390 sumus
1158 4331 1195 4392 ad
1219 4330 1290 4405 hou,
1319 4341 1352 4392 ut
1378 4333 1553 4393 harmonicis

206 4419 450 4497 proportionibus,
474 4418 563 4477 animi
585 4417 676 4478 solius
699 4419 830 4493 objectis,
853 4419 991 4477 terminos
1012 4434 1050 4477 ex
1072 4418 1228 4480 abstractis
1249 4421 1433 4497 potissimum
1457 4437 1553 4497 quau-

207 4508 342 4567 titatibus
363 4514 506 4583 petamus.
1605 4568 1609 4575 ,

293 4591 334 4654 Ut
356 4596 444 4671 igitur
466 4593 543 4652 hunc
557 4593 654 4653 locum
670 4591 887 4666 concludamus,
911 4593 1069 4668 praecipue
1090 4592 1230 4654 fenuculo
1243 4592 1435 4671 colligemus·
1464 4592 1553 4655 Com·

208 4699 293 4742 mune
316 4682 393 4742 cuim
415 4680 525 4741 habent
545 4679 715 4741 harmoniae
737 4678 858 4740 sensiles
880 4696 947 4738 cum
969 4680 1322 4758 archetypalibus,-.quod
1346 4684 1483 4742 terminos
1504 4700 1553 4744 re·

208 4773 325 4848 qmrmt
346 4784 504 4844 eorumque
528 4770 790 4844 comparationem,
816 4769 908 4845 ipsius
932 4769 1047 4828 animae
1070 4772 1234 4845 energiam3
1267 4771 1295 4826 io
1318 4768 1373 4828 hac
1400 4784 1554 4846 compara-

207 4860 285 4918 tione
309 4865 499 4933 utrarumque
520 4859 647 4915 essentia
668 4859 810 4917 consistit
852 4853 914 4915 Sed
945 4853 1098 4916 sensilium
1125 4857 1238 4916 termini
1260 4855 1383 4916 sensiles
1406 4864 1475 4916 suut
1502 4874 1555 4918 es-

207 4955 310 5021 traque
334 4948 461 5006 mimam
488 4952 657 5019 praesentes
685 4944 793 5005 adesse
818 4941 943 5018 debeot;
972 4942 1203 5021 archetypalinm
1227 4946 1339 5002 termini
1371 4951 1556 5006 suntantea
1651 4976 1655 4984 ·

208 5036 286 5094 intus
308 5035 338 5093 iu
365 5035 463 5093 anima
484 5038 662 5106 praesentes.
706 5030 870 5092 Semilibus
897 5032 987 5106 igitur
1009 5048 1083 5108 opus
1104 5034 1222 5109 insuper
1244 5038 1288 5090 est
1313 5032 1481 5110 receptione
1502 5048 1555 5109 per

208 5122 337 5197 speciem
359 5138 395 5181 ex
417 5137 450 5179 se
472 5120 618 5189 emissam,
651 5134 728 5194 quae
749 5121 878 5194 receptio
900 5118 952 5180 fiat
974 5136 994 5177 a
1014 5118 1149 5179 sensibus
1172 5121 1287 5179 animae
1309 5120 1448 5179 ministris
1476 5135 1556 5197 epm

208 5217 254 5268 est
276 5216 306 5268 et
327 5206 388 5268 alia
409 5207 626 5282 comparatione
648 5206 831 5281 singulorum
853 5207 1042 5265 termioomm
1055 5205 1206 5265 mnsihum
1228 5222 1294 5264 cum
1310 5205 1435 5284 singulis
1451 5206 1555 5268 mebe-

208 5295 366 5374 typalibns,
389 5303 463 5370 puta
485 5292 593 5353 circulo
616 5292 738 5368 ejsuque
760 5302 847 5369 parte
864 5292 978 5367 scibili;
1003 5301 1034 5353 at
1055 5292 1224 5353 harmooim
1246 5293 1428 5371 archetypali
1451 5301 1555 5360 neuim

208 5400 239 5441 re
262 5390 308 5450 est
330 5399 412 5458 opos,
438 5399 503 5442 cum
526 5382 638 5439 termini
661 5388 749 5440 antea
770 5382 830 5439 sint
851 5380 882 5437 in
903 5381 1002 5456 anima
1023 5387 1207 5455 praesentes,
1230 5382 1257 5440 ei
1279 5383 1453 5458 congenitae¹
1472 5383 1555 5459 ipsa-
1582 5455 1585 5460 Ι

210 5487 267 5545 que
289 5468 364 5530 adeo
388 5471 495 5541 anima,
518 5484 572 5528 uec
594 5470 692 5543 imago
716 5468 776 5525 siut
797 5467 858 5526 veri
872 5466 920 5525 sni
935 5465 1154 5542 paradigmatis,
1176 5465 1228 5527 sed
1243 5469 1339 5545 ipsum
1360 5486 1444 5529 suom
1460 5468 1553 5547 veluti

208 5555 388 5640 paradigma
433 5557 480 5616 Ita
509 5556 634 5631 simplex
656 5562 769 5614 tantum
797 5555 992 5631 comparatio,
1024 5571 1125 5631 quam-
1141 5556 1265 5616 instituit
1287 5558 1402 5632 anima,
1431 5573 1552 5617 suarm

210 5646 302 5721 ipsius
335 5645 427 5706 veluti
454 5645 578 5723 partium
615 5644 690 5703 iotm
722 5658 768 5717 se,
800 5639 929 5701 absolvit
960 5641 1164 5722 archetypieae
1196 5642 1366 5706 hmmoniae
1399 5644 1555 5707 masadam
