3684 7259
719 1153 801 1210 amer
818 1156 864 1209 IV.
885 1156 973 1224 Caput
990 1155 1048 1209 VII.
1494 1164 1556 1223 263

202 1334 325 1409 stigavit
348 1335 477 1393 animum
499 1331 537 1393 ad
559 1333 691 1394 laborem
713 1332 892 1392 indefessum
908 1335 1050 1410 auxitque
1069 1333 1243 1394 desiderium
1259 1335 1390 1411 sciendi;
1413 1336 1556 1397 breviter:

202 1437 260 1479 non
284 1423 437 1497 inspiravit
459 1423 603 1493 animum,
627 1420 801 1481 nonullam
825 1421 966 1480 dictarum
989 1423 1037 1482 hic
1058 1422 1243 1495 facultatum,
1267 1421 1318 1482 sed
1342 1423 1458 1483 excivit,
1473 1418 1520 1498 ιθ),
1569 1443 1572 1449 ·

144 1571 147 1575 A
289 1510 332 1568 Ex
357 1526 415 1584 quo
438 1510 572 1585 exemplo
595 1509 681 1569 facile
705 1511 799 1567 cuivis
822 1516 912 1585 patet,
939 1527 1025 1585 quarn
1049 1509 1149 1586 procul
1174 1510 1251 1568 absit
1272 1511 1310 1568 ab
1329 1526 1363 1569 eo
1387 1510 1564 1588 astrologia,

203 1604 236 1654 ut
259 1596 296 1655 ad
321 1600 418 1672 capita
440 1595 507 1668 ilia,
538 1595 627 1672 vulgo
658 1598 780 1672 proponi
809 1595 910 1655 solita:
942 1597 980 1662 dc
1000 1598 1199 1671 Parentibus,
1230 1596 1387 1669 descura,
1417 1598 1452 1657 dc
1476 1598 1557 1659 Sub·

200 1683 329 1757 stantia,
360 1683 395 1741 de
418 1682 547 1758 Liberis,
575 1684 611 1741 ds
632 1702 762 1743 numero
791 1682 943 1756 (laurum,
974 1684 1009 1743 dc
1037 1685 1209 1760 Religionc,
1241 1685 1276 1743 de
1300 1684 1488 1761 Magiatsria,
1521 1686 1558 1746 cle
1622 1730 1625 1739 .

205 1774 337 1841 .·lmicr's,
360 1771 396 1828 dc
420 1771 570 1843 Inimicie,
594 1771 630 1829 ds
652 1771 911 1843 Haereditrrlibus,
935 1767 972 1829 de
995 1771 1145 1844 Familia,
1169 1772 1204 1830 dc
1226 1772 1428 1853 Regionibus,
1450 1772 1487 1833 dc
1509 1774 1557 1831 lu-

203 1859 294 1917 linitis
317 1859 383 1917 aliis
406 1876 440 1916 ex
466 1874 524 1916 uno
548 1858 612 1916 solo
637 1857 973 1934 themategeuethiiaco
996 1859 1173 1936 respondere
1194 1870 1296 1920 exacta
1318 1862 1420 1936 possit.

288 1945 333 2005 De
357 1949 434 2004 vitae
458 1944 575 2021 quidem
599 1944 791 2020 longitudine,
816 1955 960 2022 quatenus
983 1950 1176 2024 pronunciare
1192 1950 1285 2023 possit
1300 1946 1475 2023 astrologus,
1498 1947 1554 2007 hoc

201 2041 254 2107 cst,
278 2051 354 2110 quae
378 2035 416 2092 sit
440 2036 484 2091 ris
508 2033 707 2104 directionum,
733 2031 828 2092 dicam
851 2032 940 2110 paulo
963 2042 1038 2110 post.
1086 2034 1131 2092 De
1151 2034 1279 2093 Forttma
1302 2052 1371 2094 vero
1394 2037 1455 2095 nati
1479 2051 1556 2094 nuuc

200 2124 321 2181 seorsim
345 2119 455 2196 aliquid
479 2119 633 2179 dicendum
657 2121 754 2194 video,
779 2131 1008 2181 consentaneum
1031 2138 1120 2198 supra
1143 2120 1235 2181 dictis.
1273 2113 1353 2181 *Tria
1377 2130 1462 2195 sunt,
1488 2124 1556 2199 qui·

199 2211 255 2268 bus
278 2210 330 2266 niti
356 2207 470 2267 videtur
492 2208 618 2267 hominis
641 2208 765 2281 fortuna,
790 2207 889 2284 quoad
912 2209 1071 2267 naturalia:
1096 2212 1219 2282 animus,
1242 2210 1468 2287 physiognomia
1489 2226 1580 2270 cor·.

200 2298 281 2373 poris
304 2302 334 2354 et
354 2296 458 2371 genius
481 2296 629 2370 tutelaris3
660 2313 784 2372 quorum
812 2295 964 2371 deprimo
992 2288 1078 2357 nemo
1102 2296 1233 2368 dubitat,
1265 2297 1387 2356 alterum
1412 2297 1555 2357 oceuitins

199 2402 254 2443 nec
277 2386 319 2442 ita
341 2382 431 2460 vulgo
454 2392 556 2442 notum
579 2390 638 2455 est,
663 2382 806 2442 detentio
831 2382 902 2440 nihil
926 2386 982 2442 nisi
1005 2385 1188 2459 conjecturas
1212 2385 1312 2454 afferre
1335 2401 1463 2461 possum.
1509 2384 1555 2444 De

199 2473 293 2548 primo
316 2469 457 2530 hacteuus
480 2473 607 2546 egimus,
632 2469 668 2529 de
691 2472 789 2529 animo
813 2471 942 2543 scilieet,
967 2487 1001 2529 ex
1026 2481 1084 2548 quo
1107 2487 1202 2530 mores
1225 2469 1402 2549 dependent,
1426 2472 1462 2531 de
1485 2474 1554 2547 qai:

199 2561 255 2617 bus
279 2557 361 2631 vulgi
385 2558 571 2635 proverbium
594 2560 691 2617 tritum
716 2566 775 2629 est,
807 2558 887 2632 quod
910 2558 1034 2634 quilibet
1056 2562 1095 2617 sit
1117 2559 1250 2620 fortunae
1273 2577 1344 2619 suae
1367 2560 1461 2633 labar,
1494 2576 1552 2636 quo

200 2646 278 2705 dicto
308 2663 422 2704 summa
451 2650 539 2705 totius
569 2645 656 2721 hujus
686 2645 890 2722 philosophiae
921 2648 1011 2721 partis
1035 2649 1208 2706 continetur.
1254 2648 1319 2723 Aga
1349 2650 1435 2715 enim,
1463 2664 1554 2707 unum

199 2751 292 2810 genus
316 2736 463 2791 actionum
487 2750 666 2808 morumque,
690 2735 770 2809 prius
794 2735 882 2791 etiam
905 2733 1176 2810 exemploleminae
1191 2742 1311 2808 tactum,
1334 2733 1400 2795 loco
1424 2737 1552 2794 omnium

198 2823 236 2879 ob
260 2819 361 2878 oeulos
385 2825 562 2879 statuamus
609 2821 658 2879 Sic
681 2823 757 2879 enim
781 2828 848 2882 sunt
871 2829 1059 2897 comparatae
1082 2839 1128 2880 res
1152 2822 1311 2894 humanae,
1336 2831 1368 2882 ut
1391 2840 1555 2882 crassorum

196 2918 225 2967 et
247 2906 427 2984 populariter
451 2910 627 2984 sapientium
652 2908 813 2980 hominurn,
836 2924 896 2967 non
919 2911 948 2965 in
966 2908 1064 2983 vulgo·
1081 2916 1204 2982 tantum,
1228 2910 1281 2969 sed
1296 2912 1384 2968 etiam
1407 2912 1438 2968 in
1459 2912 1557 2985 magi·

196 2996 367 3054 stratibus·
360 3013 447 3071 unque
471 3012 553 3099 sacro
578 2995 687 3069 ordine,
712 3013 827 3071 semper
849 3013 956 3072 magna
981 2998 1067 3072 copia
1091 2999 1143 3064 sit,
1167 2998 1275 3072 quibus
1299 2998 1428 3069 discreti,
1452 3000 1554 3071 critici,

197 3174 263 3246 quis
287 3178 387 3229 utatur
409 3170 540 3242 fortuna,
570 3188 605 3230 aa
630 3170 713 3243 dico,
746 3188 823 3246 quae
853 3178 898 3229 est
926 3189 960 3231 ex
984 3171 1135 3230 hominum
1163 3174 1312 3245 coetibus,
1343 3172 1413 3232 huic
1445 3175 1499 3231 etsi
1523 3180 1553 3232 et

193 3258 307 3334 judicio
332 3257 367 3316 de
390 3258 550 3316 moralibus
574 3266 653 3317 recto
678 3265 707 3319 et
730 3256 830 3317 labora
854 3256 1087 3333 industriaque
1081 3276 1109 3316 ru
1132 3260 1219 3318 rebus
1242 3255 1387 3336 propriis,
1420 3258 1551 3337 evulgo

197 3348 333 3419 secretis,
358 3363 431 3421 opus
455 3347 573 3404 omuino
596 3354 657 3418 est,
682 3353 797 3421 oportet
820 3354 927 3405 tamen
941 3346 1039 3404 animo
1061 3346 1247 3422 pinguedinis
1274 3346 1387 3422 aliquid
1410 3363 1474 3406 esse
1497 3346 1553 3406 ad·

197 3436 329 3505 mixtum,
355 3442 469 3508 oportet
491 3450 585 3492 mores
610 3435 635 3491 ei
659 3434 818 3509 populares
840 3433 1019 3508 modumque
1035 3432 1141 3507 agendi
1165 3434 1254 3492 talem
1279 3439 1352 3507 esee,
1380 3436 1430 3509 qui
1454 3433 1552 3511 crasso

197 3520 309 3598 populo
333 3520 465 3596 placeat;
495 3521 582 3579 animi
614 3523 734 3579 nimium
758 3521 882 3579 subtiles
912 3529 941 3579 et
963 3524 1102 3596 inquieti,
1135 3523 1191 3580 nisi
1215 3539 1246 3580 se
1269 3522 1446 3599 recipiant
1438 3539 1471 3580 ιιι
1491 3519 1567 3582 ali·-
1591 3516 1614 3537 ’

196 3627 284 3685 quem
308 3626 455 3667 secessum
477 3608 641 3667 studiorum
664 3608 765 3683 (hoc
759 3624 823 3683 rpso
846 3608 977 3685 despecti
1000 3616 1029 3667 ct
1052 3611 1222 3684 contemti),
1253 3626 1349 3669 creare
1374 3609 1441 3668 srbt

197 3697 365 3755 infortunia
413 3696 516 3769 ltaque
539 3698 563 3754 si
589 3698 654 3771 quis
678 3713 712 3754 ex
737 3695 831 3770 figura
853 3696 927 3754 coeii
951 3677 1156 3771 genethlio&
1158 3695 1350 3773 corrJectnras
1373 3595 1559 3842 hoq

198 3784 330 3843 ficientes
360 3783 394 3841 de
419 3773 611 3858 qualitatibus
635 3785 738 3853 animi,
768 3783 965 3858 conjecturam
997 3787 1022 3842 is
1046 3786 1134 3843 etiam
1164 3782 1201 3844 de
1224 3784 1340 3844 fortuna
1371 3785 1510 3846 homins·

199 3888 305 3947 genere
329 3870 416 3928 faciet
438 3888 495 3928 non
520 3874 657 3947 ineptam,
681 3869 732 3930 sed
757 3871 954 3946 conjecturam
977 3870 1070 3930 solam
1095 3869 1302 3949 praetereaque
1325 3871 1430 3946 nihi13
1439 3872 1551 3931 scilicet

196 3958 258 4017 ialli
283 3960 370 4017 etiam
387 3957 437 4017 ilie
453 3965 559 4035 potest,
582 3966 699 4034 propter
714 3961 908 4017 interventum
930 3958 1055 4036 plurium
1077 3976 1239 4034 causarum,
1264 3968 1324 4018 tam
1339 3968 1549 4035 supernatura·

198 4046 285 4114 lium,
316 4064 403 4120 quam
426 4045 610 4103 naturalium.
657 4045 732 4103 Nam
760 4052 794 4103 ut
815 4046 939 4105 alterurn
961 4046 1095 4106 fortunae
1118 4047 1244 4106 hominis
1269 4044 1489 4106 tundamentum
1513 4063 1549 4105 ex

197 4134 397 4209 superioribus
428 4150 591 4206 accersam,
623 4133 821 4208 dignationem
853 4151 893 4193 sc.
923 4134 1039 4207 vultus,
1073 4136 1244 4209 imaginatio
1275 4133 1392 4210 quidem
1424 4143 1549 4192 matrum

197 4221 354 4298 plurimum
385 4219 473 4295 hujus
503 4222 615 4280 coniert
646 4220 736 4279 ioetui
761 4228 822 4280 toto
846 4224 1019 4296 gestationis
1043 4227 1187 4298 tempore,
1219 4229 1251 4279 ut
1280 4239 1368 4299 saepe
1392 4221 1549 4279 infelicium

197 4315 351 4385 parentum
375 4306 520 4385 (adeoque
543 4317 571 4367 et
595 4307 719 4366 aliorum
741 4307 891 4365 hominum
914 4307 1134 4379 animaliumve‚
1159 4310 1260 4368 crebro
1284 4317 1314 4368 et
1336 4326 1401 4368 cum
1418 4305 1550 4384 emphasi

197 4397 428 4472 praegnantibus
452 4393 682 4473 obversantlum)
714 4403 742 4453 et
771 4394 870 4453 vuitus
899 4405 930 4453 et
957 4413 1052 4455 mores
1081 4405 1110 4455 ct
1137 4396 1215 4454 iliis
1227 4396 1422 4457 fundamentis
1451 4397 1552 4458 innixa

197 4486 315 4542 lortuna
338 4482 498 4543 consimilis
526 4484 746 4541 transferatur
738 4499 781 4538 ur
791 4482 912 4542 loetum.
958 4482 1017 4542 Sed
1046 4491 1145 4543 tamen
1175 4490 1319 4561 utsupra
1347 4477 1552 4564 paradigmata

197 4572 338 4631 mentalia
360 4570 456 4628 Procli
481 4570 780 4647 multiplicabantur
772 4586 800 4625 ιιι
825 4568 981 4643 animalia,
1006 4570 1124 4651 vitalia,
1147 4570 1281 4644 mobilia,
1304 4570 1502 4648 complicata
1507 4569 1604 4636 ια’,

197 4659 272 4718 ideis
295 4660 375 4716 vitae
399 4667 604 4734 motuumque,
629 4660 671 4716 sic
694 4659 782 4718 etiam
804 4655 853 4715 hic
875 4657 1026 4716 character
1048 4658 1121 4718 coeli
1145 4658 1347 4734 genethliacus
1370 4653 1569 4733 immergiturl

198 4748 226 4804 in
250 4749 378 4821 speciem
402 4746 501 4803 vuitus
527 4744 641 4805 occulta
664 4764 694 4802 rr
748 4745 866 4806 cultatrs
889 4745 1063 4804 formatricis
1086 4746 1312 4823 agnosciturqne
1335 4764 1369 4806 ex
1386 4748 1447 4805 nati
1465 4745 1596 4806 vultu·

197 4833 356 4893 occultiore
388 4832 484 4891 adhue
514 4744 910 5022 ιριιῐιιιιιίιιὼῐὶιιιιιι,
925 4833 1088 4910 videasque
1117 4833 1154 4893 ad
1177 4850 1266 4912 eos,
1276 4836 1325 4910 qui
1349 4835 1405 4893 sub
1428 4833 1549 4918 mulas

196 4921 324 4999 plurium
355 4921 539 4995 planetarum
571 4926 639 4979 ante
801 4925 961 4978 nascuntur
990 4920 1182 5001 (dopoqoproa
1212 4919 1363 4997 appellant
1434 4907 1450 4994 ‚⁴
1530 4916 1550 4998 ¹)

199 5008 331 5112 copulari
355 5010 458 5079 etiam,
491 5008 583 5067 veluti
606 4995 722 5076 lasciuo
741 5007 882 5083 quodam,
914 5015 1015 5067 coetus
1045 5008 1193 5069 hominurn
1217 4999 1430 5084 populanum?
1420 5047 1446 5088 ¹.
1515 5077 1520 5090 ,

197 5100 239 5155 rei
262 5095 429 5171 exemplum
452 5096 489 5154 ad
513 5112 627 5154 omnem
650 5097 831 5171 posteritatis
846 5099 1015 5154 memoriam
1032 5094 1265 5155 commendatum
1287 5096 1397 5158 viderat
1425 5085 1428 5090 ¹
1460 5155 1465 5162 ,

196 5184 280 5242 Hier.
306 5183 501 5241 Cardanum
494 5201 523 5240 ru
546 5184 695 5285 genesi
672 5181 807 5241 lutheri:
822 5178 861 5257 ¹⁷)
884 5201 1069 5260 quanquam
1077 5199 1183 5242 causae
1198 5189 1294 5241 motus
1316 5169 1407 5261 pubi*
1435 5177 1456 5230 -’

197 5277 413 5331 concurrerunt
460 5269 517 5344 Qui
542 5272 583 5327 sic
606 5278 765 5328 nascuntur
788 5265 973 5350 (quanquam
1004 5287 1062 5329 non
1085 5287 1144 5327 una
1167 5277 1246 5329 certa
1274 5271 1367 5330 forma
1388 5257 1547 5348 praes'ffibl

196 5361 319 5438 potest),
342 5359 531 5434 plurimum
524 5360 544 5415 ri
568 5357 668 5415 valent
690 5357 864 5417 auctoritate
887 5355 966 5458 apud
988 5356 1143 5433 populum,
1169 5358 1326 5436 plurimum
1348 5358 1526 5434 suffragiis
1517 5374 1547 5415 ιιι

197 5446 331 5518 consilio,
358 5446 513 5522 plurimum
535 5447 632 5520 gratia
656 5443 734 5519 apud
756 5446 902 5519 principes
925 5445 1007 5519 reip,
1033 5460 1160 5519 quorum
1183 5440 1300 5521 quidem
1323 5453 1352 5507 et
1374 5454 1485 5505 natura
1499 5460 1549 5504 re·
1599 5479 1604 5490 ·

196 5534 338 5614 spondet,
370 5535 470 5610 itaque
504 5549 592 5613 saepe
615 5524 735 5594 fortuna
760 5537 859 5591 stata
882 5531 1014 5609 partibus
1036 5532 1185 5611 immeriti,
1213 5551 1309 5624 neque
1343 5533 1410 5593 aliis
1433 5532 1547 5604 idoneis
