<?xml version="1.0" encoding="UTF-8"?>
<!DOCTYPE html PUBLIC "-//W3C//DTD XHTML 1.0 Transitional//EN"
    "http://www.w3.org/TR/xhtml1/DTD/xhtml1-transitional.dtd">
<html xmlns="http://www.w3.org/1999/xhtml" xml:lang="en" lang="en">
 <head>
  <title>
</title>
<meta http-equiv="Content-Type" content="text/html;charset=utf-8" />
  <meta name='ocr-system' content='tesseract 3.04.00' />
  <meta name='ocr-capabilities' content='ocr_page ocr_carea ocr_par ocr_line ocrx_word'/>
</head>
<body>
  <div class='ocr_page' id='page_1' title='image "./joanniskepleria09frisgoog/joanniskepleria09frisgoog_0408.png"; bbox 0 0 3684 7259; ppageno 0'>
   <div class='ocr_carea' id='block_1_1' title="bbox 225 1159 1221 1278">
    <p class='ocr_par' dir='ltr' id='par_1_1' title="bbox 225 1159 1221 1278">
     <span class='ocr_line' id='line_1_1' title="bbox 225 1159 1221 1278; baseline -0.013 -17"><span class='ocrx_word' id='word_1_1' title='bbox 225 1229 228 1237; x_wconf 94' lang='lat'><em>·</em></span> <span class='ocrx_word' id='word_1_2' title='bbox 248 1159 251 1167; x_wconf 26' lang='grc' dir='ltr'>ι</span> <span class='ocrx_word' id='word_1_3' title='bbox 308 1197 372 1260; x_wconf 80' lang='grc'><strong>396</strong></span> <span class='ocrx_word' id='word_1_4' title='bbox 819 1195 969 1251; x_wconf 76' lang='lat' dir='ltr'><strong>Ptolemaei</strong></span> <span class='ocrx_word' id='word_1_5' title='bbox 987 1189 1145 1278; x_wconf 77' lang='lat' dir='ltr'><strong>Harmonia</strong></span> <span class='ocrx_word' id='word_1_6' title='bbox 1218 1160 1221 1164; x_wconf 22' lang='lat'>¹</span> 
     </span>
    </p>
   </div>
   <div class='ocr_carea' id='block_1_2' title="bbox 306 1369 1716 1917">
    <p class='ocr_par' dir='ltr' id='par_1_2' title="bbox 306 1369 1716 1917">
     <span class='ocr_line' id='line_1_2' title="bbox 307 1369 1716 1442; baseline -0.001 -17"><span class='ocrx_word' id='word_1_7' title='bbox 307 1369 409 1441; x_wconf 90' lang='lat' dir='ltr'><strong>placita</strong></span> <span class='ocrx_word' id='word_1_8' title='bbox 426 1370 597 1440; x_wconf 70' lang='lat' dir='ltr'><strong>Pythagorae</strong></span> <span class='ocrx_word' id='word_1_9' title='bbox 615 1386 676 1426; x_wconf 89' lang='lat' dir='ltr'><strong>esse</strong></span> <span class='ocrx_word' id='word_1_10' title='bbox 694 1372 825 1442; x_wconf 79' lang='lat' dir='ltr'><strong>diapason</strong></span> <span class='ocrx_word' id='word_1_11' title='bbox 843 1371 1020 1438; x_wconf 86' lang='lat' dir='ltr'><strong>harmoniam,</strong></span> <span class='ocrx_word' id='word_1_12' title='bbox 1039 1388 1055 1426; x_wconf 91' lang='lat' dir='ltr'><strong>a</strong></span> <span class='ocrx_word' id='word_1_13' title='bbox 1073 1370 1158 1425; x_wconf 90' lang='lat' dir='ltr'><strong>Terra</strong></span> <span class='ocrx_word' id='word_1_14' title='bbox 1175 1385 1239 1425; x_wconf 84' lang='lat' dir='ltr'><strong>vero</strong></span> <span class='ocrx_word' id='word_1_15' title='bbox 1258 1370 1292 1425; x_wconf 91' lang='lat' dir='ltr'><strong>ad</strong></span> <span class='ocrx_word' id='word_1_16' title='bbox 1305 1372 1409 1427; x_wconf 76' lang='lat' dir='ltr'><strong>Limam</strong></span> <span class='ocrx_word' id='word_1_17' title='bbox 1428 1372 1560 1429; x_wconf 88' lang='lat' dir='ltr'><strong>accedere</strong></span> <span class='ocrx_word' id='word_1_18' title='bbox 1577 1390 1659 1429; x_wconf 89' lang='lat' dir='ltr'><strong>unum</strong></span> <span class='ocrx_word' id='word_1_19' title='bbox 1714 1422 1716 1424; x_wconf 73' lang='grc'><strong>,</strong></span> 
     </span>
     <span class='ocr_line' id='line_1_3' title="bbox 307 1449 1662 1520; baseline 0.002 -16"><span class='ocrx_word' id='word_1_20' title='bbox 307 1455 402 1505; x_wconf 88' lang='lat' dir='ltr'><strong>tonum</strong></span> <span class='ocrx_word' id='word_1_21' title='bbox 420 1451 692 1520; x_wconf 86' lang='lat' dir='ltr'><strong>supernumerarium.</strong></span> <span class='ocrx_word' id='word_1_22' title='bbox 729 1453 772 1505; x_wconf 90' lang='lat' dir='ltr'><strong>ita</strong></span> <span class='ocrx_word' id='word_1_23' title='bbox 788 1451 954 1506; x_wconf 85' lang='lat' dir='ltr'><strong>coelestibus</strong></span> <span class='ocrx_word' id='word_1_24' title='bbox 973 1450 1081 1518; x_wconf 87' lang='lat' dir='ltr'><strong>quidem</strong></span> <span class='ocrx_word' id='word_1_25' title='bbox 1099 1449 1258 1517; x_wconf 82' lang='lat' dir='ltr'><strong>corporibus</strong></span> <span class='ocrx_word' id='word_1_26' title='bbox 1276 1456 1388 1519; x_wconf 87' lang='lat' dir='ltr'><strong>propter</strong></span> <span class='ocrx_word' id='word_1_27' title='bbox 1400 1456 1503 1504; x_wconf 87' lang='lat' dir='ltr'><strong>motum</strong></span> <span class='ocrx_word' id='word_1_28' title='bbox 1522 1451 1579 1506; x_wconf 81' lang='lat' dir='ltr'><strong>dati</strong></span> <span class='ocrx_word' id='word_1_29' title='bbox 1597 1460 1662 1508; x_wconf 88' lang='lat' dir='ltr'><strong>eunt</strong></span> 
     </span>
     <span class='ocr_line' id='line_1_4' title="bbox 306 1527 1661 1601; baseline 0.001 -18"><span class='ocrx_word' id='word_1_30' title='bbox 306 1528 407 1600; x_wconf 75' lang='lat' dir='ltr'><strong>singuli</strong></span> <span class='ocrx_word' id='word_1_31' title='bbox 425 1530 484 1585; x_wconf 92' lang='lat' dir='ltr'><strong>soni</strong></span> <span class='ocrx_word' id='word_1_32' title='bbox 502 1531 626 1600; x_wconf 90' lang='lat' dir='ltr'><strong>interque</strong></span> <span class='ocrx_word' id='word_1_33' title='bbox 645 1539 728 1586; x_wconf 83' lang='lat' dir='ltr'><strong>sonus</strong></span> <span class='ocrx_word' id='word_1_34' title='bbox 747 1532 902 1601; x_wconf 72' lang='lat' dir='ltr'><strong>intervalla,</strong></span> <span class='ocrx_word' id='word_1_35' title='bbox 927 1530 1028 1584; x_wconf 86' lang='lat' dir='ltr'><strong>Terrae</strong></span> <span class='ocrx_word' id='word_1_36' title='bbox 1048 1545 1125 1600; x_wconf 78' lang='lat' dir='ltr'><strong>¹nero,</strong></span> <span class='ocrx_word' id='word_1_37' title='bbox 1138 1540 1210 1598; x_wconf 86' lang='lat' dir='ltr'><strong>quae</strong></span> <span class='ocrx_word' id='word_1_38' title='bbox 1229 1527 1375 1598; x_wconf 88' lang='lat' dir='ltr'><strong>putabatur</strong></span> <span class='ocrx_word' id='word_1_39' title='bbox 1393 1530 1550 1599; x_wconf 86' lang='lat' dir='ltr'><strong>quiescere,</strong></span> <span class='ocrx_word' id='word_1_40' title='bbox 1578 1546 1661 1585; x_wconf 90' lang='lat' dir='ltr'><strong>sonus</strong></span> 
     </span>
     <span class='ocr_line' id='line_1_5' title="bbox 307 1607 1660 1679; baseline 0.002 -18"><span class='ocrx_word' id='word_1_41' title='bbox 307 1614 399 1662; x_wconf 65' lang='lat' dir='ltr'><strong>nmen</strong></span> <span class='ocrx_word' id='word_1_42' title='bbox 424 1624 494 1663; x_wconf 89' lang='lat' dir='ltr'><strong>unus</strong></span> <span class='ocrx_word' id='word_1_43' title='bbox 518 1617 560 1664; x_wconf 88' lang='lat' dir='ltr'><strong>est</strong></span> <span class='ocrx_word' id='word_1_44' title='bbox 583 1609 742 1676; x_wconf 90' lang='lat' dir='ltr'><strong>attributus,</strong></span> <span class='ocrx_word' id='word_1_45' title='bbox 768 1618 881 1679; x_wconf 88' lang='lat' dir='ltr'><strong>propter</strong></span> <span class='ocrx_word' id='word_1_46' title='bbox 899 1607 987 1663; x_wconf 90' lang='lat' dir='ltr'><strong>solum</strong></span> <span class='ocrx_word' id='word_1_47' title='bbox 1011 1608 1182 1663; x_wconf 83' lang='lat' dir='ltr'><strong>intervallum</strong></span> <span class='ocrx_word' id='word_1_48' title='bbox 1208 1609 1277 1661; x_wconf 90' lang='lat' dir='ltr'><strong>hanc</strong></span> <span class='ocrx_word' id='word_1_49' title='bbox 1301 1609 1373 1661; x_wconf 76' lang='lat' dir='ltr'><strong>inter</strong></span> <span class='ocrx_word' id='word_1_50' title='bbox 1396 1610 1562 1677; x_wconf 77' lang='lat' dir='ltr'><strong>ethrinam,</strong></span> <span class='ocrx_word' id='word_1_51' title='bbox 1588 1609 1660 1679; x_wconf 90' lang='lat' dir='ltr'><strong>quod</strong></span> 
     </span>
     <span class='ocr_line' id='line_1_6' title="bbox 307 1686 1661 1759; baseline 0.005 -21"><span class='ocrx_word' id='word_1_52' title='bbox 307 1691 464 1742; x_wconf 88' lang='lat' dir='ltr'><strong>statuerunt</strong></span> <span class='ocrx_word' id='word_1_53' title='bbox 485 1690 599 1758; x_wconf 87' lang='lat' dir='ltr'><strong>aequale</strong></span> <span class='ocrx_word' id='word_1_54' title='bbox 622 1689 764 1748; x_wconf 80' lang='lat' dir='ltr'><strong>intervallo</strong></span> <span class='ocrx_word' id='word_1_55' title='bbox 787 1689 858 1743; x_wconf 89' lang='lat' dir='ltr'><strong>inter</strong></span> <span class='ocrx_word' id='word_1_56' title='bbox 880 1688 986 1741; x_wconf 89' lang='lat' dir='ltr'><strong>Lunarn</strong></span> <span class='ocrx_word' id='word_1_57' title='bbox 1010 1694 1038 1741; x_wconf 90' lang='lat' dir='ltr'><strong>et</strong></span> <span class='ocrx_word' id='word_1_58' title='bbox 1062 1687 1235 1741; x_wconf 83' lang='lat' dir='ltr'><strong>Mercurium.</strong></span> <span class='ocrx_word' id='word_1_59' title='bbox 1275 1686 1366 1741; x_wconf 82' lang='lat' dir='ltr'><strong>illusit</strong></span> <span class='ocrx_word' id='word_1_60' title='bbox 1392 1688 1462 1743; x_wconf 91' lang='lat' dir='ltr'><strong>enim</strong></span> <span class='ocrx_word' id='word_1_61' title='bbox 1488 1704 1538 1744; x_wconf 89' lang='lat' dir='ltr'><strong>seu</strong></span> <span class='ocrx_word' id='word_1_62' title='bbox 1561 1690 1661 1759; x_wconf 89' lang='lat' dir='ltr'><strong>Pytha·</strong></span> 
     </span>
     <span class='ocr_line' id='line_1_7' title="bbox 307 1764 1661 1837; baseline 0.001 -18"><span class='ocrx_word' id='word_1_63' title='bbox 307 1780 389 1831; x_wconf 80' lang='lat' dir='ltr'><strong>gorae</strong></span> <span class='ocrx_word' id='word_1_64' title='bbox 407 1781 456 1821; x_wconf 90' lang='lat' dir='ltr'><strong>seu</strong></span> <span class='ocrx_word' id='word_1_65' title='bbox 475 1767 533 1836; x_wconf 87' lang='lat' dir='ltr'><strong>ejus</strong></span> <span class='ocrx_word' id='word_1_66' title='bbox 551 1768 693 1836; x_wconf 83' lang='lat' dir='ltr'><strong>interpreti</strong></span> <span class='ocrx_word' id='word_1_67' title='bbox 713 1766 800 1821; x_wconf 88' lang='lat' dir='ltr'><strong>Plinio</strong></span> <span class='ocrx_word' id='word_1_68' title='bbox 822 1764 984 1833; x_wconf 84' lang='lat' dir='ltr'><strong>ambiguitas</strong></span> <span class='ocrx_word' id='word_1_69' title='bbox 1003 1766 1076 1820; x_wconf 83' lang='lat' dir='ltr'><strong>vocis</strong></span> <span class='ocrx_word' id='word_1_70' title='bbox 1097 1765 1313 1835; x_wconf 75' lang='lat' dir='ltr'><strong>»intervallum«,</strong></span> <span class='ocrx_word' id='word_1_71' title='bbox 1337 1784 1406 1835; x_wconf 92' lang='lat' dir='ltr'><strong>quae</strong></span> <span class='ocrx_word' id='word_1_72' title='bbox 1424 1769 1561 1825; x_wconf 88' lang='lat' dir='ltr'><strong>interdum</strong></span> <span class='ocrx_word' id='word_1_73' title='bbox 1580 1767 1661 1837; x_wconf 88' lang='lat' dir='ltr'><strong>signi-</strong></span> 
     </span>
     <span class='ocr_line' id='line_1_8' title="bbox 306 1840 1659 1917; baseline 0.004 -22"><span class='ocrx_word' id='word_1_74' title='bbox 306 1840 371 1896; x_wconf 84' lang='lat' dir='ltr'><strong>ficat</strong></span> <span class='ocrx_word' id='word_1_75' title='bbox 389 1842 506 1912; x_wconf 84' lang='lat' dir='ltr'><strong>alicujus</strong></span> <span class='ocrx_word' id='word_1_76' title='bbox 525 1846 607 1914; x_wconf 90' lang='lat' dir='ltr'><strong>spatii</strong></span> <span class='ocrx_word' id='word_1_77' title='bbox 626 1845 835 1914; x_wconf 79' lang='lat' dir='ltr'><strong>longitudinem.</strong></span> <span class='ocrx_word' id='word_1_78' title='bbox 860 1861 913 1914; x_wconf 92' lang='lat' dir='ltr'><strong>quo</strong></span> <span class='ocrx_word' id='word_1_79' title='bbox 932 1859 1015 1898; x_wconf 90' lang='lat' dir='ltr'><strong>sensu</strong></span> <span class='ocrx_word' id='word_1_80' title='bbox 1032 1844 1104 1897; x_wconf 89' lang='lat' dir='ltr'><strong>inter</strong></span> <span class='ocrx_word' id='word_1_81' title='bbox 1122 1850 1211 1897; x_wconf 82' lang='lat' dir='ltr'><strong>omnia</strong></span> <span class='ocrx_word' id='word_1_82' title='bbox 1236 1860 1350 1913; x_wconf 89' lang='lat' dir='ltr'><strong>corpora</strong></span> <span class='ocrx_word' id='word_1_83' title='bbox 1369 1846 1497 1917; x_wconf 85' lang='lat' dir='ltr'><strong>deinceps</strong></span> <span class='ocrx_word' id='word_1_84' title='bbox 1523 1848 1616 1903; x_wconf 90' lang='lat' dir='ltr'><strong>locata</strong></span> <span class='ocrx_word' id='word_1_85' title='bbox 1631 1846 1659 1900; x_wconf 90' lang='lat' dir='ltr'><strong>in</strong></span> 
     </span>
    </p>
   </div>
   <div class='ocr_carea' id='block_1_3' title="bbox 213 1922 1660 1999">
    <p class='ocr_par' dir='ltr' id='par_1_3' title="bbox 213 1922 1660 1999">
     <span class='ocr_line' id='line_1_9' title="bbox 213 1922 1660 1999; baseline 0.006 -28"><span class='ocrx_word' id='word_1_86' title='bbox 213 1990 218 1999; x_wconf 28' lang='grc' dir='ltr'>ι</span> <span class='ocrx_word' id='word_1_87' title='bbox 306 1934 362 1973; x_wconf 88' lang='lat' dir='ltr'><strong>una</strong></span> <span class='ocrx_word' id='word_1_88' title='bbox 380 1924 450 1977; x_wconf 88' lang='lat' dir='ltr'><strong>serie</strong></span> <span class='ocrx_word' id='word_1_89' title='bbox 467 1923 580 1978; x_wconf 91' lang='lat' dir='ltr'><strong>interest</strong></span> <span class='ocrx_word' id='word_1_90' title='bbox 598 1925 708 1993; x_wconf 85' lang='lat' dir='ltr'><strong>aliquod</strong></span> <span class='ocrx_word' id='word_1_91' title='bbox 727 1923 913 1989; x_wconf 82' lang='lat' dir='ltr'><strong>intervallum,</strong></span> <span class='ocrx_word' id='word_1_92' title='bbox 933 1923 1017 1977; x_wconf 91' lang='lat' dir='ltr'><strong>etsie</strong></span> <span class='ocrx_word' id='word_1_93' title='bbox 1036 1922 1116 1976; x_wconf 90' lang='lat' dir='ltr'><strong>etiam</strong></span> <span class='ocrx_word' id='word_1_94' title='bbox 1135 1924 1206 1976; x_wconf 86' lang='lat' dir='ltr'><strong>inter</strong></span> <span class='ocrx_word' id='word_1_95' title='bbox 1223 1923 1334 1977; x_wconf 79' lang='lat' dir='ltr'><strong>&#39;l&#39;erram</strong></span> <span class='ocrx_word' id='word_1_96' title='bbox 1353 1926 1538 1993; x_wconf 83' lang='lat' dir='ltr'><strong>quiescentem</strong></span> <span class='ocrx_word' id='word_1_97' title='bbox 1563 1933 1591 1980; x_wconf 91' lang='lat' dir='ltr'><strong>et</strong></span> <span class='ocrx_word' id='word_1_98' title='bbox 1607 1927 1660 1982; x_wconf 84' lang='lat' dir='ltr'><strong>Ln-</strong></span> 
     </span>
    </p>
   </div>
   <div class='ocr_carea' id='block_1_4' title="bbox 267 1992 1699 3414">
    <p class='ocr_par' dir='ltr' id='par_1_4' title="bbox 267 1992 1699 3414">
     <span class='ocr_line' id='line_1_10' title="bbox 306 1992 1660 2068; baseline 0.007 -17"><span class='ocrx_word' id='word_1_99' title='bbox 306 2013 369 2052; x_wconf 88' lang='lat' dir='ltr'><strong>nam</strong></span> <span class='ocrx_word' id='word_1_100' title='bbox 388 1992 527 2065; x_wconf 69' lang='lat' dir='ltr'><strong>mobilem,</strong></span> <span class='ocrx_word' id='word_1_101' title='bbox 552 2003 687 2058; x_wconf 91' lang='lat' dir='ltr'><strong>interdum</strong></span> <span class='ocrx_word' id='word_1_102' title='bbox 705 2018 769 2057; x_wconf 83' lang='lat' dir='ltr'><strong>vero</strong></span> <span class='ocrx_word' id='word_1_103' title='bbox 788 1999 972 2068; x_wconf 85' lang='lat' dir='ltr'><strong>intervallum,</strong></span> <span class='ocrx_word' id='word_1_104' title='bbox 999 2000 1142 2068; x_wconf 86' lang='lat' dir='ltr'><strong>diastema,</strong></span> <span class='ocrx_word' id='word_1_105' title='bbox 1168 2000 1303 2068; x_wconf 86' lang='lat' dir='ltr'><strong>significat</strong></span> <span class='ocrx_word' id='word_1_106' title='bbox 1324 2002 1504 2059; x_wconf 85' lang='lat' dir='ltr'><strong>differentiam</strong></span> <span class='ocrx_word' id='word_1_107' title='bbox 1529 2006 1660 2061; x_wconf 83' lang='lat' dir='ltr'><strong>acuminis</strong></span> 
     </span>
     <span class='ocr_line' id='line_1_11' title="bbox 307 2080 1661 2152; baseline 0.006 -20"><span class='ocrx_word' id='word_1_108' title='bbox 307 2085 335 2133; x_wconf 92' lang='lat' dir='ltr'><strong>et</strong></span> <span class='ocrx_word' id='word_1_109' title='bbox 353 2081 494 2150; x_wconf 79' lang='lat' dir='ltr'><strong>gravitatis</strong></span> <span class='ocrx_word' id='word_1_110' title='bbox 513 2083 583 2137; x_wconf 88' lang='lat' dir='ltr'><strong>inter</strong></span> <span class='ocrx_word' id='word_1_111' title='bbox 601 2083 669 2140; x_wconf 91' lang='lat' dir='ltr'><strong>duos</strong></span> <span class='ocrx_word' id='word_1_112' title='bbox 688 2097 779 2151; x_wconf 90' lang='lat' dir='ltr'><strong>sonos,</strong></span> <span class='ocrx_word' id='word_1_113' title='bbox 799 2097 852 2148; x_wconf 92' lang='lat' dir='ltr'><strong>quo</strong></span> <span class='ocrx_word' id='word_1_114' title='bbox 872 2093 954 2132; x_wconf 90' lang='lat' dir='ltr'><strong>sensu</strong></span> <span class='ocrx_word' id='word_1_115' title='bbox 973 2080 1103 2147; x_wconf 88' lang='lat' dir='ltr'><strong>competit</strong></span> <span class='ocrx_word' id='word_1_116' title='bbox 1120 2087 1225 2135; x_wconf 86' lang='lat' dir='ltr'><strong>tantum</strong></span> <span class='ocrx_word' id='word_1_117' title='bbox 1244 2081 1276 2135; x_wconf 89' lang='lat' dir='ltr'><strong>iis</strong></span> <span class='ocrx_word' id='word_1_118' title='bbox 1294 2084 1463 2151; x_wconf 85' lang='lat' dir='ltr'><strong>corporibus,</strong></span> <span class='ocrx_word' id='word_1_119' title='bbox 1482 2100 1555 2152; x_wconf 90' lang='lat' dir='ltr'><strong>quae</strong></span> <span class='ocrx_word' id='word_1_120' title='bbox 1571 2093 1661 2141; x_wconf 87' lang='lat' dir='ltr'><strong>motus</strong></span> 
     </span>
     <span class='ocr_line' id='line_1_12' title="bbox 267 2155 1660 2231; baseline 0.006 -21"><span class='ocrx_word' id='word_1_121' title='bbox 267 2170 269 2173; x_wconf 53' lang='lat'><em>⁴</em></span> <span class='ocrx_word' id='word_1_122' title='bbox 306 2156 446 2229; x_wconf 75' lang='lat' dir='ltr'><strong>celeritate</strong></span> <span class='ocrx_word' id='word_1_123' title='bbox 468 2162 511 2215; x_wconf 84' lang='lat' dir='ltr'><strong>rel</strong></span> <span class='ocrx_word' id='word_1_124' title='bbox 529 2163 658 2219; x_wconf 88' lang='lat' dir='ltr'><strong>tarditate</strong></span> <span class='ocrx_word' id='word_1_125' title='bbox 676 2178 758 2217; x_wconf 88' lang='lat' dir='ltr'><strong>sonos</strong></span> <span class='ocrx_word' id='word_1_126' title='bbox 783 2159 919 2225; x_wconf 81' lang='lat' dir='ltr'><strong>efficiunt,</strong></span> <span class='ocrx_word' id='word_1_127' title='bbox 946 2155 993 2210; x_wconf 90' lang='lat' dir='ltr'><strong>ubi</strong></span> <span class='ocrx_word' id='word_1_128' title='bbox 1020 2158 1187 2224; x_wconf 87' lang='lat' dir='ltr'><strong>quiescentia</strong></span> <span class='ocrx_word' id='word_1_129' title='bbox 1211 2175 1338 2228; x_wconf 84' lang='lat' dir='ltr'><strong>corpora,</strong></span> <span class='ocrx_word' id='word_1_130' title='bbox 1367 2162 1468 2231; x_wconf 89' lang='lat' dir='ltr'><strong>quippe</strong></span> <span class='ocrx_word' id='word_1_131' title='bbox 1493 2180 1591 2219; x_wconf 91' lang='lat' dir='ltr'><strong>sonum</strong></span> <span class='ocrx_word' id='word_1_132' title='bbox 1607 2183 1660 2221; x_wconf 94' lang='lat' dir='ltr'><strong>non</strong></span> 
     </span>
     <span class='ocr_line' id='line_1_13' title="bbox 307 2234 1660 2312; baseline 0.007 -23"><span class='ocrx_word' id='word_1_133' title='bbox 307 2234 460 2304; x_wconf 80' lang='lat' dir='ltr'><strong>efficientia,</strong></span> <span class='ocrx_word' id='word_1_134' title='bbox 478 2241 567 2296; x_wconf 90' lang='lat' dir='ltr'><strong>locum</strong></span> <span class='ocrx_word' id='word_1_135' title='bbox 585 2258 640 2296; x_wconf 88' lang='lat' dir='ltr'><strong>non</strong></span> <span class='ocrx_word' id='word_1_136' title='bbox 658 2242 768 2297; x_wconf 89' lang='lat' dir='ltr'><strong>habent.</strong></span> <span class='ocrx_word' id='word_1_137' title='bbox 805 2237 876 2305; x_wconf 78' lang='lat' dir='ltr'><strong>Quia</strong></span> <span class='ocrx_word' id='word_1_138' title='bbox 893 2243 985 2290; x_wconf 87' lang='lat' dir='ltr'><strong>tamen</strong></span> <span class='ocrx_word' id='word_1_139' title='bbox 1004 2237 1108 2305; x_wconf 91' lang='lat' dir='ltr'><strong>opinati</strong></span> <span class='ocrx_word' id='word_1_140' title='bbox 1127 2245 1192 2293; x_wconf 87' lang='lat' dir='ltr'><strong>sunt</strong></span> <span class='ocrx_word' id='word_1_141' title='bbox 1209 2239 1398 2309; x_wconf 82' lang='lat' dir='ltr'><strong>Pythagoraei,</strong></span> <span class='ocrx_word' id='word_1_142' title='bbox 1417 2258 1562 2312; x_wconf 89' lang='lat' dir='ltr'><strong>corporum</strong></span> <span class='ocrx_word' id='word_1_143' title='bbox 1579 2244 1660 2297; x_wconf 88' lang='lat' dir='ltr'><strong>inter·</strong></span> 
     </span>
     <span class='ocr_line' id='line_1_14' title="bbox 307 2313 1662 2389; baseline 0.007 -23"><span class='ocrx_word' id='word_1_144' title='bbox 307 2314 379 2369; x_wconf 85' lang='lat' dir='ltr'><strong>valla</strong></span> <span class='ocrx_word' id='word_1_145' title='bbox 397 2316 495 2372; x_wconf 88' lang='lat' dir='ltr'><strong>localia</strong></span> <span class='ocrx_word' id='word_1_146' title='bbox 513 2328 590 2375; x_wconf 91' lang='lat' dir='ltr'><strong>tanta</strong></span> <span class='ocrx_word' id='word_1_147' title='bbox 607 2336 667 2375; x_wconf 90' lang='lat' dir='ltr'><strong>ease</strong></span> <span class='ocrx_word' id='word_1_148' title='bbox 686 2322 802 2385; x_wconf 85' lang='lat' dir='ltr'><strong>statuta,</strong></span> <span class='ocrx_word' id='word_1_149' title='bbox 830 2326 859 2386; x_wconf 87' lang='lat' dir='ltr'><strong>ut</strong></span> <span class='ocrx_word' id='word_1_150' title='bbox 877 2314 1018 2384; x_wconf 92' lang='lat' dir='ltr'><strong>proportio</strong></span> <span class='ocrx_word' id='word_1_151' title='bbox 1034 2330 1129 2369; x_wconf 90' lang='lat' dir='ltr'><strong>eorum</strong></span> <span class='ocrx_word' id='word_1_152' title='bbox 1143 2313 1175 2370; x_wconf 87' lang='lat' dir='ltr'><strong>in</strong></span> <span class='ocrx_word' id='word_1_153' title='bbox 1195 2332 1339 2386; x_wconf 89' lang='lat' dir='ltr'><strong>corporum</strong></span> <span class='ocrx_word' id='word_1_154' title='bbox 1357 2318 1511 2389; x_wconf 76' lang='lat' dir='ltr'><strong>celeritates</strong></span> <span class='ocrx_word' id='word_1_155' title='bbox 1529 2320 1662 2375; x_wconf 87' lang='lat' dir='ltr'><strong>translata</strong></span> 
     </span>
     <span class='ocr_line' id='line_1_15' title="bbox 307 2390 1660 2470; baseline 0 -19"><span class='ocrx_word' id='word_1_156' title='bbox 307 2390 428 2448; x_wconf 83' lang='lat' dir='ltr'><strong>efficeret</strong></span> <span class='ocrx_word' id='word_1_157' title='bbox 447 2398 589 2470; x_wconf 85' lang='lat' dir='ltr'><strong>intervalla</strong></span> <span class='ocrx_word' id='word_1_158' title='bbox 607 2398 852 2462; x_wconf 85' lang='lat' dir='ltr'><strong>consonantiarum,</strong></span> <span class='ocrx_word' id='word_1_159' title='bbox 870 2395 933 2448; x_wconf 90' lang='lat' dir='ltr'><strong>ideo</strong></span> <span class='ocrx_word' id='word_1_160' title='bbox 952 2395 1033 2449; x_wconf 86' lang='lat' dir='ltr'><strong>etiam</strong></span> <span class='ocrx_word' id='word_1_161' title='bbox 1052 2394 1080 2448; x_wconf 90' lang='lat' dir='ltr'><strong>id</strong></span> <span class='ocrx_word' id='word_1_162' title='bbox 1098 2394 1280 2459; x_wconf 82' lang='lat' dir='ltr'><strong>intervallum,</strong></span> <span class='ocrx_word' id='word_1_163' title='bbox 1297 2397 1370 2465; x_wconf 91' lang='lat' dir='ltr'><strong>qnod</strong></span> <span class='ocrx_word' id='word_1_164' title='bbox 1388 2398 1459 2452; x_wconf 90' lang='lat' dir='ltr'><strong>inter</strong></span> <span class='ocrx_word' id='word_1_165' title='bbox 1477 2398 1590 2453; x_wconf 81' lang='lat' dir='ltr'><strong>Terram</strong></span> <span class='ocrx_word' id='word_1_166' title='bbox 1607 2414 1660 2451; x_wconf 89' lang='lat' dir='ltr'><strong>non</strong></span> 
     </span>
     <span class='ocr_line' id='line_1_16' title="bbox 307 2474 1660 2544; baseline 0.008 -24"><span class='ocrx_word' id='word_1_167' title='bbox 307 2481 448 2527; x_wconf 87' lang='lat' dir='ltr'><strong>sonantem</strong></span> <span class='ocrx_word' id='word_1_168' title='bbox 474 2484 502 2529; x_wconf 92' lang='lat' dir='ltr'><strong>et</strong></span> <span class='ocrx_word' id='word_1_169' title='bbox 526 2479 632 2532; x_wconf 88' lang='lat' dir='ltr'><strong>Lunam</strong></span> <span class='ocrx_word' id='word_1_170' title='bbox 659 2483 802 2530; x_wconf 87' lang='lat' dir='ltr'><strong>sonantem</strong></span> <span class='ocrx_word' id='word_1_171' title='bbox 826 2474 970 2544; x_wconf 79' lang='lat' dir='ltr'><strong>intererat,</strong></span> <span class='ocrx_word' id='word_1_172' title='bbox 989 2475 1102 2528; x_wconf 87' lang='lat' dir='ltr'><strong>abusive</strong></span> <span class='ocrx_word' id='word_1_173' title='bbox 1126 2482 1219 2528; x_wconf 88' lang='lat' dir='ltr'><strong>tonum</strong></span> <span class='ocrx_word' id='word_1_174' title='bbox 1247 2475 1388 2544; x_wconf 84' lang='lat' dir='ltr'><strong>dixerunt,</strong></span> <span class='ocrx_word' id='word_1_175' title='bbox 1416 2493 1485 2544; x_wconf 88' lang='lat' dir='ltr'><strong>quae</strong></span> <span class='ocrx_word' id='word_1_176' title='bbox 1513 2494 1567 2532; x_wconf 84' lang='lat' dir='ltr'><strong>vox</strong></span> <span class='ocrx_word' id='word_1_177' title='bbox 1591 2493 1660 2531; x_wconf 89' lang='lat' dir='ltr'><strong>eom·</strong></span> 
     </span>
     <span class='ocr_line' id='line_1_17' title="bbox 308 2550 1634 2615; baseline 0.002 -10"><span class='ocrx_word' id='word_1_178' title='bbox 308 2550 377 2615; x_wconf 82' lang='lat' dir='ltr'><strong>petit</strong></span> <span class='ocrx_word' id='word_1_179' title='bbox 394 2554 536 2611; x_wconf 81' lang='lat' dir='ltr'><strong>intervallo</strong></span> <span class='ocrx_word' id='word_1_180' title='bbox 556 2565 661 2611; x_wconf 89' lang='lat' dir='ltr'><strong>tanturn</strong></span> <span class='ocrx_word' id='word_1_181' title='bbox 680 2555 774 2609; x_wconf 81' lang='lat' dir='ltr'><strong>vocali.</strong></span> <span class='ocrx_word' id='word_1_182' title='bbox 1169 2572 1172 2585; x_wconf 73' lang='lat'>¹</span> <span class='ocrx_word' id='word_1_183' title='bbox 1544 2576 1545 2580; x_wconf 41' lang='lat'>¹</span> <span class='ocrx_word' id='word_1_184' title='bbox 1633 2586 1634 2590; x_wconf 65' lang='lat'><strong>,</strong></span> 
     </span>
     <span class='ocr_line' id='line_1_18' title="bbox 395 2629 1661 2706; baseline 0.002 -19"><span class='ocrx_word' id='word_1_185' title='bbox 395 2632 599 2690; x_wconf 89' lang='lat' dir='ltr'><strong>Potesttamen</strong></span> <span class='ocrx_word' id='word_1_186' title='bbox 618 2635 686 2690; x_wconf 89' lang='lat' dir='ltr'><strong>haec</strong></span> <span class='ocrx_word' id='word_1_187' title='bbox 703 2649 764 2690; x_wconf 88' lang='lat' dir='ltr'><strong>ease</strong></span> <span class='ocrx_word' id='word_1_188' title='bbox 781 2633 864 2701; x_wconf 91' lang='lat' dir='ltr'><strong>ratio,</strong></span> <span class='ocrx_word' id='word_1_189' title='bbox 891 2648 940 2706; x_wconf 74' lang='lat' dir='ltr'><strong>apr</strong></span> <span class='ocrx_word' id='word_1_190' title='bbox 958 2629 1127 2702; x_wconf 82' lang='lat' dir='ltr'><strong>Pythagoras</strong></span> <span class='ocrx_word' id='word_1_191' title='bbox 1146 2633 1226 2687; x_wconf 87' lang='lat' dir='ltr'><strong>etiam</strong></span> <span class='ocrx_word' id='word_1_192' title='bbox 1245 2633 1346 2690; x_wconf 86' lang='lat' dir='ltr'><strong>Terrae</strong></span> <span class='ocrx_word' id='word_1_193' title='bbox 1364 2634 1515 2702; x_wconf 86' lang='lat' dir='ltr'><strong>quiescenti</strong></span> <span class='ocrx_word' id='word_1_194' title='bbox 1541 2636 1661 2705; x_wconf 82' lang='lat' dir='ltr'><strong>assigna</strong></span> 
     </span>
     <span class='ocr_line' id='line_1_19' title="bbox 307 2707 1661 2790; baseline 0.006 -27"><span class='ocrx_word' id='word_1_195' title='bbox 307 2712 376 2766; x_wconf 87' lang='lat' dir='ltr'><strong>verit</strong></span> <span class='ocrx_word' id='word_1_196' title='bbox 394 2727 473 2767; x_wconf 91' lang='lat' dir='ltr'><strong>suum</strong></span> <span class='ocrx_word' id='word_1_197' title='bbox 491 2713 670 2782; x_wconf 87' lang='lat' dir='ltr'><strong>phthongum,</strong></span> <span class='ocrx_word' id='word_1_198' title='bbox 689 2708 950 2790; x_wconf 74' lang='lat' dir='ltr'><strong>quodmotus,t&#39;1uo</strong></span> <span class='ocrx_word' id='word_1_199' title='bbox 970 2707 1035 2774; x_wconf 71' lang='lat' dir='ltr'><strong>suist</strong></span> <span class='ocrx_word' id='word_1_200' title='bbox 1052 2709 1184 2764; x_wconf 88' lang='lat' dir='ltr'><strong>tardiores</strong></span> <span class='ocrx_word' id='word_1_201' title='bbox 1203 2717 1233 2765; x_wconf 92' lang='lat' dir='ltr'><strong>ut</strong></span> <span class='ocrx_word' id='word_1_202' title='bbox 1251 2712 1336 2780; x_wconf 88' lang='lat' dir='ltr'><strong>quieti</strong></span> <span class='ocrx_word' id='word_1_203' title='bbox 1355 2712 1510 2784; x_wconf 88' lang='lat' dir='ltr'><strong>propiores,</strong></span> <span class='ocrx_word' id='word_1_204' title='bbox 1530 2714 1583 2769; x_wconf 94' lang='lat' dir='ltr'><strong>hoc</strong></span> <span class='ocrx_word' id='word_1_205' title='bbox 1602 2731 1661 2785; x_wconf 86' lang='lat' dir='ltr'><strong>gra·</strong></span> 
     </span>
     <span class='ocr_line' id='line_1_20' title="bbox 307 2775 1659 2874; baseline 0.006 -31"><span class='ocrx_word' id='word_1_206' title='bbox 307 2789 396 2857; x_wconf 78' lang='lat' dir='ltr'><strong>riores</strong></span> <span class='ocrx_word' id='word_1_207' title='bbox 413 2792 498 2846; x_wconf 93' lang='lat' dir='ltr'><strong>edunt</strong></span> <span class='ocrx_word' id='word_1_208' title='bbox 515 2794 636 2854; x_wconf 83' lang='lat' dir='ltr'><strong>sonitus.</strong></span> <span class='ocrx_word' id='word_1_209' title='bbox 656 2792 795 2860; x_wconf 78' lang='lat' dir='ltr'><strong>jamvero</strong></span> <span class='ocrx_word' id='word_1_210' title='bbox 814 2777 899 2870; x_wconf 69' lang='lat' dir='ltr'><strong>&#39;iepra</strong></span> <span class='ocrx_word' id='word_1_211' title='bbox 916 2790 992 2846; x_wconf 81' lang='lat' dir='ltr'><strong>inter</strong></span> <span class='ocrx_word' id='word_1_212' title='bbox 1008 2775 1107 2845; x_wconf 67' lang='lat' dir='ltr'><strong>¹sidera</strong></span> <span class='ocrx_word' id='word_1_213' title='bbox 1129 2798 1232 2844; x_wconf 88' lang='lat' dir='ltr'><strong>motum</strong></span> <span class='ocrx_word' id='word_1_214' title='bbox 1257 2801 1445 2859; x_wconf 86' lang='lat' dir='ltr'><strong>repraesentat</strong></span> <span class='ocrx_word' id='word_1_215' title='bbox 1467 2794 1659 2874; x_wconf 73' lang='lat' dir='ltr'><strong>tardissimum,</strong></span> 
     </span>
     <span class='ocr_line' id='line_1_21' title="bbox 308 2865 1661 2940; baseline 0.006 -19"><span class='ocrx_word' id='word_1_216' title='bbox 308 2867 413 2925; x_wconf 88' lang='lat' dir='ltr'><strong>seilicet</strong></span> <span class='ocrx_word' id='word_1_217' title='bbox 429 2870 511 2939; x_wconf 92' lang='lat' dir='ltr'><strong>plane</strong></span> <span class='ocrx_word' id='word_1_218' title='bbox 530 2872 648 2939; x_wconf 90' lang='lat' dir='ltr'><strong>nullum,</strong></span> <span class='ocrx_word' id='word_1_219' title='bbox 674 2888 738 2939; x_wconf 85' lang='lat' dir='ltr'><strong>ergo</strong></span> <span class='ocrx_word' id='word_1_220' title='bbox 757 2872 841 2925; x_wconf 88' lang='lat' dir='ltr'><strong>Terra</strong></span> <span class='ocrx_word' id='word_1_221' title='bbox 855 2865 944 2925; x_wconf 75' lang='lat' dir='ltr'><strong>sicem</strong></span> <span class='ocrx_word' id='word_1_222' title='bbox 969 2871 1039 2940; x_wconf 89' lang='lat' dir='ltr'><strong>gerit</strong></span> <span class='ocrx_word' id='word_1_223' title='bbox 1056 2868 1190 2938; x_wconf 88' lang='lat' dir='ltr'><strong>phthongi</strong></span> <span class='ocrx_word' id='word_1_224' title='bbox 1212 2871 1371 2937; x_wconf 89' lang='lat' dir='ltr'><strong>gravissimi.</strong></span> <span class='ocrx_word' id='word_1_225' title='bbox 1410 2872 1602 2929; x_wconf 87' lang='lat' dir='ltr'><strong>Consentanea</strong></span> <span class='ocrx_word' id='word_1_226' title='bbox 1619 2882 1661 2929; x_wconf 85' lang='lat' dir='ltr'><strong>est</strong></span> 
     </span>
     <span class='ocr_line' id='line_1_22' title="bbox 307 2946 1660 3022; baseline 0.004 -22"><span class='ocrx_word' id='word_1_227' title='bbox 307 2946 376 3003; x_wconf 85' lang='lat' dir='ltr'><strong>haec</strong></span> <span class='ocrx_word' id='word_1_228' title='bbox 393 2951 463 3004; x_wconf 90' lang='lat' dir='ltr'><strong>ratio</strong></span> <span class='ocrx_word' id='word_1_229' title='bbox 483 2950 563 3004; x_wconf 85' lang='lat' dir='ltr'><strong>etiam</strong></span> <span class='ocrx_word' id='word_1_230' title='bbox 582 2950 675 3015; x_wconf 94' lang='lat' dir='ltr'><strong>modo,</strong></span> <span class='ocrx_word' id='word_1_231' title='bbox 704 2967 757 3018; x_wconf 95' lang='lat' dir='ltr'><strong>quo</strong></span> <span class='ocrx_word' id='word_1_232' title='bbox 776 2950 889 3009; x_wconf 86' lang='lat' dir='ltr'><strong>inerunt</strong></span> <span class='ocrx_word' id='word_1_233' title='bbox 904 2947 1036 3017; x_wconf 88' lang='lat' dir='ltr'><strong>assignati</strong></span> <span class='ocrx_word' id='word_1_234' title='bbox 1054 2946 1172 3017; x_wconf 88' lang='lat' dir='ltr'><strong>planetis</strong></span> <span class='ocrx_word' id='word_1_235' title='bbox 1191 2948 1264 3015; x_wconf 83' lang='lat' dir='ltr'><strong>soui3</strong></span> <span class='ocrx_word' id='word_1_236' title='bbox 1292 2956 1335 3003; x_wconf 92' lang='lat' dir='ltr'><strong>est</strong></span> <span class='ocrx_word' id='word_1_237' title='bbox 1353 2957 1443 3004; x_wconf 90' lang='lat' dir='ltr'><strong>autem</strong></span> <span class='ocrx_word' id='word_1_238' title='bbox 1462 2950 1499 3020; x_wconf 93' lang='lat' dir='ltr'><strong>is,</strong></span> <span class='ocrx_word' id='word_1_239' title='bbox 1518 2952 1592 3021; x_wconf 91' lang='lat' dir='ltr'><strong>quod</strong></span> <span class='ocrx_word' id='word_1_240' title='bbox 1610 2954 1660 3022; x_wconf 62' lang='lat' dir='ltr'><strong>ny</strong></span> 
     </span>
     <span class='ocr_line' id='line_1_23' title="bbox 309 3025 1660 3098; baseline 0.004 -21"><span class='ocrx_word' id='word_1_241' title='bbox 309 3026 438 3095; x_wconf 85' lang='lat' dir='ltr'><strong>thagoras</strong></span> <span class='ocrx_word' id='word_1_242' title='bbox 456 3045 511 3082; x_wconf 92' lang='lat' dir='ltr'><strong>non</strong></span> <span class='ocrx_word' id='word_1_243' title='bbox 528 3030 651 3097; x_wconf 86' lang='lat' dir='ltr'><strong>respexit</strong></span> <span class='ocrx_word' id='word_1_244' title='bbox 664 3029 703 3098; x_wconf 20' lang='lat' dir='ltr'><strong>,ad</strong></span> <span class='ocrx_word' id='word_1_245' title='bbox 722 3036 812 3083; x_wconf 90' lang='lat' dir='ltr'><strong>motus</strong></span> <span class='ocrx_word' id='word_1_246' title='bbox 830 3027 979 3094; x_wconf 79' lang='lat' dir='ltr'><strong>secundos,</strong></span> <span class='ocrx_word' id='word_1_247' title='bbox 1006 3026 1054 3079; x_wconf 91' lang='lat' dir='ltr'><strong>sed</strong></span> <span class='ocrx_word' id='word_1_248' title='bbox 1078 3025 1112 3079; x_wconf 91' lang='lat' dir='ltr'><strong>ad</strong></span> <span class='ocrx_word' id='word_1_249' title='bbox 1130 3032 1233 3079; x_wconf 91' lang='lat' dir='ltr'><strong>motum</strong></span> <span class='ocrx_word' id='word_1_250' title='bbox 1251 3026 1390 3095; x_wconf 89' lang='lat' dir='ltr'><strong>diurnum,</strong></span> <span class='ocrx_word' id='word_1_251' title='bbox 1414 3029 1543 3083; x_wconf 92' lang='lat' dir='ltr'><strong>horarum</strong></span> <span class='ocrx_word' id='word_1_252' title='bbox 1561 3030 1609 3097; x_wconf 70' lang='lat'><strong>24,</strong></span> <span class='ocrx_word' id='word_1_253' title='bbox 1634 3032 1660 3083; x_wconf 90' lang='lat' dir='ltr'><strong>in</strong></span> 
     </span>
     <span class='ocr_line' id='line_1_24' title="bbox 308 3105 1660 3178; baseline 0.006 -22"><span class='ocrx_word' id='word_1_254' title='bbox 308 3120 362 3171; x_wconf 92' lang='lat' dir='ltr'><strong>quo</strong></span> <span class='ocrx_word' id='word_1_255' title='bbox 382 3113 412 3160; x_wconf 91' lang='lat' dir='ltr'><strong>ut</strong></span> <span class='ocrx_word' id='word_1_256' title='bbox 429 3106 570 3175; x_wconf 90' lang='lat' dir='ltr'><strong>quodlibet</strong></span> <span class='ocrx_word' id='word_1_257' title='bbox 583 3108 658 3163; x_wconf 88' lang='lat' dir='ltr'><strong>sidus</strong></span> <span class='ocrx_word' id='word_1_258' title='bbox 672 3116 714 3162; x_wconf 90' lang='lat' dir='ltr'><strong>est</strong></span> <span class='ocrx_word' id='word_1_259' title='bbox 727 3109 809 3162; x_wconf 88' lang='lat' dir='ltr'><strong>altius</strong></span> <span class='ocrx_word' id='word_1_260' title='bbox 823 3106 944 3172; x_wconf 89' lang='lat' dir='ltr'><strong>aTerra,</strong></span> <span class='ocrx_word' id='word_1_261' title='bbox 962 3107 1001 3160; x_wconf 87' lang='lat' dir='ltr'><strong>ita</strong></span> <span class='ocrx_word' id='word_1_262' title='bbox 1011 3105 1133 3160; x_wconf 88' lang='lat' dir='ltr'><strong>celeriori</strong></span> <span class='ocrx_word' id='word_1_263' title='bbox 1146 3105 1231 3159; x_wconf 87' lang='lat' dir='ltr'><strong>fertur</strong></span> <span class='ocrx_word' id='word_1_264' title='bbox 1244 3107 1353 3174; x_wconf 88' lang='lat' dir='ltr'><strong>impetu,</strong></span> <span class='ocrx_word' id='word_1_265' title='bbox 1372 3107 1477 3162; x_wconf 88' lang='lat' dir='ltr'><strong>seilicet</strong></span> <span class='ocrx_word' id='word_1_266' title='bbox 1490 3115 1521 3161; x_wconf 92' lang='lat' dir='ltr'><strong>ut</strong></span> <span class='ocrx_word' id='word_1_267' title='bbox 1533 3110 1660 3178; x_wconf 88' lang='lat' dir='ltr'><strong>majorem</strong></span> 
     </span>
     <span class='ocr_line' id='line_1_25' title="bbox 307 3184 1661 3256; baseline 0.004 -19"><span class='ocrx_word' id='word_1_268' title='bbox 307 3184 438 3240; x_wconf 90' lang='lat' dir='ltr'><strong>circulum</strong></span> <span class='ocrx_word' id='word_1_269' title='bbox 455 3188 550 3241; x_wconf 89' lang='lat' dir='ltr'><strong>eodem</strong></span> <span class='ocrx_word' id='word_1_270' title='bbox 568 3189 698 3256; x_wconf 89' lang='lat' dir='ltr'><strong>temporis</strong></span> <span class='ocrx_word' id='word_1_271' title='bbox 716 3186 804 3255; x_wconf 87' lang='lat' dir='ltr'><strong>spatio</strong></span> <span class='ocrx_word' id='word_1_272' title='bbox 823 3186 974 3252; x_wconf 89' lang='lat' dir='ltr'><strong>emetiatur,</strong></span> <span class='ocrx_word' id='word_1_273' title='bbox 994 3200 1047 3252; x_wconf 93' lang='lat' dir='ltr'><strong>quo</strong></span> <span class='ocrx_word' id='word_1_274' title='bbox 1060 3184 1186 3239; x_wconf 91' lang='lat' dir='ltr'><strong>humilior</strong></span> <span class='ocrx_word' id='word_1_275' title='bbox 1198 3187 1325 3240; x_wconf 86' lang='lat' dir='ltr'><strong>emetitur</strong></span> <span class='ocrx_word' id='word_1_276' title='bbox 1337 3188 1528 3253; x_wconf 88' lang='lat' dir='ltr'><strong>angustiorem.</strong></span> <span class='ocrx_word' id='word_1_277' title='bbox 1566 3189 1661 3256; x_wconf 88' lang='lat' dir='ltr'><strong>ltaque</strong></span> 
     </span>
     <span class='ocr_line' id='line_1_26' title="bbox 307 3261 1661 3335; baseline 0.004 -20"><span class='ocrx_word' id='word_1_278' title='bbox 307 3261 460 3319; x_wconf 86' lang='lat' dir='ltr'><strong>celeritates</strong></span> <span class='ocrx_word' id='word_1_279' title='bbox 478 3267 596 3322; x_wconf 91' lang='lat' dir='ltr'><strong>siderum</strong></span> <span class='ocrx_word' id='word_1_280' title='bbox 616 3268 641 3320; x_wconf 91' lang='lat' dir='ltr'><strong>iu</strong></span> <span class='ocrx_word' id='word_1_281' title='bbox 661 3267 713 3321; x_wconf 90' lang='lat' dir='ltr'><strong>hoc</strong></span> <span class='ocrx_word' id='word_1_282' title='bbox 731 3266 817 3334; x_wconf 90' lang='lat' dir='ltr'><strong>primo</strong></span> <span class='ocrx_word' id='word_1_283' title='bbox 836 3273 911 3319; x_wconf 89' lang='lat' dir='ltr'><strong>motu</strong></span> <span class='ocrx_word' id='word_1_284' title='bbox 931 3265 963 3332; x_wconf 89' lang='lat' dir='ltr'><strong>(si</strong></span> <span class='ocrx_word' id='word_1_285' title='bbox 981 3280 1061 3318; x_wconf 87' lang='lat' dir='ltr'><strong>verus</strong></span> <span class='ocrx_word' id='word_1_286' title='bbox 1081 3273 1108 3318; x_wconf 94' lang='lat' dir='ltr'><strong>et</strong></span> <span class='ocrx_word' id='word_1_287' title='bbox 1125 3264 1205 3318; x_wconf 87' lang='lat' dir='ltr'><strong>realis</strong></span> <span class='ocrx_word' id='word_1_288' title='bbox 1225 3268 1306 3330; x_wconf 84' lang='lat' dir='ltr'><strong>essct)</strong></span> <span class='ocrx_word' id='word_1_289' title='bbox 1325 3265 1486 3334; x_wconf 84' lang='lat' dir='ltr'><strong>contingunt</strong></span> <span class='ocrx_word' id='word_1_290' title='bbox 1509 3267 1661 3335; x_wconf 88' lang='lat' dir='ltr'><strong>proportio·</strong></span> 
     </span>
     <span class='ocr_line' id='line_1_27' title="bbox 305 3342 1699 3414; baseline 0.001 -19"><span class='ocrx_word' id='word_1_291' title='bbox 305 3343 381 3398; x_wconf 90' lang='lat' dir='ltr'><strong>nales</strong></span> <span class='ocrx_word' id='word_1_292' title='bbox 400 3346 565 3413; x_wconf 86' lang='lat' dir='ltr'><strong>intervallis,</strong></span> <span class='ocrx_word' id='word_1_293' title='bbox 592 3347 760 3414; x_wconf 89' lang='lat' dir='ltr'><strong>acciditque,</strong></span> <span class='ocrx_word' id='word_1_294' title='bbox 790 3351 820 3398; x_wconf 95' lang='lat' dir='ltr'><strong>ut</strong></span> <span class='ocrx_word' id='word_1_295' title='bbox 838 3344 949 3412; x_wconf 87' lang='lat' dir='ltr'><strong>signifer</strong></span> <span class='ocrx_word' id='word_1_296' title='bbox 980 3360 1041 3398; x_wconf 93' lang='lat' dir='ltr'><strong>cum</strong></span> <span class='ocrx_word' id='word_1_297' title='bbox 1060 3342 1147 3398; x_wconf 90' lang='lat' dir='ltr'><strong>stellis</strong></span> <span class='ocrx_word' id='word_1_298' title='bbox 1172 3342 1233 3396; x_wconf 84' lang='lat' dir='ltr'><strong>fixis</strong></span> <span class='ocrx_word' id='word_1_299' title='bbox 1262 3342 1393 3396; x_wconf 88' lang='lat' dir='ltr'><strong>altissimo</strong></span> <span class='ocrx_word' id='word_1_300' title='bbox 1418 3343 1479 3397; x_wconf 92' lang='lat' dir='ltr'><strong>loco</strong></span> <span class='ocrx_word' id='word_1_301' title='bbox 1498 3344 1662 3409; x_wconf 79' lang='lat' dir='ltr'><strong>constitutus</strong></span> <span class='ocrx_word' id='word_1_302' title='bbox 1696 3402 1699 3407; x_wconf 59' lang='grc'><strong>,</strong></span> 
     </span>
    </p>
   </div>
   <div class='ocr_carea' id='block_1_5' title="bbox 227 3422 1661 3494">
    <p class='ocr_par' dir='ltr' id='par_1_5' title="bbox 227 3422 1661 3494">
     <span class='ocr_line' id='line_1_28' title="bbox 227 3422 1661 3494; baseline -0.002 -16"><span class='ocrx_word' id='word_1_303' title='bbox 227 3423 229 3426; x_wconf 75' lang='grc'>’</span> <span class='ocrx_word' id='word_1_304' title='bbox 308 3423 532 3493; x_wconf 85' lang='lat' dir='ltr'><strong>rapidissimoque</strong></span> <span class='ocrx_word' id='word_1_305' title='bbox 555 3433 630 3480; x_wconf 89' lang='lat' dir='ltr'><strong>motu</strong></span> <span class='ocrx_word' id='word_1_306' title='bbox 648 3425 768 3494; x_wconf 89' lang='lat' dir='ltr'><strong>delatus,</strong></span> <span class='ocrx_word' id='word_1_307' title='bbox 793 3425 925 3478; x_wconf 89' lang='lat' dir='ltr'><strong>sortiatur</strong></span> <span class='ocrx_word' id='word_1_308' title='bbox 950 3441 1044 3478; x_wconf 91' lang='lat' dir='ltr'><strong>sonum</strong></span> <span class='ocrx_word' id='word_1_309' title='bbox 1070 3422 1255 3477; x_wconf 86' lang='lat' dir='ltr'><strong>acutissimum</strong></span> <span class='ocrx_word' id='word_1_310' title='bbox 1274 3427 1314 3486; x_wconf 80' lang='lat' dir='ltr'><strong>tut</strong></span> <span class='ocrx_word' id='word_1_311' title='bbox 1337 3422 1418 3475; x_wconf 91' lang='lat' dir='ltr'><strong>etiam</strong></span> <span class='ocrx_word' id='word_1_312' title='bbox 1436 3422 1594 3477; x_wconf 89' lang='lat' dir='ltr'><strong>Macrobius</strong></span> <span class='ocrx_word' id='word_1_313' title='bbox 1612 3422 1661 3491; x_wconf 93' lang='lat' dir='ltr'><strong>Py-</strong></span> 
     </span>
    </p>
   </div>
   <div class='ocr_carea' id='block_1_6' title="bbox 307 3500 1704 3807">
    <p class='ocr_par' dir='ltr' id='par_1_6' title="bbox 307 3500 1704 3807">
     <span class='ocr_line' id='line_1_29' title="bbox 307 3500 1661 3571; baseline -0.002 -14"><span class='ocrx_word' id='word_1_314' title='bbox 307 3503 484 3570; x_wconf 86' lang='lat' dir='ltr'><strong>thagoraeum</strong></span> <span class='ocrx_word' id='word_1_315' title='bbox 503 3505 575 3559; x_wconf 89' lang='lat' dir='ltr'><strong>huuc</strong></span> <span class='ocrx_word' id='word_1_316' title='bbox 592 3502 701 3559; x_wconf 84' lang='lat' dir='ltr'><strong>modum</strong></span> <span class='ocrx_word' id='word_1_317' title='bbox 719 3502 859 3571; x_wconf 78' lang='lat' dir='ltr'><strong>explicat),</strong></span> <span class='ocrx_word' id='word_1_318' title='bbox 878 3503 958 3556; x_wconf 88' lang='lat' dir='ltr'><strong>Luna</strong></span> <span class='ocrx_word' id='word_1_319' title='bbox 975 3519 1037 3556; x_wconf 82' lang='lat' dir='ltr'><strong>roro</strong></span> <span class='ocrx_word' id='word_1_320' title='bbox 1057 3502 1207 3556; x_wconf 89' lang='lat' dir='ltr'><strong>humillima</strong></span> <span class='ocrx_word' id='word_1_321' title='bbox 1225 3517 1274 3570; x_wconf 92' lang='lat' dir='ltr'><strong>per</strong></span> <span class='ocrx_word' id='word_1_322' title='bbox 1292 3500 1513 3568; x_wconf 83' lang='lat' dir='ltr'><strong>angustissimum</strong></span> <span class='ocrx_word' id='word_1_323' title='bbox 1532 3502 1661 3557; x_wconf 91' lang='lat' dir='ltr'><strong>circulum</strong></span> 
     </span>
     <span class='ocr_line' id='line_1_30' title="bbox 309 3579 1704 3653; baseline -0.001 -17"><span class='ocrx_word' id='word_1_324' title='bbox 309 3580 399 3636; x_wconf 86' lang='lat' dir='ltr'><strong>delata</strong></span> <span class='ocrx_word' id='word_1_325' title='bbox 416 3582 577 3648; x_wconf 86' lang='lat' dir='ltr'><strong>tardissime,</strong></span> <span class='ocrx_word' id='word_1_326' title='bbox 597 3583 708 3637; x_wconf 91' lang='lat' dir='ltr'><strong>definiat</strong></span> <span class='ocrx_word' id='word_1_327' title='bbox 727 3598 823 3637; x_wconf 91' lang='lat' dir='ltr'><strong>sonum</strong></span> <span class='ocrx_word' id='word_1_328' title='bbox 843 3581 963 3636; x_wconf 90' lang='lat' dir='ltr'><strong>omniurn</strong></span> <span class='ocrx_word' id='word_1_329' title='bbox 975 3581 1094 3636; x_wconf 89' lang='lat' dir='ltr'><strong>siderum</strong></span> <span class='ocrx_word' id='word_1_330' title='bbox 1106 3582 1301 3648; x_wconf 80' lang='lat' dir='ltr'><strong>gravissimum.</strong></span> <span class='ocrx_word' id='word_1_331' title='bbox 1339 3582 1377 3635; x_wconf 84' lang='lat' dir='ltr'><strong>Et</strong></span> <span class='ocrx_word' id='word_1_332' title='bbox 1389 3582 1428 3635; x_wconf 89' lang='lat' dir='ltr'><strong>sic</strong></span> <span class='ocrx_word' id='word_1_333' title='bbox 1445 3579 1556 3635; x_wconf 88' lang='lat' dir='ltr'><strong>tandem</strong></span> <span class='ocrx_word' id='word_1_334' title='bbox 1569 3582 1661 3653; x_wconf 78' lang='lat' dir='ltr'><strong>Terra,</strong></span> <span class='ocrx_word' id='word_1_335' title='bbox 1700 3613 1704 3620; x_wconf 93' lang='lat'><em>·</em></span> 
     </span>
     <span class='ocr_line' id='line_1_31' title="bbox 309 3653 1662 3728; baseline -0.001 -15"><span class='ocrx_word' id='word_1_336' title='bbox 309 3667 339 3713; x_wconf 93' lang='lat' dir='ltr'><strong>ut</strong></span> <span class='ocrx_word' id='word_1_337' title='bbox 358 3659 511 3714; x_wconf 90' lang='lat' dir='ltr'><strong>bumilitate</strong></span> <span class='ocrx_word' id='word_1_338' title='bbox 529 3668 557 3715; x_wconf 90' lang='lat' dir='ltr'><strong>et</strong></span> <span class='ocrx_word' id='word_1_339' title='bbox 575 3663 734 3716; x_wconf 89' lang='lat' dir='ltr'><strong>remissione</strong></span> <span class='ocrx_word' id='word_1_340' title='bbox 752 3667 842 3715; x_wconf 90' lang='lat' dir='ltr'><strong>motus</strong></span> <span class='ocrx_word' id='word_1_341' title='bbox 861 3653 1028 3727; x_wconf 88' lang='lat' dir='ltr'><strong>omnimoda,</strong></span> <span class='ocrx_word' id='word_1_342' title='bbox 1051 3660 1079 3713; x_wconf 90' lang='lat' dir='ltr'><strong>id</strong></span> <span class='ocrx_word' id='word_1_343' title='bbox 1099 3668 1141 3713; x_wconf 90' lang='lat' dir='ltr'><strong>est</strong></span> <span class='ocrx_word' id='word_1_344' title='bbox 1160 3660 1263 3728; x_wconf 87' lang='lat' dir='ltr'><strong>quiete,</strong></span> <span class='ocrx_word' id='word_1_345' title='bbox 1288 3660 1327 3714; x_wconf 91' lang='lat' dir='ltr'><strong>sic</strong></span> <span class='ocrx_word' id='word_1_346' title='bbox 1345 3661 1427 3715; x_wconf 87' lang='lat' dir='ltr'><strong>etiam</strong></span> <span class='ocrx_word' id='word_1_347' title='bbox 1450 3660 1586 3727; x_wconf 69' lang='lat' dir='ltr'><strong>gramme</strong></span> <span class='ocrx_word' id='word_1_348' title='bbox 1604 3657 1662 3712; x_wconf 92' lang='lat' dir='ltr'><strong>soni</strong></span> 
     </span>
     <span class='ocr_line' id='line_1_32' title="bbox 308 3737 1660 3807; baseline 0.001 -18"><span class='ocrx_word' id='word_1_349' title='bbox 308 3745 382 3791; x_wconf 90' lang='lat' dir='ltr'><strong>recte</strong></span> <span class='ocrx_word' id='word_1_350' title='bbox 400 3746 428 3793; x_wconf 92' lang='lat' dir='ltr'><strong>et</strong></span> <span class='ocrx_word' id='word_1_351' title='bbox 445 3739 540 3795; x_wconf 91' lang='lat' dir='ltr'><strong>ordine</strong></span> <span class='ocrx_word' id='word_1_352' title='bbox 558 3742 681 3796; x_wconf 83' lang='lat' dir='ltr'><strong>srrccedit</strong></span> <span class='ocrx_word' id='word_1_353' title='bbox 697 3741 801 3795; x_wconf 84' lang='lat' dir='ltr'><strong>Lunae.</strong></span> <span class='ocrx_word' id='word_1_354' title='bbox 840 3740 982 3793; x_wconf 84' lang='lat' dir='ltr'><strong>Sententia</strong></span> <span class='ocrx_word' id='word_1_355' title='bbox 1000 3738 1171 3807; x_wconf 84' lang='lat' dir='ltr'><strong>Pythagorae</strong></span> <span class='ocrx_word' id='word_1_356' title='bbox 1190 3746 1256 3806; x_wconf 84' lang='lat' dir='ltr'><strong>tota,</strong></span> <span class='ocrx_word' id='word_1_357' title='bbox 1275 3744 1306 3791; x_wconf 94' lang='lat' dir='ltr'><strong>ut</strong></span> <span class='ocrx_word' id='word_1_358' title='bbox 1324 3746 1367 3792; x_wconf 90' lang='lat' dir='ltr'><strong>est</strong></span> <span class='ocrx_word' id='word_1_359' title='bbox 1384 3737 1501 3793; x_wconf 92' lang='lat' dir='ltr'><strong>aPlinio</strong></span> <span class='ocrx_word' id='word_1_360' title='bbox 1521 3750 1660 3807; x_wconf 80' lang='lat' dir='ltr'><strong>expressa,</strong></span> 
     </span>
    </p>
   </div>
   <div class='ocr_carea' id='block_1_7' title="bbox 221 3818 845 3883">
    <p class='ocr_par' dir='ltr' id='par_1_7' title="bbox 221 3818 845 3883">
     <span class='ocr_line' id='line_1_33' title="bbox 221 3818 845 3883; baseline 0.01 -16"><span class='ocrx_word' id='word_1_361' title='bbox 221 3829 224 3833; x_wconf 90' lang='lat'>·</span> <span class='ocrx_word' id='word_1_362' title='bbox 307 3824 530 3883; x_wconf 86' lang='lat' dir='ltr'><strong>repraesentatur</strong></span> <span class='ocrx_word' id='word_1_363' title='bbox 547 3820 599 3874; x_wconf 91' lang='lat' dir='ltr'><strong>hoc</strong></span> <span class='ocrx_word' id='word_1_364' title='bbox 618 3818 757 3877; x_wconf 89' lang='lat' dir='ltr'><strong>schemate</strong></span> <span class='ocrx_word' id='word_1_365' title='bbox 776 3819 845 3873; x_wconf 84' lang='lat' dir='ltr'><strong>iere:</strong></span> 
     </span>
    </p>
   </div>
   <div class='ocr_carea' id='block_1_8' title="bbox 308 4352 1661 4535">
    <p class='ocr_par' dir='ltr' id='par_1_8' title="bbox 308 4352 1661 4535">
     <span class='ocr_line' id='line_1_34' title="bbox 394 4352 1661 4442; baseline 0.006 -17"><span class='ocrx_word' id='word_1_366' title='bbox 394 4371 464 4425; x_wconf 89' lang='lat' dir='ltr'><strong>Nam</strong></span> <span class='ocrx_word' id='word_1_367' title='bbox 482 4352 498 4427; x_wconf 82' lang='lat' dir='ltr'><strong>a</strong></span> <span class='ocrx_word' id='word_1_368' title='bbox 516 4373 601 4428; x_wconf 89' lang='lat' dir='ltr'><strong>Terra</strong></span> <span class='ocrx_word' id='word_1_369' title='bbox 622 4375 657 4430; x_wconf 91' lang='lat' dir='ltr'><strong>ad</strong></span> <span class='ocrx_word' id='word_1_370' title='bbox 674 4368 700 4437; x_wconf 60' lang='lat' dir='ltr'><strong>l)</strong></span> <span class='ocrx_word' id='word_1_371' title='bbox 719 4371 827 4430; x_wconf 87' lang='lat' dir='ltr'><strong>dicebat</strong></span> <span class='ocrx_word' id='word_1_372' title='bbox 844 4387 905 4426; x_wconf 90' lang='lat' dir='ltr'><strong>esse</strong></span> <span class='ocrx_word' id='word_1_373' title='bbox 924 4378 1032 4441; x_wconf 91' lang='lat' dir='ltr'><strong>tonum,</strong></span> <span class='ocrx_word' id='word_1_374' title='bbox 1056 4389 1073 4426; x_wconf 93' lang='lat' dir='ltr'><strong>a</strong></span> <span class='ocrx_word' id='word_1_375' title='bbox 1091 4364 1117 4433; x_wconf 60' lang='lat' dir='ltr'><strong>b</strong></span> <span class='ocrx_word' id='word_1_376' title='bbox 1135 4371 1168 4425; x_wconf 90' lang='lat' dir='ltr'><strong>ad</strong></span> <span class='ocrx_word' id='word_1_377' title='bbox 1186 4356 1212 4440; x_wconf 62' lang='lat' dir='ltr'>Q</span> <span class='ocrx_word' id='word_1_378' title='bbox 1231 4373 1312 4442; x_wconf 89' lang='lat' dir='ltr'><strong>hujus</strong></span> <span class='ocrx_word' id='word_1_379' title='bbox 1332 4372 1478 4442; x_wconf 89' lang='lat' dir='ltr'><strong>dimidium,</strong></span> <span class='ocrx_word' id='word_1_380' title='bbox 1500 4376 1565 4433; x_wconf 92' lang='lat' dir='ltr'><strong>hinc</strong></span> <span class='ocrx_word' id='word_1_381' title='bbox 1583 4376 1623 4435; x_wconf 87' lang='lat' dir='ltr'><strong>ad</strong></span> <span class='ocrx_word' id='word_1_382' title='bbox 1637 4357 1661 4440; x_wconf 66' lang='grc'><em>9</em></span> 
     </span>
     <span class='ocr_line' id='line_1_35' title="bbox 308 4453 1654 4535; baseline 0.005 -25"><span class='ocrx_word' id='word_1_383' title='bbox 308 4458 469 4514; x_wconf 89' lang='lat' dir='ltr'><strong>tantundem</strong></span> <span class='ocrx_word' id='word_1_384' title='bbox 491 4460 557 4529; x_wconf 90' lang='lat' dir='ltr'><strong>iere,</strong></span> <span class='ocrx_word' id='word_1_385' title='bbox 582 4463 647 4519; x_wconf 91' lang='lat' dir='ltr'><strong>binc</strong></span> <span class='ocrx_word' id='word_1_386' title='bbox 670 4464 705 4517; x_wconf 91' lang='lat' dir='ltr'><strong>ad</strong></span> <span class='ocrx_word' id='word_1_387' title='bbox 727 4453 764 4527; x_wconf 80' lang='grc' dir='ltr'>Θ</span> <span class='ocrx_word' id='word_1_388' title='bbox 785 4465 966 4535; x_wconf 89' lang='lat' dir='ltr'><strong>sesquiplum,</strong></span> <span class='ocrx_word' id='word_1_389' title='bbox 987 4473 1014 4520; x_wconf 88' lang='lat' dir='ltr'><strong>et</strong></span> <span class='ocrx_word' id='word_1_390' title='bbox 1032 4465 1095 4519; x_wconf 93' lang='lat' dir='ltr'><strong>hinc</strong></span> <span class='ocrx_word' id='word_1_391' title='bbox 1117 4478 1226 4518; x_wconf 89' lang='lat' dir='ltr'><strong>rursum</strong></span> <span class='ocrx_word' id='word_1_392' title='bbox 1250 4461 1346 4515; x_wconf 89' lang='lat' dir='ltr'><strong>eodem</strong></span> <span class='ocrx_word' id='word_1_393' title='bbox 1364 4461 1457 4516; x_wconf 91' lang='lat' dir='ltr'><strong>ordine</strong></span> <span class='ocrx_word' id='word_1_394' title='bbox 1475 4476 1492 4514; x_wconf 89' lang='lat' dir='ltr'><strong>a</strong></span> <span class='ocrx_word' id='word_1_395' title='bbox 1510 4453 1547 4528; x_wconf 83' lang='grc' dir='ltr'>Θ</span> <span class='ocrx_word' id='word_1_396' title='bbox 1567 4466 1604 4521; x_wconf 93' lang='lat' dir='ltr'><strong>ad</strong></span> <span class='ocrx_word' id='word_1_397' title='bbox 1629 4456 1654 4517; x_wconf 76' lang='grc' dir='ltr'>ό</span> 
     </span>
    </p>
   </div>
   <div class='ocr_carea' id='block_1_9' title="bbox 307 4535 1664 5732">
    <p class='ocr_par' dir='ltr' id='par_1_9' title="bbox 308 4535 1663 4779">
     <span class='ocr_line' id='line_1_36' title="bbox 308 4535 1663 4621; baseline 0.006 -19"><span class='ocrx_word' id='word_1_398' title='bbox 308 4555 414 4614; x_wconf 88' lang='lat' dir='ltr'><strong>tonum,</strong></span> <span class='ocrx_word' id='word_1_399' title='bbox 434 4563 451 4601; x_wconf 90' lang='lat' dir='ltr'><strong>a</strong></span> <span class='ocrx_word' id='word_1_400' title='bbox 477 4542 502 4602; x_wconf 86' lang='lat'><strong>0‘</strong></span> <span class='ocrx_word' id='word_1_401' title='bbox 530 4550 564 4603; x_wconf 90' lang='lat' dir='ltr'><strong>ad</strong></span> <span class='ocrx_word' id='word_1_402' title='bbox 587 4535 622 4619; x_wconf 94' lang='lat' dir='ltr'>Q</span> <span class='ocrx_word' id='word_1_403' title='bbox 643 4551 725 4619; x_wconf 87' lang='lat' dir='ltr'><strong>hujus</strong></span> <span class='ocrx_word' id='word_1_404' title='bbox 745 4552 896 4621; x_wconf 90' lang='lat' dir='ltr'><strong>dimidium;</strong></span> <span class='ocrx_word' id='word_1_405' title='bbox 915 4552 979 4605; x_wconf 91' lang='lat' dir='ltr'><strong>hinc</strong></span> <span class='ocrx_word' id='word_1_406' title='bbox 996 4536 1073 4618; x_wconf 69' lang='lat' dir='ltr'><strong>adit</strong></span> <span class='ocrx_word' id='word_1_407' title='bbox 1102 4551 1262 4606; x_wconf 90' lang='lat' dir='ltr'><strong>tantundem</strong></span> <span class='ocrx_word' id='word_1_408' title='bbox 1280 4552 1346 4620; x_wconf 86' lang='lat' dir='ltr'><strong>iere,</strong></span> <span class='ocrx_word' id='word_1_409' title='bbox 1368 4553 1431 4606; x_wconf 89' lang='lat' dir='ltr'><strong>hinc</strong></span> <span class='ocrx_word' id='word_1_410' title='bbox 1451 4551 1485 4606; x_wconf 93' lang='lat' dir='ltr'><strong>ad</strong></span> <span class='ocrx_word' id='word_1_411' title='bbox 1506 4553 1663 4621; x_wconf 78' lang='lat' dir='ltr'><strong>signiferum</strong></span> 
     </span>
     <span class='ocr_line' id='line_1_37' title="bbox 309 4628 1662 4701; baseline 0.004 -19"><span class='ocrx_word' id='word_1_412' title='bbox 309 4628 528 4697; x_wconf 86' lang='lat' dir='ltr'><strong>sesquiduplum,</strong></span> <span class='ocrx_word' id='word_1_413' title='bbox 548 4636 578 4683; x_wconf 92' lang='lat' dir='ltr'><strong>ut</strong></span> <span class='ocrx_word' id='word_1_414' title='bbox 596 4630 635 4683; x_wconf 88' lang='lat' dir='ltr'><strong>ita</strong></span> <span class='ocrx_word' id='word_1_415' title='bbox 654 4628 700 4682; x_wconf 89' lang='lat' dir='ltr'><strong>Sol</strong></span> <span class='ocrx_word' id='word_1_416' title='bbox 719 4637 893 4684; x_wconf 90' lang='lat' dir='ltr'><strong>connecteret</strong></span> <span class='ocrx_word' id='word_1_417' title='bbox 911 4631 965 4684; x_wconf 93' lang='lat' dir='ltr'><strong>duo</strong></span> <span class='ocrx_word' id='word_1_418' title='bbox 984 4630 1117 4698; x_wconf 87' lang='lat' dir='ltr'><strong>diapente.</strong></span> <span class='ocrx_word' id='word_1_419' title='bbox 1131 4640 1291 4701; x_wconf 83' lang='lat' dir='ltr'><strong>systemata,</strong></span> <span class='ocrx_word' id='word_1_420' title='bbox 1317 4632 1438 4687; x_wconf 89' lang='lat' dir='ltr'><strong>medians</strong></span> <span class='ocrx_word' id='word_1_421' title='bbox 1456 4633 1662 4701; x_wconf 91' lang='lat' dir='ltr'><strong>proportionem</strong></span> 
     </span>
     <span class='ocr_line' id='line_1_38' title="bbox 308 4707 1397 4779; baseline 0.002 -16"><span class='ocrx_word' id='word_1_422' title='bbox 308 4710 378 4764; x_wconf 89' lang='lat' dir='ltr'><strong>inter</strong></span> <span class='ocrx_word' id='word_1_423' title='bbox 396 4708 508 4761; x_wconf 90' lang='lat' dir='ltr'><strong>Terram</strong></span> <span class='ocrx_word' id='word_1_424' title='bbox 526 4716 554 4761; x_wconf 88' lang='lat' dir='ltr'><strong>et</strong></span> <span class='ocrx_word' id='word_1_425' title='bbox 572 4707 740 4775; x_wconf 87' lang='lat' dir='ltr'><strong>signiferum.</strong></span> <span class='ocrx_word' id='word_1_426' title='bbox 777 4709 934 4764; x_wconf 84' lang='lat' dir='ltr'><strong>Macrobius</strong></span> <span class='ocrx_word' id='word_1_427' title='bbox 953 4711 1073 4778; x_wconf 83' lang='lat' dir='ltr'><strong>explicet</strong></span> <span class='ocrx_word' id='word_1_428' title='bbox 1091 4713 1173 4779; x_wconf 92' lang='lat' dir='ltr'><strong>paulo</strong></span> <span class='ocrx_word' id='word_1_429' title='bbox 1193 4712 1397 4766; x_wconf 89' lang='lat' dir='ltr'><strong>incommodius.</strong></span> 
     </span>
    </p>

    <p class='ocr_par' dir='ltr' id='par_1_10' title="bbox 307 4786 1664 5732">
     <span class='ocr_line' id='line_1_39' title="bbox 378 4786 1663 4859; baseline 0.003 -16"><span class='ocrx_word' id='word_1_430' title='bbox 378 4788 422 4843; x_wconf 82' lang='lat' dir='ltr'><strong>Ex</strong></span> <span class='ocrx_word' id='word_1_431' title='bbox 440 4788 482 4841; x_wconf 89' lang='lat' dir='ltr'><strong>his</strong></span> <span class='ocrx_word' id='word_1_432' title='bbox 502 4787 560 4854; x_wconf 78' lang='lat' dir='ltr'><strong>Jam</strong></span> <span class='ocrx_word' id='word_1_433' title='bbox 577 4787 657 4840; x_wconf 88' lang='lat' dir='ltr'><strong>iacile</strong></span> <span class='ocrx_word' id='word_1_434' title='bbox 681 4786 898 4855; x_wconf 89' lang='lat' dir='ltr'><strong>demonstratur,</strong></span> <span class='ocrx_word' id='word_1_435' title='bbox 924 4805 994 4857; x_wconf 90' lang='lat' dir='ltr'><strong>quae</strong></span> <span class='ocrx_word' id='word_1_436' title='bbox 1018 4791 1054 4844; x_wconf 93' lang='lat' dir='ltr'><strong>sit</strong></span> <span class='ocrx_word' id='word_1_437' title='bbox 1072 4790 1214 4844; x_wconf 77' lang='lat' dir='ltr'><strong>diversitas</strong></span> <span class='ocrx_word' id='word_1_438' title='bbox 1233 4791 1304 4844; x_wconf 83' lang='lat' dir='ltr'><strong>inter</strong></span> <span class='ocrx_word' id='word_1_439' title='bbox 1320 4789 1504 4859; x_wconf 87' lang='lat' dir='ltr'><strong>Pythagoram</strong></span> <span class='ocrx_word' id='word_1_440' title='bbox 1528 4797 1556 4843; x_wconf 93' lang='lat' dir='ltr'><strong>et</strong></span> <span class='ocrx_word' id='word_1_441' title='bbox 1574 4790 1663 4848; x_wconf 89' lang='lat' dir='ltr'><strong>Ptole·</strong></span> 
     </span>
     <span class='ocr_line' id='line_1_40' title="bbox 308 4865 1664 4938; baseline 0.002 -13"><span class='ocrx_word' id='word_1_442' title='bbox 308 4885 422 4924; x_wconf 86' lang='lat' dir='ltr'><strong>maeutn.</strong></span> <span class='ocrx_word' id='word_1_443' title='bbox 460 4865 599 4935; x_wconf 79' lang='lat' dir='ltr'><strong>Quaedam</strong></span> <span class='ocrx_word' id='word_1_444' title='bbox 618 4867 688 4920; x_wconf 91' lang='lat' dir='ltr'><strong>enim</strong></span> <span class='ocrx_word' id='word_1_445' title='bbox 708 4870 886 4921; x_wconf 90' lang='lat' dir='ltr'><strong>communiter</strong></span> <span class='ocrx_word' id='word_1_446' title='bbox 904 4874 1005 4932; x_wconf 86' lang='lat' dir='ltr'><strong>errant,</strong></span> <span class='ocrx_word' id='word_1_447' title='bbox 1023 4869 1050 4921; x_wconf 93' lang='lat' dir='ltr'><strong>in</strong></span> <span class='ocrx_word' id='word_1_448' title='bbox 1070 4868 1207 4923; x_wconf 91' lang='lat' dir='ltr'><strong>nonnullis</strong></span> <span class='ocrx_word' id='word_1_449' title='bbox 1220 4869 1389 4938; x_wconf 84' lang='lat' dir='ltr'><strong>Pythagoras</strong></span> <span class='ocrx_word' id='word_1_450' title='bbox 1408 4876 1538 4937; x_wconf 88' lang='lat' dir='ltr'><strong>praestat,</strong></span> <span class='ocrx_word' id='word_1_451' title='bbox 1557 4870 1586 4926; x_wconf 91' lang='lat' dir='ltr'><strong>in</strong></span> <span class='ocrx_word' id='word_1_452' title='bbox 1604 4872 1664 4928; x_wconf 83' lang='lat' dir='ltr'><strong>aliie</strong></span> 
     </span>
     <span class='ocr_line' id='line_1_41' title="bbox 308 4947 1664 5019; baseline 0 -13"><span class='ocrx_word' id='word_1_453' title='bbox 308 4949 491 5006; x_wconf 84' lang='lat' dir='ltr'><strong>Ptolemaeus.</strong></span> <span class='ocrx_word' id='word_1_454' title='bbox 528 4947 646 5000; x_wconf 91' lang='lat' dir='ltr'><strong>Primum</strong></span> <span class='ocrx_word' id='word_1_455' title='bbox 673 4947 799 5016; x_wconf 90' lang='lat' dir='ltr'><strong>utrinque</strong></span> <span class='ocrx_word' id='word_1_456' title='bbox 822 4948 969 5002; x_wconf 88' lang='lat' dir='ltr'><strong>assumitur</strong></span> <span class='ocrx_word' id='word_1_457' title='bbox 993 4949 1060 5002; x_wconf 90' lang='lat' dir='ltr'><strong>ordo</strong></span> <span class='ocrx_word' id='word_1_458' title='bbox 1085 4949 1255 5017; x_wconf 79' lang='lat' dir='ltr'><strong>planet-arum</strong></span> <span class='ocrx_word' id='word_1_459' title='bbox 1280 4948 1308 5001; x_wconf 91' lang='lat' dir='ltr'><strong>in</strong></span> <span class='ocrx_word' id='word_1_460' title='bbox 1326 4947 1427 5002; x_wconf 91' lang='lat' dir='ltr'><strong>mundo</strong></span> <span class='ocrx_word' id='word_1_461' title='bbox 1447 4948 1533 5016; x_wconf 88' lang='lat' dir='ltr'><strong>idem,</strong></span> <span class='ocrx_word' id='word_1_462' title='bbox 1557 4951 1605 5019; x_wconf 93' lang='lat' dir='ltr'><strong>qni</strong></span> <span class='ocrx_word' id='word_1_463' title='bbox 1622 4956 1664 5006; x_wconf 84' lang='lat' dir='ltr'><strong>eat</strong></span> 
     </span>
     <span class='ocr_line' id='line_1_42' title="bbox 308 5026 1664 5097; baseline -0.001 -13"><span class='ocrx_word' id='word_1_464' title='bbox 308 5032 335 5084; x_wconf 90' lang='lat' dir='ltr'><strong>in</strong></span> <span class='ocrx_word' id='word_1_465' title='bbox 355 5028 520 5082; x_wconf 89' lang='lat' dir='ltr'><strong>astronomia</strong></span> <span class='ocrx_word' id='word_1_466' title='bbox 539 5026 704 5094; x_wconf 87' lang='lat' dir='ltr'><strong>Ptolemaei;</strong></span> <span class='ocrx_word' id='word_1_467' title='bbox 729 5034 812 5094; x_wconf 92' lang='lat' dir='ltr'><strong>atque</strong></span> <span class='ocrx_word' id='word_1_468' title='bbox 831 5028 882 5082; x_wconf 90' lang='lat' dir='ltr'><strong>hoc</strong></span> <span class='ocrx_word' id='word_1_469' title='bbox 902 5035 945 5082; x_wconf 86' lang='lat' dir='ltr'><strong>est</strong></span> <span class='ocrx_word' id='word_1_470' title='bbox 962 5049 991 5079; x_wconf 75' lang='lat' dir='ltr'><strong>ro</strong></span> <span class='ocrx_word' id='word_1_471' title='bbox 1011 5028 1062 5095; x_wconf 76' lang='grc' dir='ltr'>ὁτι,</span> <span class='ocrx_word' id='word_1_472' title='bbox 1082 5028 1161 5094; x_wconf 82' lang='lat' dir='ltr'><strong>cujus</strong></span> <span class='ocrx_word' id='word_1_473' title='bbox 1180 5043 1278 5082; x_wconf 88' lang='lat' dir='ltr'><strong>causae</strong></span> <span class='ocrx_word' id='word_1_474' title='bbox 1297 5034 1473 5097; x_wconf 89' lang='lat' dir='ltr'><strong>quaeruntur,</strong></span> <span class='ocrx_word' id='word_1_475' title='bbox 1498 5034 1526 5081; x_wconf 90' lang='lat' dir='ltr'><strong>ct</strong></span> <span class='ocrx_word' id='word_1_476' title='bbox 1543 5050 1574 5083; x_wconf 80' lang='lat' dir='ltr'><strong>to</strong></span> <span class='ocrx_word' id='word_1_477' title='bbox 1592 5036 1664 5085; x_wconf 74' lang='lat' dir='ltr'><strong>deora</strong></span> 
     </span>
     <span class='ocr_line' id='line_1_43' title="bbox 308 5104 1663 5178; baseline 0.002 -15"><span class='ocrx_word' id='word_1_478' title='bbox 308 5108 393 5178; x_wconf 82' lang='lat' dir='ltr'><strong>Atqui</strong></span> <span class='ocrx_word' id='word_1_479' title='bbox 417 5107 485 5160; x_wconf 87' lang='lat' dir='ltr'><strong>haec</strong></span> <span class='ocrx_word' id='word_1_480' title='bbox 509 5106 543 5160; x_wconf 93' lang='lat' dir='ltr'><strong>de</strong></span> <span class='ocrx_word' id='word_1_481' title='bbox 566 5104 729 5160; x_wconf 83' lang='lat' dir='ltr'><strong>coelestibus</strong></span> <span class='ocrx_word' id='word_1_482' title='bbox 748 5107 840 5174; x_wconf 91' lang='lat' dir='ltr'><strong>opinio</strong></span> <span class='ocrx_word' id='word_1_483' title='bbox 867 5120 981 5159; x_wconf 87' lang='lat' dir='ltr'><strong>erronea</strong></span> <span class='ocrx_word' id='word_1_484' title='bbox 1000 5104 1065 5171; x_wconf 85' lang='lat' dir='ltr'><strong>luit,</strong></span> <span class='ocrx_word' id='word_1_485' title='bbox 1094 5105 1164 5173; x_wconf 90' lang='lat' dir='ltr'><strong>quod</strong></span> <span class='ocrx_word' id='word_1_486' title='bbox 1184 5105 1264 5159; x_wconf 80' lang='lat' dir='ltr'><strong>facile</strong></span> <span class='ocrx_word' id='word_1_487' title='bbox 1288 5106 1329 5159; x_wconf 90' lang='lat' dir='ltr'><strong>vel</strong></span> <span class='ocrx_word' id='word_1_488' title='bbox 1348 5121 1383 5161; x_wconf 87' lang='lat' dir='ltr'><strong>ex</strong></span> <span class='ocrx_word' id='word_1_489' title='bbox 1400 5107 1460 5177; x_wconf 91' lang='lat' dir='ltr'><strong>ipsa</strong></span> <span class='ocrx_word' id='word_1_490' title='bbox 1484 5106 1663 5167; x_wconf 82' lang='lat' dir='ltr'><strong>fluctuatione</strong></span> 
     </span>
     <span class='ocr_line' id='line_1_44' title="bbox 307 5177 1662 5256; baseline 0.004 -16"><span class='ocrx_word' id='word_1_491' title='bbox 307 5186 464 5256; x_wconf 92' lang='lat' dir='ltr'><strong>opinionum</strong></span> <span class='ocrx_word' id='word_1_492' title='bbox 480 5177 603 5254; x_wconf 77' lang='lat' dir='ltr'><strong>app&#39;aret.</strong></span> <span class='ocrx_word' id='word_1_493' title='bbox 639 5186 709 5239; x_wconf 89' lang='lat' dir='ltr'><strong>Nam</strong></span> <span class='ocrx_word' id='word_1_494' title='bbox 728 5187 801 5254; x_wconf 90' lang='lat' dir='ltr'><strong>apud</strong></span> <span class='ocrx_word' id='word_1_495' title='bbox 815 5185 982 5239; x_wconf 89' lang='lat' dir='ltr'><strong>Macrobium</strong></span> <span class='ocrx_word' id='word_1_496' title='bbox 997 5183 1087 5237; x_wconf 83' lang='lat' dir='ltr'><strong>ridere</strong></span> <span class='ocrx_word' id='word_1_497' title='bbox 1102 5192 1144 5238; x_wconf 90' lang='lat' dir='ltr'><strong>est</strong></span> <span class='ocrx_word' id='word_1_498' title='bbox 1156 5186 1303 5240; x_wconf 91' lang='lat' dir='ltr'><strong>eorundem</strong></span> <span class='ocrx_word' id='word_1_499' title='bbox 1313 5186 1564 5255; x_wconf 87' lang='lat' dir='ltr'><strong>Pythagoraeorum</strong></span> <span class='ocrx_word' id='word_1_500' title='bbox 1578 5191 1662 5245; x_wconf 85' lang='lat' dir='ltr'><strong>direr-</strong></span> 
     </span>
     <span class='ocr_line' id='line_1_45' title="bbox 309 5264 1661 5337; baseline 0.002 -18"><span class='ocrx_word' id='word_1_501' title='bbox 309 5266 429 5321; x_wconf 89' lang='lat' dir='ltr'><strong>sissimas</strong></span> <span class='ocrx_word' id='word_1_502' title='bbox 447 5264 589 5334; x_wconf 88' lang='lat' dir='ltr'><strong>opiniones</strong></span> <span class='ocrx_word' id='word_1_503' title='bbox 607 5280 689 5333; x_wconf 90' lang='lat' dir='ltr'><strong>super</strong></span> <span class='ocrx_word' id='word_1_504' title='bbox 707 5264 801 5319; x_wconf 91' lang='lat' dir='ltr'><strong>ordine</strong></span> <span class='ocrx_word' id='word_1_505' title='bbox 820 5264 1006 5335; x_wconf 87' lang='lat' dir='ltr'><strong>sphaerarum.</strong></span> <span class='ocrx_word' id='word_1_506' title='bbox 1044 5264 1131 5317; x_wconf 82' lang='lat' dir='ltr'><strong>Erant</strong></span> <span class='ocrx_word' id='word_1_507' title='bbox 1152 5266 1222 5317; x_wconf 92' lang='lat' dir='ltr'><strong>enim</strong></span> <span class='ocrx_word' id='word_1_508' title='bbox 1241 5266 1286 5333; x_wconf 90' lang='lat' dir='ltr'><strong>qui</strong></span> <span class='ocrx_word' id='word_1_509' title='bbox 1305 5267 1344 5319; x_wconf 92' lang='lat' dir='ltr'><strong>sic</strong></span> <span class='ocrx_word' id='word_1_510' title='bbox 1362 5275 1549 5321; x_wconf 88' lang='lat' dir='ltr'><strong>numerarent:</strong></span> <span class='ocrx_word' id='word_1_511' title='bbox 1575 5268 1661 5337; x_wconf 84' lang='lat' dir='ltr'><strong>Luna,</strong></span> 
     </span>
     <span class='ocr_line' id='line_1_46' title="bbox 310 5343 1662 5415; baseline 0.001 -16"><span class='ocrx_word' id='word_1_512' title='bbox 310 5346 369 5415; x_wconf 90' lang='lat' dir='ltr'><strong>Sol,</strong></span> <span class='ocrx_word' id='word_1_513' title='bbox 389 5343 554 5411; x_wconf 84' lang='lat' dir='ltr'><strong>Mercurius,</strong></span> <span class='ocrx_word' id='word_1_514' title='bbox 575 5344 678 5409; x_wconf 88' lang='lat' dir='ltr'><strong>Venus,</strong></span> <span class='ocrx_word' id='word_1_515' title='bbox 698 5344 772 5397; x_wconf 87' lang='lat' dir='ltr'><strong>Mars</strong></span> <span class='ocrx_word' id='word_1_516' title='bbox 792 5354 857 5412; x_wconf 84' lang='lat' dir='ltr'><strong>etc,</strong></span> <span class='ocrx_word' id='word_1_517' title='bbox 877 5349 956 5399; x_wconf 88' lang='lat' dir='ltr'><strong>erant</strong></span> <span class='ocrx_word' id='word_1_518' title='bbox 974 5350 1001 5396; x_wconf 92' lang='lat' dir='ltr'><strong>et</strong></span> <span class='ocrx_word' id='word_1_519' title='bbox 1014 5344 1059 5412; x_wconf 91' lang='lat' dir='ltr'><strong>qui</strong></span> <span class='ocrx_word' id='word_1_520' title='bbox 1072 5344 1165 5412; x_wconf 87' lang='lat' dir='ltr'><strong>aliter,</strong></span> <span class='ocrx_word' id='word_1_521' title='bbox 1183 5345 1275 5412; x_wconf 85' lang='lat' dir='ltr'><strong>Luna,</strong></span> <span class='ocrx_word' id='word_1_522' title='bbox 1296 5344 1355 5411; x_wconf 82' lang='lat' dir='ltr'><strong>Sol,</strong></span> <span class='ocrx_word' id='word_1_523' title='bbox 1374 5346 1480 5412; x_wconf 86' lang='lat' dir='ltr'><strong>Venus,</strong></span> <span class='ocrx_word' id='word_1_524' title='bbox 1500 5346 1662 5415; x_wconf 88' lang='lat' dir='ltr'><strong>Mercurius,</strong></span> 
     </span>
     <span class='ocr_line' id='line_1_47' title="bbox 308 5423 1662 5493; baseline -0.001 -13"><span class='ocrx_word' id='word_1_525' title='bbox 308 5426 383 5481; x_wconf 80' lang='lat' dir='ltr'><strong>biars</strong></span> <span class='ocrx_word' id='word_1_526' title='bbox 401 5429 452 5478; x_wconf 88' lang='lat' dir='ltr'><strong>etc.</strong></span> <span class='ocrx_word' id='word_1_527' title='bbox 489 5423 579 5490; x_wconf 78' lang='lat' dir='ltr'><strong>Quare</strong></span> <span class='ocrx_word' id='word_1_528' title='bbox 603 5424 683 5477; x_wconf 84' lang='lat' dir='ltr'><strong>etiam</strong></span> <span class='ocrx_word' id='word_1_529' title='bbox 703 5423 885 5478; x_wconf 79' lang='lat' dir='ltr'><strong>diversissima</strong></span> <span class='ocrx_word' id='word_1_530' title='bbox 903 5423 1045 5477; x_wconf 91' lang='lat' dir='ltr'><strong>commenti</strong></span> <span class='ocrx_word' id='word_1_531' title='bbox 1065 5431 1129 5478; x_wconf 91' lang='lat' dir='ltr'><strong>sunt</strong></span> <span class='ocrx_word' id='word_1_532' title='bbox 1147 5423 1303 5478; x_wconf 88' lang='lat' dir='ltr'><strong>coelestium</strong></span> <span class='ocrx_word' id='word_1_533' title='bbox 1323 5432 1471 5493; x_wconf 86' lang='lat' dir='ltr'><strong>systemata</strong></span> <span class='ocrx_word' id='word_1_534' title='bbox 1489 5425 1608 5492; x_wconf 89' lang='lat' dir='ltr'><strong>musica,</strong></span> <span class='ocrx_word' id='word_1_535' title='bbox 1635 5432 1662 5492; x_wconf 82' lang='lat' dir='ltr'><strong>et</strong></span> 
     </span>
     <span class='ocr_line' id='line_1_48' title="bbox 310 5502 1661 5571; baseline 0.001 -12"><span class='ocrx_word' id='word_1_536' title='bbox 310 5505 361 5559; x_wconf 89' lang='lat' dir='ltr'><strong>nisi</strong></span> <span class='ocrx_word' id='word_1_537' title='bbox 379 5519 422 5558; x_wconf 88' lang='lat' dir='ltr'><strong>me</strong></span> <span class='ocrx_word' id='word_1_538' title='bbox 440 5503 597 5570; x_wconf 86' lang='lat' dir='ltr'><strong>conjectura</strong></span> <span class='ocrx_word' id='word_1_539' title='bbox 614 5504 693 5569; x_wconf 82' lang='lat' dir='ltr'><strong>fallit,</strong></span> <span class='ocrx_word' id='word_1_540' title='bbox 714 5503 890 5558; x_wconf 83' lang='lat' dir='ltr'><strong>Archimedes</strong></span> <span class='ocrx_word' id='word_1_541' title='bbox 908 5502 954 5556; x_wconf 87' lang='lat' dir='ltr'><strong>ille</strong></span> <span class='ocrx_word' id='word_1_542' title='bbox 973 5502 1084 5556; x_wconf 91' lang='lat' dir='ltr'><strong>tradidit</strong></span> <span class='ocrx_word' id='word_1_543' title='bbox 1102 5511 1221 5571; x_wconf 86' lang='lat' dir='ltr'><strong>systema</strong></span> <span class='ocrx_word' id='word_1_544' title='bbox 1240 5502 1400 5570; x_wconf 90' lang='lat' dir='ltr'><strong>Plinianum,</strong></span> <span class='ocrx_word' id='word_1_545' title='bbox 1419 5503 1498 5557; x_wconf 86' lang='lat' dir='ltr'><strong>hice</strong></span> <span class='ocrx_word' id='word_1_546' title='bbox 1517 5506 1596 5560; x_wconf 91' lang='lat' dir='ltr'><strong>nobis</strong></span> <span class='ocrx_word' id='word_1_547' title='bbox 1615 5512 1661 5559; x_wconf 86' lang='lat' dir='ltr'><strong>ex·</strong></span> 
     </span>
     <span class='ocr_line' id='line_1_49' title="bbox 310 5577 1661 5652; baseline 0.003 -18"><span class='ocrx_word' id='word_1_548' title='bbox 310 5582 452 5651; x_wconf 73' lang='lat' dir='ltr'><strong>plicatume</strong></span> <span class='ocrx_word' id='word_1_549' title='bbox 477 5583 634 5648; x_wconf 82' lang='lat' dir='ltr'><strong>observasse</strong></span> <span class='ocrx_word' id='word_1_550' title='bbox 653 5584 723 5636; x_wconf 92' lang='lat' dir='ltr'><strong>enim</strong></span> <span class='ocrx_word' id='word_1_551' title='bbox 741 5584 841 5652; x_wconf 87' lang='lat' dir='ltr'><strong>legitur</strong></span> <span class='ocrx_word' id='word_1_552' title='bbox 860 5583 980 5637; x_wconf 90' lang='lat' dir='ltr'><strong>ordinem</strong></span> <span class='ocrx_word' id='word_1_553' title='bbox 1002 5584 1172 5651; x_wconf 89' lang='lat' dir='ltr'><strong>planetarum</strong></span> <span class='ocrx_word' id='word_1_554' title='bbox 1192 5580 1320 5648; x_wconf 88' lang='lat' dir='ltr'><strong>eundem,</strong></span> <span class='ocrx_word' id='word_1_555' title='bbox 1345 5581 1393 5647; x_wconf 91' lang='lat' dir='ltr'><strong>qui</strong></span> <span class='ocrx_word' id='word_1_556' title='bbox 1412 5589 1454 5634; x_wconf 90' lang='lat' dir='ltr'><strong>est</strong></span> <span class='ocrx_word' id='word_1_557' title='bbox 1478 5583 1552 5651; x_wconf 87' lang='lat' dir='ltr'><strong>apud</strong></span> <span class='ocrx_word' id='word_1_558' title='bbox 1570 5577 1661 5638; x_wconf 86' lang='lat' dir='ltr'><strong>Ptole·</strong></span> 
     </span>
     <span class='ocr_line' id='line_1_50' title="bbox 310 5656 1662 5732; baseline 0.003 -18"><span class='ocrx_word' id='word_1_559' title='bbox 310 5676 426 5716; x_wconf 78' lang='lat' dir='ltr'><strong>meeum.</strong></span> <span class='ocrx_word' id='word_1_560' title='bbox 462 5662 522 5716; x_wconf 87' lang='lat' dir='ltr'><strong>Nisi</strong></span> <span class='ocrx_word' id='word_1_561' title='bbox 543 5662 613 5718; x_wconf 85' lang='lat' dir='ltr'><strong>iorte</strong></span> <span class='ocrx_word' id='word_1_562' title='bbox 635 5662 708 5716; x_wconf 88' lang='lat' dir='ltr'><strong>iilius</strong></span> <span class='ocrx_word' id='word_1_563' title='bbox 733 5663 853 5718; x_wconf 87' lang='lat' dir='ltr'><strong>auctoris</strong></span> <span class='ocrx_word' id='word_1_564' title='bbox 874 5672 918 5718; x_wconf 88' lang='lat' dir='ltr'><strong>est</strong></span> <span class='ocrx_word' id='word_1_565' title='bbox 941 5662 1114 5718; x_wconf 84' lang='lat' dir='ltr'><strong>intervallum</strong></span> <span class='ocrx_word' id='word_1_566' title='bbox 1138 5660 1385 5730; x_wconf 80' lang='lat' dir='ltr'><strong>tetralslsdiapaaon</strong></span> <span class='ocrx_word' id='word_1_567' title='bbox 1411 5656 1600 5732; x_wconf 82' lang='lat' dir='ltr'><strong>epidiapente,</strong></span> <span class='ocrx_word' id='word_1_568' title='bbox 1625 5660 1662 5718; x_wconf 85' lang='lat' dir='ltr'><strong>ad</strong></span> 
     </span>
    </p>
   </div>
   <div class='ocr_carea' id='block_1_10' title="bbox 0 0 1849 7252">
    <p class='ocr_par' dir='ltr' id='par_1_11' title="bbox 0 0 1849 7252">
     <span class='ocr_line' id='line_1_51' title="bbox 0 0 1849 7252; baseline 0 0"><span class='ocrx_word' id='word_1_569' title='bbox 0 0 1849 7252; x_wconf 95' lang='lat' dir='ltr'><strong> </strong></span> 
     </span>
    </p>
   </div>
  </div>
 </body>
</html>
