3684 7259
201 1207 204 1215 '
273 1256 275 1267 .
313 1210 378 1268 278
698 1204 740 1259 De
759 1202 880 1259 Motibus
898 1202 1072 1257 Planetarum
1091 1202 1270 1282 Harmonieis.

311 1383 365 1443 orie
388 1384 573 1442 eccentricoe‘
586 1381 701 1441 orbitae
723 1384 818 1439 unius
839 1381 971 1441 babeant
993 1384 1073 1439 inter
1094 1398 1123 1439 se
1135 1384 1366 1456 proportionem
1379 1377 1515 1440 eausam
1531 1395 1667 1455 propor-

219 1493 221 1497 ’
316 1473 406 1530 tionia
428 1467 657 1527 intentationem
680 1469 816 1528 duorum
838 1489 857 1526 o
882 1469 959 1528 Sale.
1006 1467 1099 1526 Simul
1122 1477 1220 1528 autern
1251 1468 1480 1528 demonstratum
1502 1477 1546 1527 est
1569 1486 1587 1526 a
1610 1484 1666 1538 me,

311 1558 442 1619 orbitam
462 1557 607 1629 planetae
624 1573 687 1615 esse
709 1549 890 1632 eliiptioa'm,¹
905 1564 934 1613 et
957 1557 1075 1629 Solem,
1098 1557 1214 1632 sontem
1236 1564 1343 1629 motus,
1366 1573 1424 1614 esee
1446 1558 1481 1613 in
1503 1557 1597 1615 attero
1618 1556 1669 1631 fo·

311 1662 416 1705 eorum
439 1645 531 1716 tirtjua
554 1637 673 1718 ellip'tis,
696 1648 799 1718 itaque
820 1643 899 1718 fieri,
922 1652 958 1701 ut
976 1644 1119 1718 planeta,
1152 1645 1288 1703 absoluto
1311 1647 1401 1704 totius
1423 1646 1566 1700 circuitus
1589 1662 1668 1718 qua-

311 1734 420 1791 drante
448 1748 468 1787 a
491 1747 546 1789 euo
569 1730 704 1807 aphelio,
731 1733 866 1806 praecise
893 1731 1177 1790 mediocre‘ltaoeat
1202 1732 1400 1790 intervallum
1431 1749 1452 1790 o
1475 1729 1558 1802 Sole,
1590 1733 1671 1809 inter

312 1823 486 1879 momorum
509 1820 542 1874 in
566 1819 684 1893 aphelio
713 1826 741 1876 et
761 1822 926 1876 minimum
950 1822 984 1875 in
1005 1818 1157 1894 0011110110.
1204 1819 1247 1876 Ex
1277 1818 1417 1877 hisvero
1445 1817 1670 1875 110011000ιὶ0-

315 1909 450 1966 metibus
468 1904 629 1976 conficitur,
647 1914 695 1964 ,ut
716 1906 848 1965 diurnus
866 1907 1011 1981 planetae
1033 1906 1150 1963 medius
1172 1913 1271 1965 motus
1294 1910 1328 1963 in
1350 1909 1509 1976 eecentrieo
1532 1904 1616 1962 idem
1633 1908 1672 1963 eit

311 2002 339 2053 et
360 2011 450 2053 veruo
473 1995 537 2065 ejus
558 1996 712 2052 eoceutriei
735 2011 826 2051 arcus
849 1992 981 2051 diurnus
1011 1993 1071 2050 illie
1092 1996 1265 2065 momentis,
1296 1994 1405 2068 quibus
1426 1994 1551 2068 planeta
1574 1999 1616 2050 eet
1636 1995 1672 2049 iu

309 2083 369 2159 fine
395 2078 578 2157 quadrantis
607 2083 762 2139 eccentrici
792 2081 830 2138 ab
863 2080 982 2154 apbelio
1010 2084 1194 2153 computati,
1226 2081 1293 2138 lieet
1314 2082 1364 2138 itte
1392 2079 1551 2156 quadram
1581 2096 1673 2137 verus

312 2168 535 2229 adhueminor
558 2176 709 2243 appareat
731 2171 815 2240 iusto
838 2167 1020 2242 quadrante.
1067 2167 1206 2243 Sequitur
1235 2167 1375 2243 amplius,
1407 2168 1488 2244 quod
1516 2167 1577 2224 duo
1600 2170 1681 2241 qui·.

311 2275 431 2332 cunque
453 2273 544 2314 arcus
566 2258 720 2313 eaoentriei
743 2255 849 2313 diurni
872 2257 1034 2328 oerieumi,
1059 2256 1228 2330 aequaliter
1250 2274 1318 2314 vere
1341 2256 1501 2324 distantes,
1531 2255 1609 2311 alter
1632 2253 1671 2312 ob

313 2345 440 2421 opbelio,
464 2343 540 2400 aiter
563 2362 583 2402 a
603 2344 765 2419 peridelio,
784 2344 887 2424 juncti
908 2348 1039 2417 aequent
1060 2342 1136 2400 duos
1158 2342 1286 2401 diurnos
1307 2344 1435 2417 metus,-
1468 2350 1497 2400 et
1525 2358 1576 2417 per
1600 2357 1673 2399 cou-

313 2448 453 2507 sequeus,
483 2448 552 2487 eum
584 2433 623 2489 eit
650 2429 754 2488 eadem
785 2430 971 2488 circulorum
1001 2431 1172 2505 proportio,
1213 2449 1290 2504 quae
1322 2430 1558 2499 diametrorum,
1589 2427 1673 2504 quod
1722 2437 1727 2446 “

313 2520 418 2577 eadem
444 2520 482 2574 eit
510 2521 667 2593 proportio
695 2520 788 2574 unius
818 2513 925 2575 diurni
947 2515 1039 2575 medii
1061 2516 1244 2589 adjunctos
1265 2517 1377 2577 medios
1406 2533 1509 2576 omnes
1536 2518 1619 2574 inter
1642 2533 1671 2574 ee

313 2605 461 2681 aequata,
486 2612 559 2679 quot
579 2612 651 2663 eunt
672 2606 706 2662 in
730 2611 789 2663 toto
812 2607 952 2678 circuitu,
977 2622 1056 2679 quae
1078 2612 1120 2662 eat
1141 2604 1232 2662 medii
1254 2605 1361 2663 diurni
1384 2605 1425 2662 ad
1442 2608 1565 2676 junctos
1586 2620 1672 2662 veros

314 2711 415 2753 omnes
437 2709 528 2750 armet
550 2696 737 2764 ectentricos,
768 2692 890 2750 totidem
913 2709 1060 2766 numero,
1083 2691 1134 2749 sed
1154 2694 1233 2750 mter
1255 2710 1285 2750 se
1306 2693 1488 2767 inaequales.
1536 2690 1571 2747 Et
1597 2690 1671 2749 haec

318 2779 354 2839 de
379 2783 456 2839 veris
480 2782 632 2839 eccentrici
654 2778 780 2838 arcubus
805 2777 914 2837 diurnis
940 2778 1034 2853 deque
1056 2777 1670 2856 10110100ῑί1)υο00010100000000000110,

315 2877 348 2926 ut
367 2869 430 2944 jam
454 2885 491 2924 er
515 2869 551 2924 iis
575 2866 772 2942 intelligamus
795 2875 893 2924 motus
917 2874 1109 2942 apparentes,
1134 2866 1223 2925 oculo·
1245 2870 1272 2923 in
1297 2866 1366 2926 Sole
1389 2869 1550 2942 supposito.

403 2955 502 3014 Sexto.
549 2953 697 3029 Quantum
728 2970 798 3011 vero
822 2956 929 3012 attinet
960 2970 1044 3012 arcus
1068 2961 1244 3030 apparentes
1277 2955 1359 3013 velut
1386 2972 1421 3014 ex
1446 2954 1533 3027 Sole,
1567 2961 1670 3010 notum

316 3053 362 3104 est
384 3061 418 3101 ex
442 3043 564 3120 antiqua
597 3046 684 3101 etiam
708 3045 902 3113 astronomia,
937 3042 1015 3116 quod
1039 3059 1075 3100 ex
1098 3043 1227 3100 motibus
1259 3045 1350 3116 veris,
1383 3044 1471 3101 etiam
1494 3040 1669 3117 aequalibus

310 3134 391 3190 inter
413 3149 461 3200 se,
495 3132 520 3187 is
543 3133 592 3205 qui
615 3129 733 3205 longius
762 3145 780 3186 a
803 3137 902 3188 centro
926 3128 1026 3186 mundi
1050 3131 1171 3187 recessit
1194 3132 1311 3204 (utqui
1335 3139 1378 3189 est
1406 3132 1433 3186 in
1458 3122 1592 3209 aphelio)
1615 3146 1671 3204 ap·

314 3227 418 3296 pareat
441 3234 505 3276 esse
527 3220 622 3275 minor
643 3217 788 3292 spectanti
812 3235 848 3274 ex
870 3215 922 3273 illo
947 3225 1055 3294 centro,
1080 3217 1129 3291 qui
1153 3220 1271 3292 propior·
1295 3220 1340 3291 sit,
1364 3220 1461 3292 utqui
1477 3226 1521 3276 est
1544 3220 1572 3272 in
1588 3218 1669 3290 peri-

315 3306 403 3377 helio,
435 3305 511 3363 idem
542 3313 571 3363 et
600 3306 702 3379 majm.
757 3302 830 3361 Cum
850 3306 949 3378 ‘igitur
978 3305 1097 3378 insuper
1126 3307 1214 3362 ctiam
1246 3305 1372 3379 majores
1402 3308 1460 3361 sint
1493 3305 1552 3361 veri
1584 3312 1669 3360 orcus

224 3410 228 3420 ·
317 3394 413 3451 diurni
437 3395 465 3449 in
489 3395 667 3468 propinquo,
698 3399 815 3467 0100101
845 3399 956 3448 motum
980 3391 1147 3449 celeriorem
1156 3435 1168 3471 ,Ι
1194 3394 1319 3448 minores
1349 3395 1379 3449 in
1407 3391 1523 3468 aphelio
1547 3399 1668 3463 remoto,

208 3556 210 3558 Ι
318 3488 437 3556 0100101
459 3488 556 3537 motus
579 3477 759 3549 tarditatem,
784 3477 852 3536 hinc
875 3495 930 3553 ego
955 3478 1152 3536 demonstravi
1177 3480 1205 3534 in
1226 3478 1418 3549 Martialibus,
1439 3482 1670 3553 proportionem

319 3570 536 3650 apparentium
558 3584 689 3625 arcuum
713 3565 899 3625 diurnorum
921 3569 1015 3623 unius
1031 3568 1185 3624 ecceutrici
1199 3569 1271 3623 sotis
1288 3570 1423 3640 praecise
1443 3566 1568 3642 duplum
1583 3583 1669 3624 ever-

317 3671 384 3711 eam
407 3671 465 3712 ease
485 3657 690 3728 proportionis
720 3670 847 3712 suorum
871 3654 1117 3712 intervallorum*
1135 3672 1155 3710 a
1179 3652 1254 3713 Sole.
1301 3651 1341 3713 Ut
1362 3656 1387 3711 si
1410 3654 1530 3729 planeta
1556 3656 1586 3711 in
1609 3670 1669 3711 una

138 3722 164 3811 ‚⁵
215 3754 218 3785 ἐ
317 3759 436 3800 suarum
460 3742 586 3814 dierum,
610 3739 737 3816 ,quando
762 3744 857 3798 estin
881 3739 1011 3815 aphelio,
1042 3739 1163 3798 distaret
1186 3758 1204 3799 a
1227 3740 1295 3799 Sole
1317 3741 1464 3817 partibus,
1493 3758 1668 3816 quacunque

316 3833 462 3900 mensura,
489 3826 591 3906 10111
615 3829 752 3904 opposite
774 3827 835 3898 die,
867 3828 983 3901 quando
1007 3837 1051 3886 est
1074 3830 1103 3885 in
1126 3828 1282 3904 perihelio,
1313 3830 1445 3904 partibus
1468 3828 1669 3886 consimilibus

210 3911 212 3917 ’
318 3918 353 3974 9:
387 3926 496 3975 certum
520 3924 580 3986 est,
612 3914 690 3990 quod
715 3932 750 3973 ex
773 3914 842 3973 Sole
865 3932 1010 3990 apparens
1040 3916 1103 3991 ejus
1131 3918 1276 3991 promotio
1308 3917 1336 3972 in
1361 3915 1479 3993 00110110
1510 3916 1609 3975 101010
1631 3919 1669 3974 sit

317 4003 352 4063 ad
376 4012 565 4080 apparentem
589 4004 616 4059 in
640 4001 798 4078 perihelio,
822 4005 897 4060 sicut
921 4002 1022 4070 tilad
1050 4003 1118 4061 100.

404 4091 469 4150 Ηο0
492 4100 591 4148 autem
615 4107 716 4148 verum
739 4097 784 4147 est
811 4089 944 4148 cumbis
973 4091 1174 4148 cantionibusz
1205 4092 1315 4166 primo,
1348 4098 1380 4147 ut
1407 4108 1493 4149 arcus
1515 4092 1668 4148 eccentrici

319 4194 376 4236 nou
400 4181 460 4236 sint
481 4180 590 4253 magui,
614 4195 651 4237 ne
673 4180 887 4236 communicent
910 4195 975 4235 curn
1000 4177 1145 4235 distantiis
1170 4177 1293 4236 diversis
1312 4179 1435 4236 multum
1459 4178 1667 4249 differentibus,

291 4335 293 4339 Α
317 4265 373 4324 boc
397 4276 441 4323 est
465 4282 501 4324 nc
525 4274 681 4325 causentur
703 4265 871 4323 sensibilem
893 4267 1065 4323 varietatem
1089 4264 1245 4324 distantiae
1276 4269 1462 4324 terminorum
1488 4282 1606 4324 suornm
1630 4265 1668 4323 ab

317 4342 487 4430 opsidibus,
511 4351 627 4424 deinde,
651 4361 683 4411 ut
706 4355 904 4410 eccentricitas
928 4370 984 4411 non
1008 4354 1045 4409 sit
1069 4352 1156 4410 valde
1179 4369 1302 4428 magna,
1331 4371 1398 4412 nam
1421 4371 1479 4427 quo
1502 4353 1596 4427 major
1619 4368 1669 4411 ec·

317 4442 499 4512 contricitas,
528 4457 569 4498 sc.
594 4457 652 4515 quo
676 4439 769 4513 major
792 4440 945 4518 11101000,
975 4439 1031 4497 1100
1053 4442 1146 4515 magis
1169 4449 1292 4515 augetur
1315 4442 1378 4516 ejus
1401 4443 1590 4517 apparentiae
1614 4458 1669 4498 an-

316 4527 403 4603 gulus
432 4526 510 4586 01110
543 4527 693 4585 modulum
722 4528 1014 4602 appropinquationis
1051 4544 1122 4585 snae
1154 4527 1190 4585 ad
1222 4527 1335 4600 Solem,
1370 4545 1422 4604 per
1454 4528 1604 4585 theorema
1639 4529 1667 4586 8.

318 4613 489 4691 Opticorum
513 4612 658 4688 Euclidis3
682 4613 761 4689 quod
784 4623 880 4672 tamen
903 4616 933 4671 in
958 4616 1083 4672 arcubus
1105 4617 1204 4690 parvis
1227 4623 1255 4673 et
1276 4632 1383 4691 magna
1398 4615 1536 4673 distantia
1559 4613 1668 4674 nullius

319 4711 364 4761 est
386 4705 543 4775 momenti,
568 4703 651 4760 utin
676 4703 749 4759 meis
773 4699 886 4777 Opticis
910 4704 1006 4776 capite
1034 4706 1081 4760 ll.
1105 4704 1215 4760 monui.
1260 4701 1318 4759 Sed
1342 4711 1387 4761 est
1409 4704 1468 4761 alia
1491 4719 1597 4778 causa,
1620 4719 1670 4761 cnr

318 4789 373 4848 hoc
395 4808 538 4848 moneam.
584 4790 659 4848 Nam
683 4805 767 4847 arcus
791 4791 944 4861 0000011101
973 4791 1049 4847 01100
1072 4789 1183 4847 10011100
1207 4790 1369 4847 anomaliae
1397 4792 1590 4866 inspiciantur
1614 4791 1668 4849 ob-

318 4877 397 4952 lique
420 4896 455 4936 ex
480 4885 578 4935 centro
602 4876 691 4954 Solis,
714 4894 789 4952 quae
814 4877 974 4950 obliquitas
997 4878 1102 4933 minuit
1125 4880 1313 4953 apparentiae
1337 4877 1578 4951 magnitudinem,
1603 4895 1668 4936 cum

317 4983 352 5024 ex
375 4964 500 5024 adverso
524 4966 707 5028 0100001100
729 4963 848 5038 apsidas
871 4965 1018 5039 aspectui,
1042 4964 1125 5022 velut
1149 4967 1178 5021 in
1201 4962 1270 5022 Sole
1294 4965 1456 5037 001100010,
1489 4965 1669 5039 objiciantur

266 5042 270 5058 ’
317 5059 404 5111 10010.
451 5050 575 5125 Quando
599 5054 686 5126 igitur
709 5053 908 5109 eccentricitas
932 5057 977 5108 est
999 5051 1085 5108 valde
1110 5069 1231 5126 magna,
1256 5061 1326 5110 tunc
1348 5052 1524 5111 sensibiliter
1547 5059 1669 5111 nocetur

320 5141 498 5217 proportioni
522 5147 663 5212 motuum,
687 5140 711 5195 si
735 5148 844 5197 motum
867 5137 995 5196 medium
1023 5136 1157 5197 diurnum
1185 5142 1247 5197 sine
1271 5139 1462 5199 diminutione
1486 5141 1668 5216 applicemus

318 5228 474 5286 distantiae
497 5226 649 5299 mediocri,
673 5228 758 5302 quasi
781 5228 807 5282 is
831 5243 865 5284 er
889 5226 1028 5284 distantia
1051 5226 1188 5285 mediocri
1212 5225 1311 5285 tantus
1335 5236 1508 5303 appareret,
1540 5237 1668 5303 quantus

320 5324 372 5388 est,
396 5323 428 5373 ut
451 5314 524 5373 inira
548 5317 576 5371 in
599 5313 744 5372 Mercurio
773 5314 936 5389 apparebit.
984 5313 1068 5373 Haec
1092 5318 1189 5372 010010
1219 5315 1360 5388 prolixius
1383 5315 1534 5372 tradantur
1561 5319 1590 5372 in
1615 5317 1666 5393 Ep.

320 5404 396 5462 Astr.
421 5402 639 5478 Copernicanae
663 5401 728 5460 Lib.
753 5401 797 5472 V,
830 5401 948 5460 suerunt
978 5409 1078 5461 autem
1106 5402 1153 5460 hic
1182 5405 1271 5460 etiam
1300 5403 1567 5476 commemoranda,
1599 5407 1668 5479 qnia

319 5493 444 5549 attinent
464 5491 627 5565 ipsissimas
649 5491 787 5548 terminos
810 5481 1028 5554 harmoniarum
1052 5489 1239 5563 coelestium,
1263 5508 1314 5567 per
1336 5508 1368 5550 se
1392 5490 1523 5566 singulos
1546 5494 1667 5549 seorsim
1689 5496 1692 5502 '

319 5576 525 5656 consideratos.

405 5662 546 5746 Septimo.
591 5662 623 5723 Si
646 5664 693 5722 cui
715 5663 789 5722 torte
813 5669 969 5723 occurrant
987 5665 1008 5720 ii
1030 5670 1128 5723 motus
1150 5662 1254 5739 diurni,
1277 5667 1326 5742 qui
1347 5682 1405 5725 non
1422 5670 1563 5743 apparent
1585 5667 1669 5726 velut
