3684 7259
642 1220 754 1292 Kepleri
770 1220 898 1278 blwhina
914 1220 1088 1294 Hydraulica.
1472 1218 1532 1285 633
1597 1278 1599 1282 ,

187 1398 324 1471 pollicitus
342 1403 385 1452 cst
401 1395 527 1464 Adlerus,
546 1410 576 1450 εε
594 1411 683 1451 meum
695 1396 924 1467 Cosmegrephiae
935 1397 1095 1468 Mysterinm
1113 1398 1199 1466 prima
1217 1395 1359 1460 occasione
1376 1396 1411 1453 ad
1422 1396 1532 1452 Portam
1618 1422 1622 1436 ι

187 1479 418 1544 transmissorum,
438 1477 471 1530 de
490 1472 654 1544 aquatilibus
673 1478 765 1530 tacuit.
801 1478 855 1531 Rcs
873 1486 963 1531 tamen
982 1479 1034 1546 ipsi
1053 1492 1134 1531 curae
1150 1476 1202 1531 tuit
1220 1485 1247 1531 et
1266 1478 1373 1532 omnino
1391 1477 1455 1530 mibi
1473 1492 1532 1547 per·

187 1558 297 1623 suadeo,
315 1557 460 1625 instigasse
477 1557 595 1623 Portam,
614 1565 644 1610 nt
663 1556 733 1612 banc
750 1574 807 1613 rem
825 1556 860 1613 ad
878 1573 956 1612 usum
975 1558 1130 1612 transierat
1166 1557 1208 1611 Ita
1227 1573 1269 1611 me
1290 1573 1407 1625 namque
1435 1556 1531 1611 adhor-

186 1645 260 1692 tatus
289 1643 331 1690 est
357 1637 384 1691 in
407 1636 461 1691 alia
482 1637 653 1704 inventione,
681 1637 714 1691 de
737 1652 792 1705 qua
813 1644 917 1706 postca.
953 1635 1008 1691 Sed
1025 1636 1061 1691 ad
1078 1637 1112 1690 D.
1130 1637 1275 1691 Platorium
1298 1636 1388 1691 redeo.
1424 1637 1451 1690 Is
1471 1651 1530 1689 curn

186 1731 240 1770 non
258 1722 352 1783 posset
370 1731 400 1769 se
418 1714 546 1787 expedire
564 1731 598 1768 ex
616 1713 686 1770 male
704 1714 828 1771 formatis
846 1716 968 1770 iconibus
987 1723 1014 1771 at
1032 1716 1129 1770 nitioso
1148 1723 1240 1783 textu,
1264 1731 1307 1768 me
1323 1715 1405 1784 jussit
1423 1730 1531 1768 manum

186 1795 323 1850 adbibere.
357 1795 471 1848 Factum
489 1794 518 1848 id
535 1794 629 1863 obiter,
648 1811 699 1849 nec
716 1796 744 1848 in
762 1793 817 1848 ullo
836 1811 918 1851 censu
932 1795 1019 1850 babeo
1032 1796 1104 1850 huno
1117 1793 1245 1861 laborem,
1263 1809 1326 1848 nam
1338 1809 1387 1862 per
1399 1808 1429 1847 ae
1442 1791 1531 1847 brevis

187 1873 247 1929 luit.
284 1875 371 1929 Unum
389 1872 443 1928 hoc
461 1872 577 1927 accedit:
594 1875 769 1942 praecipuum
782 1875 880 1928 Portas
898 1873 1051 1933 artificium,
1070 1873 1104 1927 de
1116 1871 1255 1940 louficulo,
1276 1871 1322 1940 qui
1335 1887 1434 1939 aquarn
1447 1869 1530 1939 duplo

187 1953 268 2007 altius
287 1953 449 2021 ejaculatur‚
473 1943 554 2021 quam
579 1960 621 2008 est
644 1969 724 2010 casus
742 1955 771 2008 in
787 1954 931 2020 fonticulo,
954 1953 982 2008 id
1006 1952 1148 2007 artificium
1171 1952 1249 2006 icone
1274 1960 1302 2007 et
1318 1951 1404 2006 literis
1423 1951 1530 2021 quidem

186 2034 274 2102 aptis,
303 2042 380 2087 textu
398 2048 461 2087 uero
479 2034 559 2102 plane
577 2034 875 2104 mentito-exprimitur
899 2033 979 2088 simul
1004 2039 1038 2087 et'
1049 2030 1208 2087 occultatur.
1244 2031 1299 2085 Eas
1328 2047 1377 2100 ego
1404 2032 1531 2099 strophas

187 2109 274 2164 erolvl
291 2118 450 2179 textamque
468 2111 574 2180 addidi,
598 2114 705 2167 veritati
727 2120 754 2170 et
777 2112 961 2181 diagrammati
986 2111 1198 2177 convenientem,
1224 2109 1298 2179 quod
1315 2109 1384 2164 alius
1403 2125 1468 2164 sane
1485 2108 1532 2163 rix

190 2190 407 2258 deprehenderit.
444 2191 497 2245 Sed
515 2191 580 2260 quid
598 2191 668 2247 boo?
699 2191 844 2245 Praeterea
861 2206 951 2258 neque
969 2190 1074 2245 correxi
1091 2190 1120 2244 in
1131 2188 1183 2242 bac
1195 2187 1290 2242 ultima
1303 2189 1401 2243 Portae
1414 2188 1530 2245 editione

188 2268 340 2338 quicquam,
358 2286 408 2335 nec
426 2269 520 2338 adjeci.

273 2348 465 2402 Percommode
491 2363 554 2402 vero
581 2347 727 2403 admoneor
752 2348 791 2402 rei
817 2349 995 2403 necessariae.
1031 2349 1215 2406 Inventionem
1234 2349 1320 2403 habeo
1340 2344 1531 2417 exprimendae

186 2440 274 2494 aquae
293 2435 487 2495 comparatam,
512 2441 642 2495 perquam
665 2426 773 2491 utilem,
797 2427 899 2495 siquis
924 2427 1023 2482 artifex
1041 2428 1107 2482 mihi
1124 2428 1196 2483 illam
1216 2428 1362 2496 exemplari
1390 2427 1530 2495 exprimat

186 2505 284 2560 Nullae
303 2505 466 2571 adhibentur
483 2505 619 2572 valvulae,
644 2505 708 2572 quia
726 2505 893 2560 circulariter
910 2505 962 2560 hoc
980 2505 1047 2575 agit,
1072 2507 1144 2577 qrtod
1164 2507 1243 2574 vulgo
1262 2506 1350 2561 dictae
1369 2520 1485 2574 pompae
1501 2505 1530 2558 in

185 2587 257 2641 linea
274 2592 364 2652 recta,
392 2585 506 2640 subinde
524 2585 725 2640 intermittente.
762 2586 827 2656 Cum
846 2585 891 2639 din
906 2585 972 2654 jam,
992 2603 1030 2641 sc.
1044 2587 1085 2641 ab.
1100 2602 1174 2662 'anno
1187 2586 1228 2642 97.
1245 2586 1296 2639 boc
1308 2600 1404 2639 saxum
1416 2584 1529 2650 volvam,

185 2663 293 2720 tandem
310 2664 391 2720 incidi
408 2666 436 2718 in
454 2666 643 2733 Augustanum
661 2663 803 2726 artificem,
830 2664 892 2732 qui,
920 2664 1085 2736 pecuniali
1104 2664 1130 2717 fl.
1153 2679 1230 2719 ame
1249 2669 1368 2732 accepta,
1394 2661 1530 2730 pollicitus

186 2752 229 2797 eat
247 2743 348 2811 scripto
367 2750 395 2796 et
413 2741 517 2810 sigillo,
542 2757 571 2795 se
590 2741 771 2809 perfecturum
790 2746 931 2810 Augustae
955 2744 1107 2813 exemplar,
1133 2743 1238 2812 quoad
1257 2741 1439 2811 praescriptas
1456 2740 1530 2809 legas

186 2821 315 2890 perfecto,
334 2818 421 2874 debeo
440 2821 479 2873 illi
498 2836 628 2875 summam
646 2823 777 2892 integram
795 2824 830 2879 58
849 2825 956 2879 circiter
974 2824 1138 2887 tallerorum,
1166 2838 1214 2891 pro
1233 2821 1302 2876 libra
1320 2820 1389 2875 aeris
1417 2834 1455 2874 sc.
1474 2822 1529 2872 Au·

185 2906 301 2966 gustana
329 2900 399 2966 52¹l2
423 2899 565 2954 cruciatos.
603 2902 718 2956 Cautum
736 2909 795 2969 est,
823 2909 854 2957 ει
877 2902 1028 2970 perlectum
1051 2918 1121 2970 opus
1148 2901 1202 2955 duo
1228 2899 1381 2954 examinent
1403 2896 1531 2965 artifices,

184 2978 254 3034 altor
271 2995 288 3033 a
304 2994 347 3035 me
365 2985 502 3046 exoratus,
520 2978 590 3033 alter
607 2979 640 3034 ab
660 2981 720 3049 illo;
745 2982 791 3048 qui
816 2982 840 3036 si
862 2982 1001 3052 exemplar
1018 2980 1193 3051 praescriptis
1210 2978 1315 3047 legibus
1334 2971 1452 3033 dixerint
1469 2989 1531 3029 con·

185 3073 252 3127 grue
272 3057 334 3124 (non
354 3057 525 3112 considerato
543 3056 670 3128 effectu),
699 3061 815 3128 pecunia
843 3060 940 3116 artifici
967 3061 1076 3116 residua
1103 3066 1146 3115 est
1161 3056 1344 3127 numeranda,
1371 3055 1414 3111 sin
1431 3056 1529 3119 minua

185 3137 322 3191 restitutio
340 3137 405 3190 mibi
423 3138 457 3191 27
474 3136 637 3191 florenorum
657 3146 699 3191 est
716 3138 850 3195 iacienda.

271 3217 345 3269 Haec
362 3215 402 3269 ita
419 3216 580 3284 pepigimus,
600 3218 663 3285 quia
682 3221 833 3289 sperabam,
852 3220 968 3290 aliquem
992 3235 1026 3274 ex
1048 3219 1115 3275 meis
1134 3218 1309 3273 familiaribus
1327 3217 1477 3285 Augustam
1494 3214 1532 3272 sd

184 3295 384 3365 praescriptum
403 3302 509 3363 tempus
528 3303 679 3353 venturam.
716 3300 783 3355 Cum
800 3300 852 3356 hac
870 3316 919 3369 spe
939 3299 1093 3366 exciderim,
1112 3298 1270 3365 nescioquo
1288 3300 1459 3358 mavortem,
1477 3289 1531 3346 nisi

183 3374 217 3428 ad
236 3375 273 3429 M.
293 3375 392 3455 Tuam,
421 3375 464 3429 cai
482 3376 598 3443 plurima
620 3388 662 3432 est
680 3381 821 3448 Augustae
840 3382 944 3435 notitia.
981 3382 1058 3449 Rogo
1083 3378 1175 3447 itaque
1202 3376 1330 3446 mojorem
1357 3376 1385 3428 in
1411 3372 1529 3446 modam,

184 3454 207 3507 si
225 3453 365 3508 commode
383 3453 442 3507 fieri
460 3461 563 3522 potest,
590 3461 621 3508 ut
639 3456 674 3510 ad
693 3458 836 3526 collegium
855 3459 992 3527 opificium
1018 3461 1057 3513 itt
1075 3458 1216 3525 filabldpmib
1234 3453 1393 3524 perscribat,
1417 3459 1456 3520 ut,
1482 3452 1529 3521 qni

184 3537 248 3587 sunt
265 3532 335 3586 inter
354 3546 401 3585 eos
415 3532 509 3600 jurati,
528 3547 597 3601 opus
615 3533 764 3603 inspiciant.
803 3538 923 3606 Tempus
946 3537 1067 3605 elapsum
1093 3543 1147 3604 est,
1174 3552 1225 3591 ncc
1248 3542 1357 3603 teneor,
1381 3534 1494 3603 quial).
1512 3548 1529 3585 a

184 3609 388 3677 Dietrichstein,
407 3610 454 3677 qul
468 3610 525 3678 jam
543 3610 587 3664 hic
603 3610 722 3679 legatum
740 3615 796 3682 agit
813 3623 841 3669 et
858 3617 937 3684 cujas
955 3616 1054 3671 fidncia
1072 3617 1185 3685 nitebar,
1205 3616 1280 3672 brevi
1295 3616 1383 3685 Praga
1400 3613 1528 3669 discedet

183 3691 212 3745 Si
229 3705 338 3743 manum
355 3688 426 3742 forte
445 3707 499 3744 non
523 3691 687 3747 admovisset
709 3694 857 3764 hactonus,
876 3696 1026 3764 adigendus
1050 3702 1092 3749 est
1114 3695 1179 3749 mihi
1197 3696 1232 3750 ad
1250 3694 1430 3761 solutionem,
1456 3690 1528 3761 qnod

183 3779 263 3839 opto,
281 3784 342 3821 nani
362 3769 472 3825 sinistra
489 3771 562 3825 fama
581 3787 642 3824 eum
661 3772 797 3841 sequitur,
825 3774 903 3841 quasi
921 3775 1024 3841 maj0ra
1047 3775 1149 3829 viribus
1183 3774 1347 3843 susceperit,
1371 3773 1424 3827 imo
1450 3770 1528 3840 quasi

183 3864 237 3903 non
254 3848 335 3902 liceat
352 3848 391 3901 illi
410 3849 452 3901 rel
470 3848 547 3902 fratri
566 3866 615 3904 sno
634 3850 661 3903 iu
680 3851 732 3905 hac
754 3853 866 3906 materia
888 3853 1003 3922 versari,
1027 3854 1165 3922 cumipse
1184 3854 1220 3908 sit
1237 3852 1367 3920 lignarius
1385 3856 1413 3905 et
1431 3864 1527 3919 aquae·

181 3928 321 3982 ductorius
340 3928 466 3997 simplex,
491 3927 575 3984 frater
591 3945 654 3984 vero
673 3930 732 3997 ejns
749 3931 896 3986 Balthasar
917 3929 995 3986 fusor
1018 3932 1138 4000 quidem,
1164 3933 1214 3988 sed
1244 3932 1363 3987 nondum
1390 3929 1527 3999 magister.

181 4008 241 4062 Hoc
259 4007 424 4062 addendum:
444 4017 549 4077 patrem
567 4010 634 4077 ipsis
653 4026 713 4064 esse
731 4012 980 4082 aquaeductorium,
997 4013 1072 4080 ipsos
1090 4029 1153 4068 vero
1172 3979 1265 4067 ambos
1284 4010 1410 4066 coelibes.

268 4085 386 4138 Primum
399 4092 482 4153 atque
494 4087 636 4157 rescirem,
655 4091 793 4158 exemplar
805 4091 839 4145 ad
852 4091 928 4161 leges
945 4108 1111 4160 expressum,
1130 4093 1264 4160 reliquum
1272 4090 1403 4160 pecuniae
1413 4088 1526 4143 mittam.

181 4166 283 4233 Spero,
303 4164 334 4221 ¹si
361 4180 415 4217 non
438 4164 561 4219 futurum
584 4169 621 4222 sit
638 4170 676 4225 M.
696 4168 771 4228 Tuae
790 4171 974 4239 commodam,
1002 4172 1046 4225 hic
1063 4186 1106 4224 me
1124 4171 1269 4239 adjurare,
1295 4185 1339 4224 me
1366 4170 1529 4226 documenta

180 4241 280 4317 illaesa
293 4249 474 4309 recepturam.
898 4302 900 4306 ,

268 4321 491 4394 Postscripta
527 4324 599 4379 Dum
617 4326 710 4381 literas
730 4328 851 4396 detineo,
875 4329 1000 4396 Augusta
1024 4328 1155 4396 rescisco,
1181 4327 1233 4381 boc
1257 4343 1326 4397 opus
1349 4325 1468 4380 nondum
1487 4326 1528 4379 in·

182 4401 310 4456 choatnm
328 4417 396 4468 esse,
414 4418 465 4457 nac
482 4404 622 4472 Augustae
641 4405 753 4460 haerere
766 4405 898 4474 opificem,
917 4406 965 4461 sed
983 4406 1028 4461 hic
1046 4407 1158 4476 Pragae.
1192 4406 1319 4460 Poteram
1331 4405 1424 4475 itaque
1439 4409 1526 4458 totum

180 4483 251 4536 hunc
269 4481 359 4535 locum
377 4483 532 4553 praeterire,
552 4486 604 4540 nisi
621 4486 719 4553 pagina
737 4493 810 4539 esset
823 4485 960 4551 mutanda,
980 4500 1048 4554 quae
1062 4485 1142 4539 etiarn
1157 4485 1211 4539 alia
1223 4485 1351 4540 continet.
1371 4484 1425 4539 Sed
1437 4490 1528 4537 tamen

179 4564 218 4616 bl.
236 4562 312 4615 Tuae
330 4561 444 4615 liberum
463 4572 518 4631 est,
538 4564 581 4617 hic
600 4581 641 4618 me
660 4562 773 4618 consilio
788 4564 900 4630 juvare,
925 4572 973 4619 εει
990 4565 1145 4633 percontari
1163 4565 1195 4619 de
1213 4564 1368 4619 horninibus
1386 4561 1462 4630 istis,
1481 4567 1528 4616 aut

179 4640 360 4694 dexteriorem
379 4644 518 4697 nominare
537 4643 669 4712 opificem,
689 4652 736 4697 aut
754 4644 809 4698 tale
828 4644 939 4712 aliquid.

267 4749 407 4815 Pactlonis,
427 4766 501 4815 quam
520 4752 582 4801 dicit
600 4753 736 4815 Keplerue,
755 4768 850 4802 summa
867 4755 928 4801 baec
947 4760 997 4803 est:

267 4837 303 4884 Za
323 4839 424 4888 wissant
451 4839 495 4886 Als
513 4840 546 4889 Μ.
565 4841 648 4890 Johan
667 4843 758 4903 Kepler
777 4843 804 4891 Ε.
825 4842 856 4891 K.
876 4842 921 4889 Mt.
941 4842 1132 4890 Mathematicus
1151 4857 1181 4889 an
1201 4843 1295 4903 aloem,
1318 4841 1368 4889 vud
1386 4840 1458 4890 Hans
1477 4839 1528 4888 and

181 4908 312 4955 Balthasar
324 4907 353 4955 N.
368 4908 475 4972 (Miller)
490 4911 631 4959 Gebriieder
650 4927 689 4959 arn
708 4912 809 4973 andern,
829 4927 911 4973 wagan
926 4913 993 4959 elncr
1005 4927 1132 4960 messenen
1145 4913 1320 4960 Wasserlsunst
1338 4926 1367 4958 zu
1383 4910 1529 4969 cerfertlgen

179 4979 219 5024 eln
242 4977 339 5037 Geding
364 4980 410 5025 mit
428 4980 547 5028 einander
564 4984 690 5041 gemacht,
716 4982 802 5030 dassen
822 4983 930 5030 luhalts:
958 4982 1013 5030 dass
1032 4983 1094 5030 nach
1112 4996 1272 5041 gnuegsnmcr
1289 4982 1463 5044 Vcriertigung
1485 4979 1528 5028 des

141 5085 146 5093 .
180 5048 300 5095 Werclbs
319 5047 353 5096 Μ,
372 5048 395 5095 Jj
415 5050 506 5110 Kepler
531 5050 587 5097 dem
605 5052 673 5099 Hans
694 5052 741 5099 vnd
760 5053 891 5100 Balthasar
908 5051 937 5099 N.
961 5052 1002 5100 iirr
1017 5052 1087 5113 jadas
1105 5053 1188 5101 Pinnd
1205 5051 1285 5113 Mass,
1311 5067 1338 5099 so
1358 5051 1403 5099 das
1422 5049 1528 5099 Werclth

179 5132 264 5177 wagan
283 5118 371 5179 werde,
391 5119 442 5166 droi
461 5120 506 5167 Ort
523 5122 591 5168 eines
609 5121 711 5170 'lbalers
730 5123 788 5170 oder
806 5120 874 5185 52¹1,
891 5123 934 5169 Kr.
954 5121 1071 5171 bezablen
1090 5125 1166 5184 solle;
1192 5123 1234 5171 Sia
1252 5124 1312 5170 aber
1329 5136 1412 5178 wegon
1430 5118 1529 5180 Mangel

178 5189 229 5235 lrer
246 5188 430 5235 Instrumenten
455 5190 498 5236 das
516 5190 620 5238 Werclsb
647 5206 679 5239 an
704 5191 810 5240 etlichen
834 5194 946 5241 Ptrncten
972 5207 1002 5241 zu
1025 5192 1068 5241 des
1092 5194 1215 5241 Erduders
1234 5193 1380 5252 Bognuegau
1406 5191 1455 5237 rud
1475 5191 1527 5237 An-

178 5259 259 5317 geben
280 5259 321 5305 fiir
339 5257 442 5306 dissmal
463 5260 500 5305 nit
518 5262 664 5319 rettentgea
685 5262 811 5309 khiindea:
837 5264 916 5310 baben
936 5263 1008 5311 balde
1026 5263 1101 5310 ‘lbafl
1120 5264 1171 5312 siclt
1191 5264 1238 5310 ant
1253 5264 1292 5310 cin
1312 5276 1392 5309 rienes
1412 5259 1459 5308 vnd
1479 5260 1527 5306 lol-

178 5328 269 5387 gendar
289 5328 384 5376 (lestolt
402 5330 448 5376 mit
469 5329 587 5376 einander
608 5333 704 5381 benedt:
726 5333 749 5391 1)
766 5332 994 5381 BcideGebrileder
1012 5334 1204 5381 retroversiaren
1222 5332 1283 5395 sich,
1303 5332 1368 5379 dlsso
1387 5331 1527 5388 larentina,

151 5448 154 5453 ,
178 5400 216 5445 sie
233 5400 331 5457 gerotha
357 5411 408 5444 nun
426 5399 473 5446 wol
493 5399 553 5446 odor
570 5400 640 5453 rbel.
664 5404 701 5449 nit
718 5399 794 5448 allein
819 5403 859 5449 fiir
876 5403 928 5450 aleb
954 5403 1077 5464 selbsten,
1102 5404 1150 5451 obn
1169 5403 1201 5449 Μ.
1221 5403 1243 5450 J.
1262 5401 1367 5463 Keplera
1387 5401 1526 5448 l'orwissen
1549 5452 1552 5455 Α

177 5469 215 5514 nit
235 5467 431 5515 nacbzumachen
450 5467 509 5515 oder
527 5483 555 5516 zu
575 5471 742 5530 gebraueben,
762 5471 868 5519 sondern
887 5474 951 5520 auch
971 5471 1106 5531 disselbige
1123 5472 1243 5520 Niemand
1266 5471 1381 5519 auderem
1399 5484 1429 5518 zu
1448 5470 1526 5517 ollon-

178 5539 263 5598 bareu,
283 5538 363 5585 weder
382 5538 459 5585 durch
478 5539 538 5602 siclt,
558 5540 620 5587 noch
641 5542 677 5588 lro
697 5542 834 5589 Gabitlllen.
873 5540 903 5607 2)
921 5542 956 5593 Μ,
975 5541 998 5590 J.
1012 5540 1104 5601 Kepler
1122 5544 1219 5590 bezahlt
1237 5543 1295 5589 inan
1314 5556 1352 5588 ant
1368 5539 1480 5598 Woroltb,
1499 5549 1526 5586 to

175 5612 242 5668 Jetzo
261 5610 293 5655 77
311 5608 396 5655 Piund
413 5608 480 5671 belt,
498 5608 640 5657 benantliclr
661 5613 693 5659 tt
713 5614 737 5659 n.
756 5612 867 5659 verbero.
904 5611 929 5676 3)
949 5612 990 5662 Sle
1008 5625 1095 5659 nemon
1120 5613 1163 5660 das
1182 5614 1404 5660 rnvolltbnuitnene
1421 5609 1525 5657 Werclrb
1546 5603 1550 5614 ’

176 5678 244 5727 nacb
259 5678 403 5741 Augspurg,
430 5678 480 5727 vnd
498 5677 550 5728 diss
568 5681 615 5729 aut
630 5681 686 5730 Iron
704 5681 848 5748 Vnkosten,
875 5683 978 5733 willens
996 5679 1053 5730 alda
1070 5684 1117 5732 mlt
1134 5682 1210 5732 ntus
1225 5685 1276 5732 Iros
1294 5684 1412 5736 tanao.
1437 5679 1527 5740 blabay
1571 5701 1575 5740 ς
