3684 7259
259 1257 324 1317 388
774 1248 1092 1306 ΡιοίωόΗπιοὴ

258 1422 1611 1498 perioraD,B,l¹',Getd,e,t,9ehinierioribuss,A,B,CetG,u,h,ctejuquut:

148 1512 150 1518 ’
259 1506 353 1561 eadem
379 1514 470 1559 tamen
496 1502 627 1571 diapason
653 1502 797 1557 interulis
814 1513 929 1572 possunt
947 1505 1028 1558 etiam
1057 1506 1097 1558 sic
1114 1507 1298 1574 considerari,
1326 1509 1613 1576 uttiutbintetra·

257 1586 361 1641 chorda
377 1585 405 1637 in
422 1582 456 1636 iis
474 1582 632 1649 conjuncta,
652 1582 755 1636 Graece
772 1598 959 1650 synemmena,
985 1584 1008 1635 si
1027 1584 1150 1637 nimirum
1168 1596 1233 1638 tono
1251 1587 1384 1654 cujusque
1401 1588 1494 1641 intimo
1512 1605 1612 1642 munus

256 1661 489 1730 mutuesci
506 1660 741 1719 mmmmm.
766 1661 1308 1732 otunaseunusuejunesonu
1326 1667 1515 1733 maan,
1537 1668 1614 1733 qn
1651 1690 1657 1700 =

257 1752 286 1798 et
302 1743 341 1810 D,
357 1742 395 1810 Id,
414 1741 450 1809 Γ,
469 1741 495 1796 G
511 1739 567 1794 dno
584 1740 758 1794 tetrachorda
780 1741 926 1808 conjuncta
945 1748 972 1793 et
991 1740 1021 1794 D
1039 1742 1089 1794 crit
1108 1742 1211 1796 chorda
1235 1760 1283 1797 seu
1300 1759 1385 1798 sonus
1403 1745 1612 1812 conjunctionis.

256 1833 323 1878 tunc
340 1830 472 1889 sequetur
489 1820 523 1888 0,
540 1838 560 1874 n
577 1819 648 1874 alter
659 1829 740 1873 tonus
753 1818 940 1887 disjunctiuns,
961 1829 988 1873 et
1005 1838 1032 1885 u,
1050 1822 1075 1888 b,
1094 1838 1116 1886 c,
1135 1821 1193 1874 det
1210 1822 1237 1884 d,
1256 1840 1278 1889 e,
1295 1824 1317 1890 f,
1333 1841 1353 1892 9
1368 1823 1423 1877 duo
1435 1824 1614 1877 ιειιιώοώ

255 1903 402 1970 conjuncte
418 1900 447 1953 iu
464 1900 596 1968 diapason
614 1900 757 1968 superiori,
774 1909 802 1952 et
820 1899 840 1952 d
856 1899 941 1951 ultera
959 1898 1121 1952 chordarum
1140 1914 1189 1952 sen
1206 1917 1290 1955 senus
1307 1901 1515 1968 eonjuucdouia
1549 1902 1612 1964 (Re-

1678 1873 1687 1942 l

255 1982 330 2050 liqna
347 1996 381 2035 ex
399 1980 549 2048 praemisso
572 1979 711 2034 schemate
729 1988 808 2033 erunt
825 1979 918 2036 clarat
954 1979 1036 2032 vides
1054 1980 1099 2032 hic
1116 1980 1206 2033 redire
1223 1979 1293 2033 idem
1311 1979 1519 2047 incommodum,
1538 1979 1613 2048 quod
1680 2009 1683 2014 ·

255 2060 337 2114 etiam
355 2074 440 2128 supra
456 2058 583 2125 capitae
602 2056 764 2112 disturbavit
781 2057 1019 2125 comparationem,
1038 2074 1075 2112 se.
1090 2059 1115 2110 Γ
1130 2067 1157 2110 et
1173 2076 1200 2127 9,
1219 2057 1273 2111 duo
1291 2059 1351 2111 soni
1368 2072 1419 2125 per
1435 2057 1612 2127 disdiupusou

254 2137 405 2203 distantes,
432 2136 535 2190 cudunt
560 2138 587 2190 in
612 2137 684 2190 idem
711 2146 843 2205 puuctum
868 2136 963 2190 circuli
991 2136 1200 2203 apparitionum.
1237 2136 1334 2204 ltaque
1361 2136 1404 2190 rel
1427 2153 1462 2190 ex
1480 2137 1534 2191 hoc
1552 2137 1611 2192 solo

255 2223 384 2286 apparet,
403 2224 526 2269 coactam
543 2230 605 2269 esse
622 2214 859 2282 comparutionem.

340 2302 415 2356 Nota
431 2302 464 2355 V.
501 2303 561 2355 Vox
582 2317 720 2354 ‹rursum›
740 2300 837 2361 alludit
855 2301 889 2354 ad
907 2317 967 2369 cap.
989 2301 1030 2367 ttl,
1048 2300 1211 2368 quinetiam
1229 2300 1266 2353 ibi
1285 2309 1362 2353 ortus
1381 2313 1446 2360 (nou
1464 2313 1495 2357 ut
1513 2304 1559 2357 hic
1575 2320 1610 2357 ex

254 2381 337 2437 radiis
355 2380 435 2448 Solis,
451 2380 500 2435 sed
518 2397 552 2434 ex
570 2379 709 2433 horizonte
727 2379 874 2444 mundano)
892 2378 1102 2448 compsrabatur
1119 2394 1190 2432 sono
1207 2379 1262 2431 imo
1281 2389 1308 2432 et
1326 2380 1494 2447 gnviasimo.

341 2472 413 2526 liuta
431 2472 478 2525 vt.
513 2471 568 2524 Pro
585 2470 665 2524 ulum
691 2471 862 2538 superiorum
889 2477 916 2522 et
936 2469 1031 2522 Lunae
1049 2468 1276 2523 occultationibns
1295 2466 1409 2538 singulis
1428 2478 1493 2524 suut
1511 2470 1610 2524 Veneri

255 2561 283 2607 et
301 2551 435 2606 Mercurio
453 2551 543 2615 binae,
562 2565 633 2617 quae
651 2549 705 2602 situ
722 2548 893 2617 planetarum
911 2549 939 2601 in
957 2564 1061 2603 summa
1072 2549 1114 2603 vel
1133 2550 1187 2602 ima
1205 2547 1301 2616 apside
1313 2548 1519 2618 distinguuntur
1536 2549 1631 2604 inde·

255 2646 309 2699 que
327 2630 543 2684 denominantur.
579 2628 686 2681 Dicitur
712 2642 778 2697 ergo
806 2628 925 2682 secunda
943 2628 1088 2683 occultatio
1115 2629 1218 2697 primae
1246 2627 1403 2697 ‹opposita›
1424 2644 1479 2682 nou
1505 2638 1610 2682 tanuun

253 2718 365 2778 propter
382 2707 464 2762 situm
481 2707 554 2762 bunc
572 2707 668 2761 sideris
686 2706 713 2761 in
741 2707 867 2776 opposita
886 2706 980 2761 circuli
998 2715 1089 2775 parte,
1117 2707 1166 2761 sed
1184 2706 1269 2759 multo
1287 2706 1374 2774 magis
1391 2716 1505 2776 propter
1523 2709 1608 2776 ipsam

253 2786 437 2842 conditionem
455 2786 654 2840 occultationis.
690 2787 759 2840 Nam
778 2789 806 2841 in
824 2789 911 2857 prima
930 2786 1102 2840 occultantur
1128 2787 1264 2846 matutini,
1292 2792 1433 2852 emergunt
1452 2786 1608 2853 vespertini,

253 2874 285 2920 ιιι
300 2865 391 2934 Luna;
409 2867 438 2920 in
450 2866 570 2921 secunda
583 2881 645 2920 vero
664 2866 836 2922 occultantur
847 2866 1002 2935 vespertini,
1021 2874 1161 2933 emergunt
1174 2866 1309 2932 matutini,
1327 2872 1358 2918 nt
1369 2874 1426 2917 tres
1444 2865 1607 2932 superiores

340 2963 413 3017 Nota
431 2963 489 3018 Vll.
527 2962 730 3016 Dubitationem
754 2962 852 3028 hahet,
878 2978 933 3029 qua
959 2977 990 3013 re
1020 2963 1147 3015 metiatur
1168 2959 1337 3014 latitudinem
1362 2961 1430 3013 situs
1448 2961 1605 3030 acronyebi:

253 3058 315 3097 nam
334 3043 441 3097 ridetur
458 3042 568 3111 planeta
586 3058 640 3095 una
657 3049 685 3095 et
703 3039 797 3093 eadem
816 3039 860 3093 die
878 3039 913 3102 tsi
932 3038 1078 3093 latitudine
1095 3043 1177 3104 caret)
1205 3048 1234 3093 et
1250 3040 1315 3093 oriri
1332 3041 1359 3093 in
1378 3056 1432 3093 uno
1450 3040 1541 3094 noctis
1560 3055 1604 3092 ex·

252 3130 348 3188 tremo,
366 3137 404 3175 sc.
423 3120 452 3174 in
471 3119 530 3187 ejus
548 3119 689 3189 principio,
707 3125 734 3171 et
753 3118 878 3172 occidere
896 3118 924 3171 in
943 3117 1064 3184 ejusdem
1083 3119 1137 3171 fine
1156 3133 1204 3172 seu
1223 3128 1344 3173 extremo
1362 3120 1460 3173 altero.
1490 3120 1526 3172 Αι
1545 3119 1605 3172 Pto

252 3199 373 3254 lemaeus
391 3198 562 3252 intervallum
580 3199 658 3266 pouit
669 3212 687 3250 a
698 3198 852 3265 vespertino
870 3207 932 3250 ortu
950 3214 1037 3265 nsque
1055 3197 1089 3250 ad
1108 3197 1269 3250 matutinum
1282 3198 1444 3252 occubitum.
1463 3197 1604 3266 Quomodo

251 3288 341 3332 autem
360 3276 456 3331 horum
474 3274 584 3344 aliquod
603 3284 645 3328 eat
670 3275 863 3331 interranum?
899 3277 1031 3330 Nimirum
1058 3277 1165 3344 vesperi
1192 3284 1257 3328 tunc
1283 3276 1435 3330 censendus
1463 3284 1506 3329 est
1534 3276 1604 3341 oriri,

251 3375 312 3413 cum
332 3356 378 3411 Sol
396 3365 503 3409 tantum
518 3356 576 3422 Jam
594 3354 734 3408 demersus
753 3363 804 3422 est,
823 3364 854 3409 nt
872 3358 963 3409 oriens
981 3355 1093 3424 planeta
1111 3355 1202 3409 statim
1221 3355 1248 3408 in
1266 3356 1327 3423 ipso
1340 3364 1402 3410 ortu
1419 3357 1494 3410 cerni
1510 3358 1604 3424 possit,

156 3430 165 3439 ’
252 3436 325 3505 quod
343 3437 374 3489 iit
392 3444 455 3489 ante
473 3443 627 3489 accuratam
646 3432 862 3501 oppositionem,
891 3434 1001 3503 planeta
1019 3442 1095 3486 motu
1122 3434 1279 3499 retrogrado
1297 3434 1386 3489 adhuc
1405 3435 1479 3489 ultra
1497 3436 1604 3504 opposi-

251 3517 353 3571 tionem
370 3515 397 3566 in
416 3512 645 3582 consequentibus
663 3523 798 3568 versante.
834 3514 960 3568 Vicissim
979 3522 1044 3567 tuuc
1062 3528 1141 3566 mane
1159 3512 1312 3566 censendus
1331 3520 1373 3567 est
1391 3512 1523 3581 occidere,
1543 3532 1601 3569 cum

252 3594 298 3649 Sol
317 3592 406 3648 adbuc
424 3601 501 3647 tanto
520 3594 609 3661 spatio
628 3593 678 3646 sub
696 3593 864 3647 horizontem
883 3593 1023 3646 demersus
1042 3602 1101 3655 est,
1129 3600 1159 3645 ut
1177 3590 1288 3659 plancta
1305 3592 1332 3645 in
1350 3592 1487 3660 ipsissimo
1507 3602 1603 3649 occasu

251 3673 415 3728 constitutus
433 3673 507 3726 cerni
525 3672 624 3741 possit,
651 3671 723 3739 qnod
742 3671 773 3725 tit
790 3680 854 3741 post
871 3677 1026 3725 secuntum
1044 3669 1260 3738 oppositionem,
1289 3670 1407 3739 planetis
1425 3682 1502 3726 motu
1519 3683 1603 3728 retro·

250 3751 334 3821 grado
357 3750 414 3819 jam
432 3757 496 3805 ante
515 3751 586 3805 Solis
606 3750 761 3820 oppositum
780 3750 887 3805 delatis.
923 3750 1008 3804 liutet
1026 3765 1088 3802 vero
1115 3748 1204 3804 locum
1229 3749 1299 3804 hunc
1318 3767 1351 3804 ex
1371 3750 1528 3806 Ptolemaeo
1547 3762 1603 3806 stn-

251 3828 344 3884 diosus
371 3830 551 3885 astronomiae
579 3830 756 3898 conteratque
783 3848 842 3884 cum
871 3831 920 3895 iis,
946 3845 1016 3898 quae
1041 3829 1069 3881 in
1088 3829 1230 3897 Epitomes
1249 3831 1438 3885 Astronomiae
1465 3831 1535 3886 libro
1554 3831 1601 3885 111.

250 3920 346 3965 contra
363 3905 499 3977 uulgarem
518 3925 596 3965 usum
613 3910 687 3964 vocis
705 3910 871 3980 acronycbos
890 3908 1040 3978 disputavi:
1058 3907 1168 3972 videbit,
1185 3909 1221 3963 ad
1236 3918 1354 3964 mentem
1374 3909 1526 3964 Ptolemaei
1543 3925 1602 3965 esse

250 3990 348 4043 omnia
384 3990 524 4045 Potuisset
542 3989 624 4044 edam
641 3989 694 4043 hoc
712 3991 845 4058 spatium,
863 3988 937 4057 quod
955 3996 1020 4040 tono
1039 3986 1202 4053 disjunctive
1221 3986 1352 4056 vindicat,
1371 3987 1460 4042 metiri
1479 4004 1544 4043 arcu
1563 4005 1602 4043 re·

249 4069 473 4138 trogradationis,
500 4070 551 4125 nisi
569 4069 614 4123 hic
632 4069 745 4123 diversis
772 4067 890 4137 planetis
909 4066 1031 4120 diversus
1058 4074 1132 4119 esset
1159 4076 1187 4119 et
1205 4067 1257 4120 nisi
1274 4067 1367 4122 Venus
1385 4070 1601 4139 Mercuriusque,

250 4157 440 4219 praeterquam
459 4149 532 4219 quod
551 4156 616 4205 sunt
633 4149 792 4217 retrogradi,
811 4147 864 4202 hoc
882 4146 999 4215 spatium
1019 4145 1100 4198 etiam
1119 4144 1302 4203 occultatione
1319 4148 1468 4215 signarent.

337 4240 410 4294 Nota
428 4239 501 4292 Vlll.
527 4238 643 4292 Pulchre
660 4239 705 4292 hic
722 4244 833 4305 argutus
852 4242 902 4301 est,
921 4233 1003 4303 quod,
1022 4249 1084 4287 cum
1096 4234 1188 4287 Venus
1207 4242 1235 4288 et
1247 4234 1398 4289 Mercurius
1416 4235 1495 4289 binas
1514 4234 1601 4292 occul-

249 4319 367 4372 tationes
384 4318 517 4384 habeant,
536 4316 633 4387 reliqui
650 4325 754 4372 tantum
774 4313 908 4385 singulas,
929 4313 1041 4368 alterius
1061 4313 1119 4367 vice
1138 4313 1165 4367 in
1184 4313 1310 4375 Saturno,
1327 4314 1404 4383 Jove,
1423 4316 1513 4369 Marte
1533 4316 1601 4371 situs

248 4396 426 4465 acronycbios
443 4396 533 4464 ponit,
560 4396 589 4449 in
615 4396 694 4450 Luna
720 4393 910 4464 plenilunium
937 4392 1061 4445 tribuens
1089 4391 1176 4445 ethis
1199 4392 1413 4461 apparitionibus
1432 4394 1514 4448 nnius
1533 4394 1601 4462 signi
1627 4385 1634 4401 ⁸

153 4524 155 4528 .
247 4474 433 4543 latitudinem,
452 4490 501 4542 per
518 4490 598 4543 quum
618 4473 774 4528 indifferens
793 4480 883 4527 manet
902 4472 1045 4540 apparitio,
1065 4487 1115 4525 nec
1133 4470 1263 4525 intactum
1282 4486 1333 4525 nec
1350 4471 1417 4526 illud
1435 4472 1599 4540 relinquens,

247 4553 320 4622 quod
333 4553 419 4622 Luna,
438 4560 567 4621 quantum
581 4555 703 4621 acquirat
714 4553 822 4608 luminis
840 4552 867 4605 in
887 4550 1015 4605 distantia
1034 4550 1113 4603 unius
1131 4549 1201 4617 signi
1220 4566 1236 4601 a
1254 4549 1326 4618 Sole,
1345 4556 1452 4604 tantum
1471 4550 1601 4621 deperdat

245 4632 274 4685 in
293 4631 422 4688 distantis
439 4634 518 4689 nnius
536 4634 605 4702 signi
625 4648 642 4687 a
661 4633 731 4686 Solis
756 4632 895 4700 opposito:
925 4630 998 4698 quod
1023 4638 1163 4697 comparat
1191 4644 1252 4681 cum
1279 4628 1491 4685 identi‘sonantia
1516 4632 1601 4701 ipsius

246 4708 386 4780 diapason,
405 4720 436 4766 ut
453 4713 481 4767 in
499 4727 554 4780 qua
572 4719 614 4765 est
631 4713 712 4767 etiam
730 4711 757 4764 in
777 4710 909 4779 oppositis
928 4709 1040 4763 vocibus
1059 4707 1193 4776 quaedam
1212 4709 1309 4762 unitas.

332 4806 406 4863 Nota
423 4807 470 4861 IX.
507 4806 686 4861 Confitentem
704 4806 835 4862 habemus
853 4805 1052 4870 Ptolemaeum,
1080 4819 1110 4857 se
1128 4803 1344 4872 comparationes
1363 4803 1471 4858 tradere
1490 4806 1598 4860 minime

246 4894 402 4955 accuratas,
430 4902 491 4941 cum
510 4894 604 4940 utatur
630 4904 695 4941 voce
715 4886 979 4956 «quamproxime».
1016 4885 1054 4938 Et
1079 4897 1124 4937 res
1142 4883 1202 4951 ipsa
1220 4882 1351 4951 loquitur,
1380 4900 1440 4938 cum
1461 4885 1515 4940 sint
1533 4886 1599 4940 hoec

246 4967 457 5022 occultationum
475 4966 618 5021 intervalla
645 4968 672 5020 in
689 4966 802 5022 diversis
829 4965 947 5034 planetis
965 4962 1161 5029 diversissima,
1188 4963 1215 5015 in
1233 4962 1338 5016 Venere
1360 4962 1502 5017 interdum
1521 4964 1599 5034 plane

246 5045 336 5114 nulla,
355 5053 386 5100 ut
403 5044 456 5099 hoc
474 5061 545 5100 anno
567 5047 642 5102 1619.
661 5045 823 5110 Februario,
852 5042 1006 5112 comptius
1025 5048 1147 5096 estorta
1163 5056 1256 5110 mane,
1285 5057 1366 5108 quam
1385 5042 1523 5099 occideret
1541 5060 1597 5098 ves·

249 5124 321 5193 peri;
350 5123 432 5192 igitur
459 5123 640 5178 occultatione
666 5125 760 5179 caruit.
798 5123 900 5192 Quodsi
925 5138 1001 5177 meae
1019 5121 1235 5188 comparationes
1254 5135 1339 5187 aeque
1357 5120 1528 5190 negligentes
1547 5124 1599 5179 sint

245 5217 431 5258 mensurarum
444 5204 612 5273 quantitatis,
631 5220 684 5258 nou
698 5218 790 5271 renuo,
810 5202 875 5271 quin
893 5200 986 5255 eodem
1000 5201 1060 5254 loco
1078 5199 1238 5265 habeantur,
1258 5216 1312 5269 quo
1326 5199 1508 5256 Ptolemaicac
1521 5202 1596 5258 istae.

332 5299 404 5353 Nota
422 5299 455 5355 X.
492 5299 713 5355 Suhaudiendum
739 5299 784 5353 hic
811 5304 865 5352 est:
893 5295 1120 5365 quemadmodum
1146 5297 1236 5351 tonica
1262 5294 1405 5350 intervalla
1431 5297 1597 5366 respondent

245 5375 420 5433 duodecimae
439 5381 510 5446 parti
528 5378 622 5434 circuli
641 5387 669 5434 et
686 5387 751 5434 sunt
769 5375 929 5432 duodecima
946 5390 1010 5443 pars
1028 5375 1162 5432 intervalli
1191 5376 1305 5446 perlecti
1323 5378 1479 5446 systematis
1499 5376 1596 5433 disdia-

244 5471 344 5526 pas0n;
363 5457 391 5512 id
409 5458 480 5511 enim
497 5456 608 5513 tradidit
625 5457 672 5511 ille
690 5458 779 5525 capite
797 5458 822 5513 9.
842 5465 869 5512 et
887 5472 937 5511 nos
956 5456 992 5509 ihi
1011 5457 1232 5524 examinavimus,
1251 5462 1368 5524 ostenso,
1387 5456 1461 5523 quod
1483 5473 1594 5526 propor-

244 5534 344 5590 tionem
363 5534 473 5604 duplam
491 5536 577 5605 ipsius
596 5536 726 5605 diapason
744 5553 798 5590 nou
816 5538 922 5604 possint
946 5544 1042 5590 exacte
1060 5537 1225 5591 constituere
1243 5534 1450 5602 sesquioctavae
1466 5536 1595 5604 integrae.

267 5653 275 5668 κ
330 5631 403 5686 Nota
421 5630 468 5684 lll.
505 5630 599 5699 Capite
620 5632 644 5687 9.
664 5639 815 5702 tetragono,
834 5639 865 5685 ut
882 5632 1014 5700 aspectui,
1035 5632 1087 5686 tria
1104 5632 1211 5701 integro
1224 5632 1300 5700 signa
1312 5630 1535 5701 accensehantnr,
1553 5631 1596 5686 hic

226 5708 339 5780 ,eidem
357 5718 388 5767 ut
405 5708 492 5782 phtisi,
511 5709 624 5767 semisse
642 5711 741 5781 miuus,
759 5710 787 5766 id
805 5725 868 5766 vero
887 5708 1014 5765 affectate
1032 5710 1067 5766 oh
1085 5710 1263 5779 inuisum,
1280 5710 1309 5766 in
1327 5726 1381 5780 quo
1399 5717 1483 5767 tonus
1501 5710 1594 5784 msjor,
