3684 7259
647 1265 648 1269 ,
750 1210 834 1266 Liber
850 1209 900 1265 III.
921 1209 1010 1279 Caput
1025 1209 1100 1265 xiv.
1537 1207 1599 1268 889

246 1387 335 1444 minor
352 1393 379 1442 et
396 1386 577 1455 semitonium,
596 1393 624 1442 et
641 1386 680 1442 sic
697 1386 755 1441 toni
774 1385 828 1440 duo
846 1384 928 1439 semis
946 1388 1159 1449 nomenante,
1178 1379 1226 1437 sed
1246 1380 1342 1436 saltem
1361 1377 1552 1449 nuncupativo,
1570 1384 1602 1434 nt

248 1465 422 1521 Ptolemaeus
440 1466 499 1534 ipse
518 1464 718 1521 demonstrarit
746 1464 814 1518 'Ioui
833 1465 903 1517 euim
922 1479 971 1518 seu
990 1462 1173 1533 proportionis
1192 1459 1398 1529 sesquioctavae
1416 1458 1536 1514 semIssis
1555 1474 1600 1513 ex·
1638 1497 1641 1501 Α

246 1551 309 1598 acta
327 1551 369 1598 est
386 1542 520 1597 ineffabile
538 1542 685 1613 quippiam.

333 1638 406 1692 Nota
422 1636 482 1692 XII.
519 1639 659 1692 Hactenus
677 1638 760 1706 igitur
777 1637 846 1693 tales
859 1638 1075 1707 comparationes
1093 1636 1192 1706 attulit,
1212 1652 1282 1706 quae
1299 1635 1425 1705 planetas
1442 1650 1536 1689 omnes
1553 1643 1602 1689 aut

247 1726 319 1773 certe
336 1716 464 1784 maiorem
484 1733 576 1772 eorum
594 1727 698 1785 partem
717 1718 893 1772 communiter
911 1717 1072 1772 attinebant.
1091 1717 1153 1772 Jaru
1171 1732 1201 1771 se
1219 1716 1363 1787 accingens
1381 1715 1416 1770 ad
1435 1712 1601 1781 singulorum

247 1796 326 1852 orbes
345 1803 373 1850 et
390 1803 481 1849 motus
500 1812 561 1850 cum
579 1798 662 1850 rebus
679 1797 789 1851 musicis
807 1796 1005 1865 comparandos
1031 1796 1059 1851 in
1077 1797 1137 1866 ipso
1155 1802 1255 1851 conatu
1272 1795 1387 1866 deiecit,
1415 1794 1516 1850 relictis
1535 1794 1600 1848 lem·

248 1876 365 1930 motibus
384 1876 503 1944 capitum
522 1876 580 1930 siue
597 1876 769 1930 tractatione.

333 1973 405 2025 Nota
422 1970 497 2024 XIII.
535 1968 676 2023 Praefatur
688 1977 786 2035 autem,
805 1985 835 2024 se
847 1985 959 2025 usurum
972 1971 1156 2040 experieutlae
1169 1971 1332 2036 testimonio,
1352 1985 1400 2024 seu
1413 1968 1601 2025 ohsemtione

249 2066 357 2105 «eorum
376 2065 446 2119 quae
464 2050 534 2103 fiunt
552 2049 593 2102 vel
612 2049 687 2103 facta
705 2056 794 2103 suut».
829 2048 874 2102 Sic
892 2050 963 2103 anim
982 2055 1026 2104 est
1041 2048 1217 2119 intelligenda
1234 2064 1286 2102 vox
1305 2048 1415 2115 ultima,
1435 2047 1487 2102 uisi
1505 2064 1601 2104 manca

248 2139 276 2187 et
293 2121 452 2199 imperfecta
470 2130 506 2184 sit
524 2136 551 2183 et
569 2129 686 2197 abrupta
704 2127 824 2197 scriptio.
863 2129 946 2196 Cujus
964 2130 1004 2183 rei
1023 2127 1204 2199 suspicionem
1223 2127 1391 2197 praebetis,
1420 2127 1466 2195 qui
1485 2142 1600 2198 sequen-

246 2209 286 2264 tia
303 2210 355 2263 tria
374 2211 465 2278 capita
490 2208 673 2274 concinuerit,
700 2224 732 2262 eo
760 2206 833 2276 quod
860 2208 929 2262 haee
954 2210 1036 2263 rerba
1055 2223 1089 2262 ex
1106 2207 1160 2261 flue
1179 2208 1259 2275 hujus
1278 2207 1376 2275 capitis
1394 2207 1421 2262 in
1439 2207 1600 2278 principium

247 2290 386 2358 sequentis
403 2286 521 2344 ‘contulit
540 2294 644 2343 etcum
663 2288 721 2342 aliis
747 2286 836 2342 verbis
854 2303 909 2341 una
931 2288 1132 2343 constructione
1159 2285 1314 2342 connexuit.
1349 2286 1483 2342 Existimo
1502 2291 1600 2353 antem

247 2367 308 2421 ideo
328 2366 478 2436 pollicitum
505 2382 566 2420 esse
584 2365 768 2421 Ptolemaeum
796 2366 1015 2422 observationum
1040 2389 1089 2420 nov
1105 2386 1247 2435 percussor
1274 2363 1355 2432 (forte
1373 2365 1599 2434 phaenomeuon),

232 2435 311 2515 'quia
330 2453 394 2500 suut
412 2452 502 2500 certae
521 2445 741 2508 ohservationes,
760 2446 859 2514 quibus
878 2445 1048 2513 planetarum
1067 2444 1138 2500 alius
1156 2444 1209 2498 alio
1228 2441 1360 2510 probatu
1378 2442 1461 2498 altior
1479 2458 1553 2500 esse:
1573 2452 1601 2498 et

247 2539 310 2578 vero
329 2523 495 2593 comparatio
523 2525 683 2579 musicarum
711 2541 801 2579 rerum
828 2539 889 2579 com
915 2524 1029 2593 singulis
1048 2525 1172 2594 sphaeris
1189 2523 1253 2577 huic
1278 2519 1448 2598 planetarum
1466 2523 1554 2579 ordini
1572 2523 1600 2577 iu

248 2602 390 2658 altitudine
408 2602 503 2658 debuit
520 2603 607 2658 inuiti.
1307 2599 1310 2606 Δ

783 2823 925 2894 CAPUT
952 2811 1061 2894 ital

246 2987 347 3042 Juxta
365 3003 446 3056 quos
464 2986 591 3056 primos
610 3002 767 3040 numeros
782 2988 814 3054 ¹¹)
833 2987 1022 3055 comparari
1039 2984 1173 3055 possint
1191 2982 1335 3040 stabiles
1354 2984 1610 3056 soni'exsyste·'

262 3080 348 3127 mate
365 3072 522 3141 perlecto
541 3072 658 3141 primis
677 3073 821 3127 orbibus
840 3090 953 3128 eorum
967 3073 1231 3142 (siderum)quae
1249 3073 1282 3127 iu
1301 3070 1421 3127 mundo
1442 3074 1580 3142 suntm).

334 3224 489 3299 Quomodo
514 3229 601 3302 Igitur
631 3226 813 3303 planetarum
842 3230 870 3286 ln
901 3244 1008 3303 genere
1031 3235 1192 3285 sumtorum
1226 3223 1277 3284 alii
1308 3241 1374 3283 cum
1397 3224 1464 3283 aliIs
1488 3228 1599 3285 consti-

248 3321 332 3371 toaut
355 3322 448 3371 certas
478 3314 621 3390 quasdam
645 3314 836 3391 efficacesque
860 3314 1118 3389 configurationes,
1150 3312 1358 3390 respondentes
1382 3312 1513 3388 singulas
1536 3316 1600 3372 siu·
1627 3352 1636 3370 .

247 3401 326 3472 gulis
349 3402 376 3456 in
400 3400 568 3460 harmonica
591 3402 730 3460 facultate
754 3405 967 3477 consonantiis,
998 3400 1106 3461 dictum
1131 3409 1175 3460 est
1198 3400 1348 3459 hactenus.
1393 3398 1445 3459 Sol
1468 3402 1546 3459 cuim
1570 3409 1599 3462 et
1689 3447 1693 3456 .

247 3490 368 3546 comites
393 3489 466 3563 ejus.
490 3489 591 3547 Venus
615 3489 836 3565 Mercuriusque
861 3508 926 3549 cum
949 3488 1068 3565 reliquis
1091 3496 1227 3564 quatuor,
1250 3494 1333 3546 motu
1356 3488 1491 3547 omnIbus
1515 3505 1598 3547 com-

247 3578 327 3633 muni
351 3592 401 3651 per
422 3576 574 3634 zodiacum
599 3594 699 3635 omues
723 3576 883 3655 explicatas
907 3577 1152 3652 configurationes
1173 3575 1299 3636 subeunt
1314 3569 1374 3656 W).
1404 3574 1476 3634 Cum
1500 3584 1599 3637 autem

247 3679 305 3721 non
338 3669 451 3720 tautum
480 3681 662 3722 communem
685 3664 814 3722 habeant
836 3674 947 3731 motum
970 3681 1020 3742 per
1043 3663 1214 3732 zodiacum,
1248 3662 1300 3722 sed
1324 3661 1481 3776 *iactas
1509 3665 1598 3723 etlam

246 3749 356 3824 singuli
378 3752 548 3825 possideant
571 3752 725 3827 sphaeras,
758 3753 866 3827 quibus
891 3761 1058 3823 vectantur,
1089 3751 1156 3826 jure
1179 3749 1344 3809 allubescat¹
1365 3747 1477 3808 homini
1499 3750 1598 3827 philo·

246 3836 341 3913 sopho
364 3836 481 3911 ridere,
514 3855 584 3896 num
608 3842 696 3897 etiam
717 3856 769 3914 per
791 3839 921 3913 singulos
944 3839 1078 3914 planetas
1107 3836 1245 3897 succedat
1267 3838 1388 3896 ulterior
1409 3836 1511 3913 aliqua
1532 3856 1597 3898 cum

248 3924 426 3982 harmonicis
449 3928 640 4002 comparatio.
686 3925 815 3984 Primum
837 3928 928 4002 igitur
945 3944 1128 4001 quaeramus,
1153 3924 1223 4000 quid
1245 3941 1345 3983 rerum.
1363 3921 1597 3985 harmonicorum

247 4027 313 4085 epm
335 4011 470 4088 sphaeris
492 4012 673 4087 singulorum
702 4014 893 4089 probabiliter
926 4015 1047 4072 conierri
1080 4015 1182 4090 possit.
1228 4010 1341 4087 Opinor
1370 4019 1484 4085 autom,
1513 4015 1597 4089 sequi

248 4116 363 4157 summa
385 4101 500 4158 ratione
523 4100 561 4160 ad
584 4117 628 4172 ea,
652 4118 728 4177 quae
751 4100 893 4161 hactenus
915 4103 1139 4179 usurpavimus,
1162 4105 1196 4157 ut
1217 4102 1293 4158 sicut
1317 4115 1336 4157 a
1357 4095 1597 4173 configurationi-

246 4186 318 4259 bus,
343 4185 379 4244 de
402 4188 509 4262 quibus
531 4187 682 4259 hactenus,
706 4191 863 4248 transimus
885 4187 922 4246 ad
945 4191 1012 4265 ipsa
1034 4204 1169 4265 corpora,
1193 4203 1271 4289 quae
1294 4185 1520 4262 configurantur,
1543 4203 1597 4247 eo-

246 4290 368 4349 rumque
391 4275 491 4347 orbes,
524 4277 566 4333 sio
597 4278 685 4335 etlam
718 4294 737 4334 a
768 4277 981 4348 consonantiis,
1017 4292 1090 4351 quas
1123 4276 1286 4333 invenimus
1317 4272 1492 4349 respondere
1525 4291 1598 4333 con-

246 4359 483 4437 figurationibus,
516 4379 592 4421 nunc
627 4373 807 4422 transeamus
839 4363 877 4421 ad
900 4366 981 4438 ipsos
1004 4369 1198 4421 consonantes
1220 4376 1309 4420 sonos
1343 4377 1500 4437 eorumque
1533 4362 1598 4422 etfl-

246 4450 343 4520 cieus,
376 4448 498 4507 chordas
527 4450 647 4525 perlecti
681 4452 864 4527 systematis,
896 4459 986 4525 atque
1019 4451 1062 4507 sic
1092 4448 1275 4525 planetarum
1307 4448 1488 4524 singulorum
1513 4451 1597 4510 orbes

247 4552 312 4595 cum
336 4535 458 4610 singulis
481 4535 613 4607 chordis,
645 4540 725 4595 souis
748 4555 801 4595 seu
823 4537 896 4596 locis
918 4538 1086 4614 systematis
1110 4551 1311 4612 comparemus
1336 4532 1375 4614 V).
1415 4535 1498 4595 Sicut
1520 4540 1597 4597 euim

247 4626 456 4682 consonantiae
489 4623 709 4683 considerantur
732 4624 885 4698 absolute,
918 4627 982 4683 siue
1010 4631 1144 4700 respectu
1172 4623 1336 4682 altitudinis
1367 4624 1395 4679 iu
1424 4631 1595 4701 systemate,
1626 4619 1629 4624 ’

246 4727 312 4769 cum
336 4710 437 4769 eadem
469 4713 660 4770 consonantia
692 4714 785 4788 possit
815 4728 879 4771 esse
901 4718 962 4770 tam
985 4712 1058 4769 inter
1086 4712 1238 4787 graviores
1264 4727 1368 4783 sonos,
1403 4727 1492 4786 quam
1520 4714 1595 4771 iuter

246 4799 406 4870 acutiores,
437 4800 479 4857 sic
503 4800 592 4857 etiam
614 4799 859 4874 configurationes
882 4807 911 4858 et
934 4808 1069 4878 aspectus
1091 4806 1160 4858 sunt
1189 4800 1353 4874 promiscue
1377 4800 1505 4857 omnium
1529 4799 1596 4877 pla·

245 4893 397 4957 netarum,
420 4903 470 4944 seu
494 4886 662 4945 inferiorum
685 4905 737 4947 seu
759 4889 950 4963 superiomm.
993 4886 1031 4945 Et
1053 4888 1182 4945 vicissim
1205 4889 1281 4944 sicut
1302 4886 1368 4943 soni
1391 4885 1513 4945 stabiles
1532 4885 1596 4963 jam

244 4989 299 5031 soa
322 4973 433 5031 habent
453 4976 604 5048 assignata
626 4983 705 5033 certa
728 4975 794 5034 loca
823 4976 852 5032 in
881 4980 1057 5052 systemate,
1090 4975 1133 5033 sic
1161 4972 1298 5050 planetae
1329 4970 1438 5049 singuli
1465 4973 1596 5050 singulas

245 5060 387 5137 sphaeras
409 5062 438 5117 in
461 5061 569 5119 mundo
586 5058 637 5139 VI).

295 5208 297 5210 ,
331 5146 422 5205 Porro
446 5165 511 5205 cum
534 5165 593 5206 non
617 5160 731 5206 tantum
753 5150 840 5206 unius
862 5147 1000 5224 planetae
1022 5147 1120 5225 plores
1143 5148 1202 5206 sint
1224 5148 1319 5220 orbes,
1342 5146 1394 5206 sed
1417 5150 1506 5207 etiam
1527 5165 1597 5224 per·

245 5235 313 5293 lecti
329 5237 505 5311 systematis,
531 5236 609 5310 quod
626 5246 717 5294 totam
733 5234 919 5295 harmonicae
935 5236 1212 5312 contemperationis
1224 5234 1427 5311 complectitur
1450 5243 1594 5308 naturam,

244 5321 343 5398 plures
366 5321 501 5394 chordae,
526 5341 613 5398 quam
637 5326 664 5379 in
689 5321 798 5380 mundo
820 5318 1036 5399 planetaevflie
1060 5321 1190 5380 delectus
1213 5330 1258 5381 est
1279 5330 1428 5398 utcunque
1450 5322 1597 5382 adhihen-

245 5408 301 5467 dus
323 5411 387 5482 Iste,
411 5419 443 5467 ut
466 5409 525 5469 illic
549 5412 656 5487 primas
678 5426 811 5485 quasque
825 5409 975 5483 sphaeras,
1000 5425 1076 5483 quae
1091 5407 1218 5484 reliquas
1241 5409 1290 5466 uni
1312 5407 1449 5485 planetae
1471 5410 1596 5469 tributas

244 5498 373 5555 exterius
396 5498 574 5574 complexae,
598 5505 680 5555 motu
702 5496 847 5572 cujusque
869 5498 987 5573 proprio
1010 5503 1040 5555 et
1061 5495 1211 5571 aequabili
1235 5497 1311 5555 circa
1333 5495 1441 5577 Terrae
1464 5503 1594 5556 cenhum

246 5592 378 5656 vectant,
410 5592 438 5643 et
463 5585 509 5642 hic
533 5587 683 5661 primarias
706 5583 829 5642 chordas
851 5600 904 5642 seu
927 5597 1016 5656 sonos
1039 5582 1175 5654 stabiles,
1206 5586 1256 5660 qui
1278 5599 1330 5660 por
1353 5582 1595 5644 diversacantus

245 5687 353 5746 genera
376 5681 520 5747 tonosque
544 5689 645 5731 omnes
676 5670 762 5730 iidem
786 5688 900 5749 semper
921 5677 1107 5750 permanent,
1141 5686 1197 5731 uec
1227 5676 1259 5729 ut
1288 5673 1375 5732 ceteri
1406 5670 1595 5733 intendantur
