3684 7259
748 1214 832 1270 Liber
848 1213 896 1270 IV.
915 1209 1005 1285 capnt
1021 1211 1056 1273 V.
1509 1221 1573 1282 m

224 1380 336 1436 interior
352 1389 466 1452 propter
482 1386 743 1455 magls‘exterlores.
779 1387 846 1457 Ipsa
863 1387 991 1458 princeps
1016 1396 1044 1446 ‘et
1070 1403 1196 1459 suprema
1214 1388 1319 1445 animae
1343 1390 1480 1460 mundari
1500 1405 1576 1447 mena
1606 1406 1617 1428 ⁴

225 1460 309 1526 dicta,
337 1463 404 1529 quid
422 1473 464 1519 est
482 1467 534 1519 nisi
552 1468 695 1529 centrum?
723 1465 788 1535 qnid
806 1469 1008 1536 ratiocinativa,
1031 1470 1084 1524 nisi
1102 1469 1238 1526 circulus?
1273 1471 1343 1525 Nam
1367 1468 1437 1524 sicut
1455 1476 1575 1530 centrum
1668 1484 1675 1492 ·

225 1537 298 1595 intus
318 1550 370 1609 est,
388 1545 506 1601 circulus
526 1545 654 1614 exterius,
672 1547 711 1600 sic
730 1562 804 1600 mens
815 1562 905 1601 secum
918 1548 980 1616 ipsa
991 1556 1091 1612 manet,
1108 1548 1188 1602 ratio·
1334 1584 1384 1635 μ’,
1399 1580 1432 1625 gg

227 1619 326 1673 cinatio
345 1623 427 1679 telam
446 1624 580 1694 quandam
600 1624 760 1679 exteriorem
777 1627 858 1695 texit;
878 1635 906 1680 et
921 1627 993 1682 sicut
1004 1635 1126 1683 centrum
1140 1628 1190 1682 cir·

225 1699 287 1770 culi,
307 1703 347 1758 sic
365 1720 440 1757 mens
459 1701 694 1756 ratiocinationum
713 1704 794 1773 basis,
813 1705 922 1760 luns'et
941 1707 1015 1775 origo
1034 1713 1085 1761 est
1121 1706 1189 1760 liur-

226 1794 285 1833 sum
305 1783 391 1835 omnis
413 1781 482 1835 haeo
499 1782 604 1851 animae
628 1780 744 1836 facultas
767 1790 821 1835 tarn
840 1781 1009 1853 intellectus,
1036 1788 1190 1854 quamdis·

225 1874 335 1928 cursus,
359 1860 476 1926 denique
495 1860 576 1912 etiam
595 1860 736 1928 sensitiva,
761 1869 825 1915 suut
843 1867 967 1915 centrum
987 1861 1136 1933 quoddam,
1162 1871 1191 1918 at

224 1934 367 1993 facultates
386 1940 491 1992 animae
509 1937 649 2005 tnotrices,
668 1937 797 2007 circulua3
816 1938 879 2006 qnia
897 1955 1005 1994 rursum
1023 1948 1054 1995 nt
1071 1940 1188 1995 circulus

225 2024 353 2071 externus
372 2016 583 2083 circumponitur
601 2021 702 2084 centro,
721 2017 760 2071 sic
778 2017 899 2085 operatio
918 2017 952 2075 ad
966 2027 1044 2073 extra
1057 2026 1107 2087 est,
1126 2035 1188 2089 cog-

224 2096 291 2150 nitio
308 2096 501 2164 meditatioque
519 2093 658 2162 perficitnr
675 2095 756 2162 intua,
775 2102 804 2148 et
819 2102 850 2148 nt
861 2095 979 2150 circulus
997 2097 1030 2151 ad
1050 2105 1188 2168 punctum,

225 2171 265 2225 sic
282 2172 480 2241 quodammodo
498 2187 528 2227 se
546 2170 630 2224 habet
653 2174 723 2226 actio
741 2181 854 2228 externa
876 2175 910 2228 ad
934 2178 1188 2246 contemplationem

225 2253 368 2328 internam,
386 2260 475 2308 motus
494 2251 616 2329 animalis
635 2249 669 2304 ad
682 2253 841 2307 sensionem.
877 2253 1011 2312 Punctum
1030 2256 1107 2322 enlin
1126 2256 1190 2328 quia

226 2332 348 2400 nudique
366 2331 520 2400 oppositum
540 2328 779 2396 circumferentiae,
797 2339 889 2400 aptum
908 2342 1002 2389 natum
1022 2343 1064 2389 est
1080 2350 1189 2404 reprae-

225 2412 357 2466 sentando
377 2410 505 2480 patienti,
524 2417 552 2462 et
564 2409 654 2463 anima
671 2409 799 2464 sensitiva
816 2411 857 2463 rel
873 2411 918 2464 liic
930 2411 1110 2467 radiationum
1123 2429 1183 2482 per-

225 2490 342 2559 ceptiva,
371 2489 435 2557 qnid
454 2486 527 2542 aliud
546 2486 687 2541 sentiendo
711 2495 739 2539 et
756 2488 945 2558 percipiendo,
969 2506 1048 2557 qnam
1067 2493 1187 2561 patitur?
1231 2511 1234 2522 ¹

224 2587 261 2625 ac.
281 2570 345 2638 quia
363 2576 488 2621 movetur
505 2565 626 2633 objectis.
664 2566 849 2636 comparando
864 2567 945 2620 etiam
963 2568 1104 2637 utramque
1117 2586 1187 2625 com-

223 2650 412 2717 parationem:
425 2656 455 2699 ut
473 2645 544 2699 idem
563 2645 689 2713 utrinqne
707 2652 839 2712 centrum,
860 2644 991 2699 cicadam
1010 2646 1104 2701 eadem
1122 2664 1188 2716 quo·

226 2726 368 2779 dammodo
388 2722 549 2791 cognitionis
568 2721 654 2777 forma
672 2731 722 2791 est,
741 2722 866 2778 mentalis
878 2720 1005 2792 princeps
1024 2732 1052 2779 et
1060 2725 1189 2779 sensitiva

225 2807 267 2859 rel
286 2808 311 2858 ei
329 2804 452 2870 analoga,
471 2801 626 2869 perceptivu
644 2801 835 2871 radiationum,
854 2809 952 2858 neutra
970 2803 1094 2858 discursu
1113 2804 1140 2859 in
1159 2820 1189 2859 se

224 2885 293 2953 ipsa,
313 2888 446 2951 quatenus
463 2878 534 2941 talis,
554 2877 647 2947 utitur,
664 2880 712 2934 sed
731 2882 872 2949 cognoscit
889 2883 959 2936 citra
973 2882 1059 2935 illum.
1096 2883 1132 2937 Ut
1150 2882 1189 2936 ita

226 2960 261 3014 sit
278 2961 346 3013 haec
363 2959 443 3026 illius,
463 2964 559 3010 natura
578 2955 638 3009 dicu
652 2958 804 3015 sublunaris
817 2968 864 3014 aut
877 2963 957 3015 etiam
974 2961 1103 3015 sensitiva
1115 2977 1188 3018 men·

224 3041 260 3093 tis
279 3040 412 3093 humanae
431 3037 560 3106 principis
578 3037 667 3090 tenuis
681 3037 812 3106 quaedam
825 3039 925 3103 imago.
946 3041 1017 3095 sicut
1028 3040 1075 3095 ille
1087 3040 1190 3094 discur-

226 3134 273 3172 sus
291 3119 404 3173 rationis
422 3117 518 3170 harum
536 3119 673 3173 actiowm
697 3125 745 3172 aut
762 3119 950 3186 operationum
975 3119 1079 3172 animae
1100 3120 1189 3186 imago

225 3206 280 3267 est,
300 3207 415 3266 utraque
433 3197 558 3252 circulus.
618 3229 621 3235 ·

313 3277 455 3344 Quatenus
472 3276 555 3347 igitur
572 3277 677 3332 animae
695 3275 849 3344 percipiunt
865 3275 1031 3331 radiationes
1052 3276 1185 3333 coelestes
1211 3286 1240 3333 et
1258 3282 1297 3336 siu
1314 3279 1349 3333 iis
1373 3277 1452 3348 quasi
1469 3290 1576 3331 moren-

224 3363 270 3411 tur
289 3371 379 3410 secum
397 3354 474 3422 ipsae
491 3355 578 3423 intus,
604 3356 684 3411 nobis
702 3364 804 3425 puncta
823 3364 921 3424 sunto,
946 3363 1081 3424 quatenus
1100 3371 1164 3411 vero
1183 3358 1300 3414 vicissim
1318 3364 1439 3423 movent,
1465 3355 1517 3408 hoc
1535 3359 1578 3408 eat

227 3440 359 3502 quatenus
378 3440 523 3502 perceptas
542 3434 722 3488 radiationum
740 3434 897 3489 harmonius
915 3434 1084 3488 transierunt
1101 3434 1128 3488 in
1141 3451 1224 3504 opera
1236 3445 1286 3491 sua
1300 3436 1388 3504 iisque
1405 3432 1578 3488 stimulantur

227 3512 261 3565 ad
280 3514 431 3579 agendum,
450 3513 618 3566 considerari
636 3512 737 3566 debent
755 3520 786 3566 ut
804 3512 930 3566 circulus.
968 3512 1097 3582 Sequitur
1114 3512 1204 3581 igitur,
1224 3521 1254 3569 ut
1271 3514 1298 3567 in
1315 3518 1445 3581 quantum
1459 3518 1577 3578 ‘cogam

227 3594 264 3647 cit
283 3592 438 3645 harmonias
456 3591 606 3661 radiorum,
631 3598 780 3661 occupetur
796 3591 967 3660 potissimum
994 3591 1066 3644 circa
1084 3593 1230 3647 centraletu
1251 3594 1377 3663 liguram3
1400 3591 1428 3645 in
1446 3591 1577 3661 qu'antnrn

225 3688 288 3726 vero
308 3678 445 3739 operatur,
465 3671 539 3725 ciens
557 3678 678 3726 meteora
697 3674 735 3737 (et
753 3684 823 3738 quae
841 3666 938 3722 similia
956 3668 1124 3737 innomine),
1143 3670 1378 3726 circumferentiali
1398 3684 1459 3723 sese
1470 3679 1577 3722 acconi-

226 3751 325 3806 modet.
362 3752 398 3804 Et
415 3751 519 3804 veroin
532 3756 643 3818 aspectu
656 3750 732 3817 prior
743 3757 786 3803 est
799 3747 877 3803 nobis
890 3764 957 3803 cura
969 3748 1105 3803 efficaciae
1118 3765 1196 3820 quarn
1211 3752 1297 3817 modi,
1316 3763 1368 3821 quo
1381 3751 1404 3804 ls
1414 3748 1579 3817 percipiatur

228 3830 261 3884 ab
280 3829 369 3882 anima
388 3835 530 3897 operante,
555 3828 732 3897 prior'igitur
749 3835 777 3881 et
795 3826 1044 3892 circumferentiulis
1063 3842 1143 3895 quam
1162 3828 1288 3884 centralis
1306 3828 1410 3897 figurae
1427 3829 1576 3895 respectus.

313 3912 370 3970 Hie
396 3912 490 3989 ligura
517 3914 626 3990 figurae
655 3915 685 3970 in
714 3930 773 3971 uno
804 3919 833 3971 et
862 3910 966 3970 eodem
987 3918 1121 3988 respectu
1144 3912 1198 3971 luit
1229 3909 1354 3986 collata;
1384 3914 1415 3967 in
1443 3910 1576 3984 sequenti

229 4003 361 4076 gemina,
386 4004 539 4079 supposita
562 3999 665 4059 eadem
688 3999 797 4076 figura,
823 4008 987 4077 opponetur
1010 3999 1073 4075 ejus
1093 4001 1262 4076 'congruitas
1286 3998 1445 4070 scibilitati.

314 4104 538 4181 Propositio
553 4104 640 4189 'llll'
675 4106 708 4163 ln
731 4105 825 4181 ligura
847 4101 1098 4165 circumferentiali
1122 4111 1252 4180 praestat
1274 4103 1463 4178 congruentia
1486 4098 1576 4176 scibi7

228 4193 304 4252 litati
326 4192 444 4266 lateris,
466 4195 496 4251 in
520 4193 641 4264 centrali
664 4194 792 4255 vicissim
815 4201 945 4270 praestat
959 4192 1101 4251 scibilitas
1116 4191 1215 4251 lateris
1235 4191 1440 4267 congruentiae
1456 4187 1575 4263 figurae.

315 4294 437 4349 Pertinet
455 4295 523 4349 haec
541 4292 690 4363 propositio
710 4291 745 4345 ad
764 4292 1022 4347 consummationem
1040 4291 1088 4359 rei,
1107 4307 1183 4360 prop.
1197 4292 1222 4346 3.
1237 4289 1389 4343 inchoatae.
1425 4285 1487 4341 Etsi
1505 4285 1576 4341 euim

227 4374 315 4442 potior
333 4374 361 4427 in
379 4375 404 4426 l.
424 4390 503 4443 quam
521 4376 548 4428 in
568 4375 592 4427 3».
612 4366 655 4427 est
672 4372 862 4440 congruentia,
887 4372 977 4441 potior
995 4371 1075 4425 etiam
1099 4370 1168 4424 libro
1187 4369 1235 4424 Ill.
1253 4369 1306 4423 init
1323 4365 1575 4435 demonstrabih'taa,

227 4455 295 4507 haec
317 4461 407 4505 tamen
433 4453 663 4506 aconstitutionc
685 4458 845 4520 aspectuum
870 4466 925 4503 non
947 4450 1056 4518 penitus
1079 4456 1123 4503 est
1146 4448 1313 4517 separanda,
1338 4463 1398 4500 cum
1423 4444 1491 4499 nulli
1513 4460 1576 4499 eon·

226 4531 367 4599 gruentiae
391 4545 441 4583 sua
465 4529 536 4583 desit
560 4529 709 4583 scientifica
734 4527 922 4583 determinatio
946 4527 1069 4597 adeoque
1093 4528 1127 4582 ab
1150 4527 1198 4582 illa
1220 4527 1373 4597 dependeat
1395 4540 1456 4580 cnm
1474 4524 1576 4587 latuit.

226 4617 283 4663 tum
301 4610 448 4677 praecipue
473 4625 553 4664 areae
571 4609 783 4677 conprehensae
806 4624 822 4661 a
840 4606 945 4676 figurae
962 4606 1107 4676 lateribns3
1135 4609 1169 4663 ab
1188 4608 1294 4677 angulis
1316 4606 1403 4676 enim,
1430 4605 1458 4659 ln
1477 4602 1576 4673 quitus

227 4687 330 4743 residet
347 4687 472 4756 aptitudo
491 4689 526 4742 ad
545 4689 761 4756 congruendum,
780 4688 931 4741 arcessitur
949 4685 1153 4740 demonstratio.
1536 4709 1541 4717 ¹

316 4766 395 4833 Quod
418 4767 501 4834 igitur
520 4769 732 4836 propositionem
757 4766 827 4821 hanc
845 4764 932 4834 ipsam
950 4764 1062 4833 attinet,
1087 4765 1194 4822 ridetur
1216 4765 1380 4821 eontrarium
1403 4763 1462 4832 nus
1486 4777 1577 4820 verum

227 4861 296 4909 esse,
315 4854 370 4899 tam
390 4846 417 4899 in
435 4864 505 4912 uno,
530 4863 611 4917 quam
629 4847 656 4900 in
675 4847 770 4901 altero.
807 4846 876 4899 Nam
895 4843 968 4913 quod
990 4843 1105 4911 figuram
1124 4845 1270 4919 centralem
1294 4845 1402 4913 attinet,
1430 4844 1489 4911 ejus
1507 4857 1578 4899 unua

226 4925 339 4992 angulus
358 4941 407 4993 per
424 4925 515 4979 radios
534 4933 597 4978 actu
615 4925 674 4992 ipso
694 4931 737 4978 est
754 4939 912 4993 expressus,
938 4922 1189 4980 circumferentiaiis
1207 4923 1297 4978 nullus
1315 4922 1477 4989 exprimitur
1493 4931 1577 4992 auga·

225 5003 277 5071 lus,
305 5005 352 5057 sed
379 5012 482 5058 tantum
509 5005 581 5058 latus
609 5003 820 5075 quadamtenus,
847 5004 1026 5073 congruentia
1044 5018 1108 5059 vero
1126 5011 1168 5057 est
1188 5002 1360 5071 angulorum
1389 5017 1453 5069 ergo
1471 5002 1578 5056 uidetur
1626 5024 1628 5030 ·

225 5081 272 5135 illa
295 5083 464 5150 potissimum
491 5084 518 5135 in
541 5082 653 5136 centrali
675 5082 829 5151 spectanda.
867 5084 936 5138 Nam
961 5083 983 5137 si
1007 5089 1105 5137 natura
1122 5081 1279 5137 sublunaris
1304 5081 1420 5150 percipit
1443 5081 1578 5151 quantita·

226 5168 280 5213 tem
307 5158 411 5227 anguli,
438 5176 519 5226 quem
543 5160 656 5214 duorum
681 5160 850 5229 planetarum
876 5162 946 5217 radii
970 5161 1088 5215 formant
1109 5160 1136 5213 iu
1155 5160 1252 5229 Terra,
1282 5158 1389 5214 videtur
1410 5159 1491 5214 etiam
1517 5173 1577 5229 per·
1655 5175 1657 5179 ·

227 5240 316 5307 cipere
343 5255 424 5307 posse
453 5241 512 5307 ejus
537 5240 628 5307 anguli
655 5238 846 5307 aptitudinem,
882 5256 964 5308 qnam
991 5239 1074 5294 habet
1101 5254 1161 5293 cum
1189 5239 1261 5306 aliis,
1298 5240 1334 5294 ad
1365 5239 1577 5308 congruendum.

227 5321 305 5389 Quod
325 5321 443 5374 vicissim
467 5320 495 5372 in
520 5316 755 5373 circumferentiali
781 5320 873 5387 potine
900 5320 936 5371 sit
960 5317 1109 5385 spectanda
1134 5317 1265 5372 scibilitaa
1291 5317 1383 5372 lateris
1408 5333 1488 5388 qnam
1515 5316 1577 5373 ada·

226 5401 351 5469 gruentia
372 5404 488 5469 ligurae,
516 5400 543 5452 id
566 5400 606 5453 sic
630 5406 724 5467 patere
741 5397 856 5452 ridetur.
893 5398 1014 5452 Scientia
1031 5398 1118 5464 enim,
1142 5411 1211 5465 quac
1233 5395 1435 5465 sciturdgura,
1461 5393 1577 5450 ntrltlsro

226 5481 312 5549 primo
338 5477 552 5532 demonstratum
580 5485 634 5542 eat,
662 5477 786 5531 consistit
806 5477 835 5531 in
860 5477 1026 5547 aequalitate
1049 5476 1093 5529 vel
1115 5475 1207 5531 lateris
1226 5489 1286 5530 cum
1308 5484 1386 5543 parte
1404 5472 1504 5527 effabill
1520 5471 1577 5527 dla-

226 5558 318 5623 metri,
346 5557 388 5610 vel
415 5555 540 5624 quadrati
568 5555 602 5608 de
626 5555 711 5609 latere
733 5570 794 5609 cum
817 5563 894 5623 parte
918 5553 1019 5609 effabili
1050 5553 1243 5623 dequadrato
1268 5553 1408 5621 mamam,
1428 5552 1474 5608 rel
1496 5565 1577 5607 ame

227 5637 329 5704 figurae
347 5652 409 5690 cum
427 5635 534 5703 cadem,
561 5635 604 5703 rel
627 5632 728 5691 in'alia
746 5634 915 5690 connexione
940 5640 969 5687 et
986 5632 1209 5688 determinatione
1232 5634 1290 5688 aire
1308 5632 1416 5712 lateris,
1438 5633 1495 5686 sire
1518 5629 1577 5700 eiua
1670 5647 1675 5670 ¹
