3684 7259
291 1248 336 1316 bd
669 1239 814 1319 'Epistulae
831 1240 944 1319 Kepieri
960 1243 1129 1316 aliorumque
1140 1252 1255 1303 mutuae

294 1433 341 1476 aut
359 1430 493 1487 vocentur,
511 1425 646 1475 admodum
665 1427 766 1488 dubito,
785 1427 911 1476 ordinaria
929 1431 993 1475 carte
1010 1427 1073 1476 baec
1090 1426 1190 1476 illorum
1207 1426 1307 1475 vocatio
1324 1439 1375 1475 nou
1393 1430 1441 1492 est,
1459 1429 1489 1474 ut
1505 1425 1539 1473 sit
1555 1429 1640 1475 extre·

293 1497 434 1561 ordinaria,
459 1498 536 1558 longa
554 1498 700 1558 probatione
718 1503 742 1545 et
759 1498 866 1546 sortibus
884 1499 1037 1557 argumentis
1063 1497 1165 1557 indiget.
1203 1494 1287 1557 Quidl
1310 1497 1450 1559 silusuper
1467 1497 1598 1545 curiositas
1616 1500 1642 1544 et

294 1568 424 1616 cursitatio
442 1567 502 1615 baec
520 1567 619 1614 illorum
639 1567 708 1615 ducit
725 1567 842 1616 adsersus
860 1569 962 1616 verbnm
980 1567 1107 1634 scriptum,
1126 1568 1232 1616 latenter
1249 1579 1283 1614 an
1294 1567 1430 1631 manifeste,
1447 1566 1512 1614 nibli
1527 1567 1641 1617 intereat.

294 1635 363 1697 Quid
381 1641 442 1684 tunc
460 1635 610 1684 dicendum?
646 1637 743 1685 Nonne:
767 1638 809 1698 ite,
828 1639 952 1702 its,.latet
969 1639 1056 1697 anguis
1073 1639 1101 1685 in
1118 1637 1212 1686 harbel
1246 1635 1393 1699 liudolphus
1410 1636 1442 1686 11.
1461 1636 1523 1697 quid
1541 1636 1643 1684 dicebat

293 1712 339 1756 aut
356 1706 480 1766 quomodo
499 1708 602 1755 allectus
621 1713 674 1754 erat
691 1721 750 1769 erga
762 1706 882 1773 Crucem,
901 1705 1051 1770 Columbae,
1070 1707 1167 1770 Oleum,
1184 1708 1274 1756 Arcam
1285 1705 1378 1772 liobae,
1396 1703 1466 1756 coelo
1479 1706 1643 1767 transscripta

293 1774 338 1839 p'er
355 1776 499 1838 Hispanos?
535 1776 610 1824 Tum:
629 1779 715 1826 rustici
734 1791 815 1826 nonne
833 1779 928 1827 babent
944 1780 972 1826 in
989 1778 1083 1837 Pegaso
1101 1782 1126 1825 st
1137 1776 1264 1840 Delphino
1281 1789 1352 1825 suam
1369 1781 1395 1825 et
1411 1780 1532 1838 majorem
1549 1780 1575 1825 et
1592 1776 1642 1823 mi·
1655 1766 1666 1786 ⁶

293 1860 379 1896 norem
398 1848 510 1895 crucensi
545 1846 600 1894 Non
618 1848 694 1909 igitur
711 1848 773 1895 mibi
791 1854 842 1895 tam
860 1849 908 1898 boc
925 1853 996 1896 tuum
1013 1847 1128 1896 mirabile
1146 1847 1258 1906 videtur,
1274 1852 1320 1895 aut
1338 1844 1446 1895 alienum
1464 1851 1489 1896 et
1506 1847 1579 1907 longe
1596 1858 1642 1908 pe-

293 1915 377 1977 titum,
395 1930 469 1976 qnam
488 1916 554 1976 quod
572 1918 723 1979 invpbysica
740 1923 785 1966 tna
803 1916 904 1967 coelesti
922 1918 1093 1981 protoplastes
1111 1930 1168 1966 cum
1185 1918 1239 1966 suis
1255 1917 1347 1973 fluns.
1364 1918 1417 1966 slve
1434 1918 1467 1966 ab
1484 1915 1571 1966 inferis
1589 1917 1643 1977 aire

293 1988 389 2049 superis
408 1984 500 2056 (iocari
517 1983 603 2052 liceat)
621 1989 745 2036 excitatos
762 1989 790 2035 in
807 2002 907 2036 scenam
926 1995 951 2036 et
967 1988 1094 2050 pulverem
1111 1988 1287 2048 geometricum
1305 1986 1438 2050 producas,
1463 1993 1492 2036 ut
1509 1987 1562 2036 sint
1577 1987 1642 2034 ima-

294 2059 367 2119 pines
386 2061 482 2104 tuarum
501 2057 713 2119 primigenitarum
731 2063 756 2106 et
772 2060 968 2120 postgenitarum
985 2058 1116 2119 figurarum
1134 2062 1159 2105 et
1175 2048 1307 2107 ostendant
1323 2071 1409 2106 earum
1427 2058 1583 2107 differentias
1621 2102 1627 2122 ,

378 2126 437 2175 Jam
453 2125 574 2175 Miillerus
597 2129 757 2192 quaestiones
783 2130 855 2176 ailert
878 2127 909 2177 de
929 2129 1060 2191 „Epitome
1080 2130 1146 2178 Astr.
1164 2126 1241 2191 Gopf‘
1267 2125 1309 2192 (de
1327 2129 1533 2189 proportionibus
1550 2126 1644 2189 Kepler

293 2195 401 2260 dubitat)
420 2196 509 2244 deinde
527 2198 563 2245 sic
581 2198 674 2258 pergit:¹
699 2198 781 2246 Antea
797 2211 836 2248 me
859 2200 1051 2247 inexercitatum
1068 2197 1230 2258 istebartibi
1247 2197 1273 2245 iu
1291 2201 1345 2246 arte
1362 2194 1471 2264 musica,
1502 2198 1646 2261 praesertim

293 2267 375 2316 vocali
393 2273 417 2315 et
435 2266 547 2314 terminis
565 2269 633 2315 artis.
668 2269 736 2328 Rogo
755 2282 823 2329 ergo,
841 2268 964 2329 numquid
977 2281 1032 2317 non
1049 2272 1096 2317 tua
1114 2269 1219 2330 physica
1238 2266 1354 2316 coelestis
1373 2269 1448 2317 etim
1465 2269 1519 2316 sine
1536 2267 1576 2316 bis
1594 2272 1646 2316 ter·

259 2342 264 2351 “·
293 2338 367 2385 minis
385 2342 410 2385 et
428 2338 500 2397 praxi
520 2337 624 2386 canendi
647 2338 754 2398 intelligi
771 2345 848 2397 queat
869 2344 913 2387 aut
930 2339 1018 2396 saltem
1039 2352 1070 2388 ex
1088 2340 1256 2387 instrumento
1281 2337 1388 2403 musico,
1416 2338 1485 2398 quod
1501 2339 1538 2387 ita
1555 2338 1648 2386 dicitur

293 2402 345 2456 κατ’
364 2404 460 2472 ἑξοχην,
481 2410 550 2467 cujus
568 2408 685 2467 pulsandi
704 2403 886 2468 quodammodo
905 2423 960 2457 snm
972 2411 1081 2469 grrarus't
1114 2406 1189 2468 Quod
1207 2409 1286 2472 sisic,
1304 2403 1579 2471 squnlam'ssperseris.
1608 2407 1648 2455 Da

293 2483 406 2538 apotome
425 2490 537 2539 quoqne,
563 2479 682 2525 binomiis
700 2485 745 2526 etc.
765 2484 877 2542 optarem
893 2480 956 2528 mihi
975 2480 1069 2528 clarum
1096 2483 1121 2526 et
1138 2480 1292 2527 succinctum
1310 2480 1453 2543 tractam,
1480 2480 1524 2538 qui
1541 2474 1645 2527 subtili-

291 2552 356 2596 tata
373 2545 431 2594 illas
450 2546 628 2596 demonstraret
644 2549 672 2597 in
690 2549 763 2596 rebus
781 2550 952 2612 sensibilibus,
969 2564 985 2597 a
1002 2550 1094 2609 quibus
1113 2549 1261 2609 plerumque
1281 2546 1358 2596 ordiri
1366 2548 1439 2596 soleo
1455 2561 1568 2597 menum
1586 2561 1647 2598 oon·

292 2617 482 2680 templationum
499 2617 583 2665 telam.
619 2618 772 2684 Dibusdins,
791 2618 891 2668 Clarius
909 2626 934 2668 et
951 2620 1028 2668 ceteri
1046 2607 1254 2667 commeniatores
1270 2631 1321 2665 non
1340 2618 1448 2679 sapiunt

379 2686 428 2736 Sed
446 2688 506 2734 satis
524 2688 722 2746 quaestionarias
739 2689 871 2751 epistolae;
897 2690 1025 2749 creduto,
1049 2689 1095 2736 Vir
1112 2688 1338 2752 Excellentissime,
1364 2690 1416 2749 jam
1434 2689 1561 2750 poenitere
1578 2702 1639 2751 pro-

292 2756 430 2806 vocationis
457 2761 483 2805 et
508 2759 631 2816 requirere
656 2759 792 2807 insumtum
818 2760 845 2807 in
870 2758 1041 2821 percurrendis
1069 2760 1142 2819 nugis
1168 2760 1244 2816 mais¹
1257 2763 1364 2818 tempus.
1400 2755 1527 2819 Cogitaui
1550 2764 1642 2825 auum,

191 2869 193 2874 .
292 2826 387 2876 solanti
404 2828 522 2887 injuriam
539 2841 590 2875 non
607 2830 662 2876 tisri
679 2836 704 2877 et
720 2830 769 2877 hoo
785 2830 865 2889 magis
884 2830 984 2877 solitam
1001 2834 1070 2877 tuam
1088 2830 1269 2889 benignitatem
1286 2829 1313 2875 in
1331 2840 1371 2875 me
1393 2828 1525 2892 usurpabls
1543 2841 1645 2890 qnoque

292 2902 320 2945 et
334 2895 463 2957 hucusque
481 2898 594 2957 ignotum
612 2899 661 2946 tibi
678 2900 778 2947 virtutis
802 2904 827 2946 et
844 2899 967 2948 donorum
993 2903 1092 2948 tuorum
1120 2899 1243 2948 divinitus
1273 2910 1444 2947 concessorum
1470 2898 1646 2948 admbatorem

293 2970 320 3016 et
335 2979 494 3032 praeconem,
521 2974 653 3029 postquem
671 2970 774 3031 propius
792 2971 916 3034 innotuit,
935 2969 1050 3029 cupidius
1068 2968 1237 3034 amplecteris,
1256 2966 1324 3028 quod
1340 2971 1370 3015 ut
1387 2968 1475 3033 racha,
1493 2970 1542 3018 etei
1559 2972 1603 3018 tus
1621 2974 1646 3017 te

292 3036 433 3086 humanitas
451 3040 532 3097 rogari
550 3052 601 3086 non
619 3045 754 3101 exspectet,
774 3046 812 3087 sat
829 3041 889 3104 scio,
907 3034 967 3100 rogo
985 3046 1076 3104 tamen,
1095 3044 1123 3087 ut
1141 3052 1187 3101 par
1204 3043 1250 3099 est,
1269 3042 1294 3087 et
1312 3039 1349 3086 air
1362 3040 1447 3086 missis
1459 3039 1523 3100 logis
1541 3038 1646 3087 ulterio-

292 3107 362 3157 ribus
385 3112 410 3155 te
434 3108 516 3156 valere
535 3109 612 3168 jubeo
635 3107 676 3159 ἐπι
699 3124 802 3173 nospes
829 3114 854 3156 et
871 3122 997 3171 superesse
1021 3110 1060 3159 bis
1079 3109 1160 3157 ordini
1183 3116 1268 3157 nostro
1291 3108 1456 3167 iniquissimis
1479 3110 1645 3171 temporibus.

293 3176 360 3225 liene
379 3175 433 3224 vale
452 3185 476 3225 et
494 3176 562 3226 salve
580 3194 594 3226 a
613 3177 707 3228 cultore
724 3182 761 3227 tui
780 3180 897 3240 nominis,
916 3179 1029 3227 bidllero.
1064 3180 1166 3242 Lipsius
1184 3178 1207 3228 d
1226 3174 1250 3229 3.
1268 3178 1333 3237 Aug.
1353 3174 1429 3229 1622.

380 3256 420 3302 Ad
438 3256 500 3305 haec
522 3258 649 3319 respoudit
668 3258 836 3319 Keplerus:
864 3250 895 3309 S.
926 3250 960 3311 P.
984 3250 1022 3308 D.
1071 3249 1239 3310 Clarissimo
1261 3247 1330 3307 Viri
1373 3247 1446 3309 Jovl
1468 3249 1574 3310 Phidio
1604 3245 1646 3332 (si

293 3335 474 3395 christianos
494 3337 586 3411 dccet,
614 3326 741 3414 iocando
764 3325 875 3398 veteres
895 3334 1018 3419 imitari)
1041 3336 1148 3398 bovem
1170 3338 1275 3413 opinor
1290 3334 1439 3411 debemus,
1463 3331 1513 3415 qni
1533 3353 1645 3416 pronu-

293 3423 365 3483 buui
384 3423 573 3502 conciliandis
594 3427 702 3485 nostris
724 3426 871 3485 amoribus
893 3426 979 3490 nacti
995 3441 1095 3484 sumus
1118 3424 1269 3498 sedulum,
1293 3438 1476 3487 commanem
1504 3442 1544 3485 sc
1567 3427 1656 3500 ami·

295 3510 805 3587 cnmSenssinmictr.1Lp.481),
838 3512 921 3589 cujus
952 3529 1041 3589 opera
1064 3531 1116 3590 per
1141 3512 1215 3572 haec
1245 3512 1326 3572 invia
1355 3519 1384 3571 et
1402 3510 1536 3574 desolata
1563 3520 1645 3574 tuam

294 3606 392 3658 tamen
427 3600 582 3675 epistolam
612 3603 709 3676 recepi
739 3601 788 3660 13.
819 3600 1006 3676 Septembris.
1051 3600 1089 3659 Et
1122 3603 1192 3676 quia
1223 3607 1251 3659 te
1285 3598 1460 3676 discipulum
1490 3600 1645 3677 profiteris,

294 3687 433 3763 incipiam
464 3705 482 3745 a
505 3689 692 3747 correctione.
736 3687 896 3747 Dimidium
921 3686 1064 3764 epistolae
1092 3695 1161 3747 tuae
1184 3688 1258 3746 bene
1281 3686 1387 3763 longae
1412 3685 1527 3752 duabus
1549 3688 1645 3763 lineis,

295 3780 450 3849 utramque
480 3792 529 3847 sc,
552 3778 704 3853 paginam,
740 3774 833 3834 deleo.
884 3774 1021 3834 Nondum
1050 3792 1097 3833 ma
1125 3776 1218 3848 nosti,
1255 3773 1280 3831 si
1310 3772 1368 3833 boc
1395 3771 1526 3836 noudum
1555 3778 1646 3855 capis,

295 3860 334 3932 ad
368 3860 586 3922 simulationem
616 3880 662 3922 me
695 3861 1016 3938 dissimulationemqua
1047 3863 1156 3922 iactum
1187 3877 1250 3921 csse
1277 3863 1404 3922 minime.
1454 3862 1521 3923 Nou
1556 3862 1647 3924 dissi·

296 3948 392 4021 mulo,
423 3961 469 4007 me
498 3959 684 4010 consecutum
715 3967 779 4010 csse
808 3952 850 4009 20
873 3966 1013 4010 annorum
1042 3950 1248 4020 exercitatione
1278 3950 1429 4025 contiuua,
1465 3948 1546 4028 quod
1567 3950 1647 4011 hand

296 4036 383 4096 facila
411 4038 567 4112 quisquam
594 4037 670 4098 alius
700 4040 729 4095 in
761 4037 818 4096 boc
847 4054 951 4114 genere
981 4038 1121 4113 consequi
1150 4038 1259 4115 possit,
1291 4052 1385 4114 neque
1415 4045 1512 4098 tamen
1543 4045 1572 4099 te
1604 4042 1648 4098 sl·

296 4122 415 4184 mulatis
446 4126 542 4184 verbis
571 4124 707 4185 idoneum
741 4127 947 4201 pronunciavi,
984 4124 1067 4199 cujus
1098 4124 1319 4184 conversatione
1355 4126 1386 4182 iu
1415 4126 1544 4187 materiis
1574 4129 1648 4193 co'u·

296 4209 405 4272 tinibus
426 4212 501 4271 inter
522 4212 747 4273 mathematiceu
778 4221 806 4273 et
829 4211 1076 4291 metaphysicam,
1107 4212 1214 4287 quibus
1240 4212 1400 4289 impensius
1430 4230 1485 4290 ego
1508 4211 1646 4289 delector,

298 4315 388 4375 quam
410 4301 482 4376 ipsis
504 4301 659 4360 abstractis
687 4299 929 4371 mathematibus,
952 4297 1086 4374 adeoque
1109 4308 1138 4362 et
1160 4300 1242 4359 inre
1265 4316 1331 4359 maa
1353 4304 1470 4377 propria
1499 4300 1561 4361 illic
1583 4319 1648 4362 me·

290 4384 355 4445 itus
378 4387 540 4462 sentiendo,
564 4388 612 4447 bic
636 4386 817 4448 emendatius
840 4393 870 4446 et
892 4385 998 4445 clarius
1020 4385 1177 4463 loquendo,
1201 4385 1356 4464 plurimum
1373 4388 1512 4463 prolicere
1525 4391 1647 4467 possim.
1704 4429 1706 4433 ι

191 4467 198 4479 ‘
298 4472 358 4533 Eas
381 4491 451 4534 vero
473 4475 611 4534 materias
634 4477 664 4533 in
686 4474 777 4533 literis
801 4474 838 4535 ad
860 4472 1027 4548 senarium,
1049 4491 1126 4552 quas
1141 4481 1169 4534 te
1191 4473 1298 4549 legisse
1321 4474 1481 4552 profiteris,
1504 4485 1648 4556 exparte

301 4564 448 4638 expressi;
480 4564 637 4639 praecipua
659 4572 704 4622 est
726 4564 755 4619 in
777 4561 850 4622 libro
877 4561 913 4622 de
931 4560 1029 4621 'Stella
1050 4561 1137 4622 Nova
1165 4580 1183 4619 a
1210 4580 1239 4637 p.
1266 4562 1326 4623 129
1349 4564 1379 4620 in
1405 4564 1464 4624 148
1487 4573 1545 4629 (vol
1562 4574 1597 4625 11.
1621 4560 1668 4636 p]

300 4653 471 4713 idi-718).
495 4649 600 4708 'Tunc
620 4652 752 4727 sequitur
778 4650 852 4710 liber
874 4648 927 4709 IV.
952 4648 1141 4709 Harmonices
1169 4658 1200 4707 at
1227 4648 1346 4709 ultimae
1372 4653 1594 4728 propositiones
1610 4652 1650 4711 li·

300 4736 346 4795 bri
370 4735 405 4796 V.
430 4754 496 4796 cum
517 4736 652 4814 Epilogo.
696 4737 773 4797 Nam
800 4754 876 4814 quae
906 4735 942 4795 de
964 4740 1087 4797 materia
1108 4738 1179 4794 novi
1202 4735 1303 4796 sideris
1332 4743 1361 4797 et
1388 4745 1565 4800 cometarum
1587 4743 1649 4801 suis

300 4821 374 4902 locis
398 4824 492 4900 deque
516 4822 612 4883 causis
634 4823 802 4884 coelestium
826 4824 954 4903 physicis
976 4823 1050 4885 libro
1073 4823 1125 4882 1v.
1149 4823 1298 4900 Epitomes
1321 4823 1485 4903 disputavi,
1518 4845 1554 4888 cu
1576 4828 1649 4889 mibi

297 4909 360 4987 jam
383 4914 481 4972 nescio
505 4929 564 4988 quo
587 4919 674 4991 pacto
697 4930 749 4990 pro
772 4912 846 4973 adeo
870 4914 945 4972 tritis
968 4910 1128 4983 habentur,
1153 4920 1185 4971 ut
1207 4918 1307 4971 contra
1329 4914 1472 4990 principia
1494 4913 1648 4993 disputau-

301 5006 360 5059 tem
382 5003 479 5059 miuus
501 5000 576 5060 iorte
598 4999 720 5060 moleste
737 4999 837 5075 ieram,
861 5017 950 5076 qnam
973 5005 1073 5059 contra
1095 5000 1161 5057 ista.
1205 4998 1243 5057 Et
1264 5006 1333 5058 sunt
1354 4999 1406 5059 illa
1426 5000 1567 5080 pleraque
1582 5013 1649 5065 ma·

301 5089 392 5147 teriae
413 5088 576 5147 rationibus
598 5087 711 5162 altinia,
742 5089 813 5147 mibi
838 5103 906 5147 vero
937 5088 1050 5146 animus
1072 5093 1150 5145 totus
1178 5088 1208 5144 iu
1230 5084 1329 5146 iormis
1357 5088 1444 5165 inque
1467 5090 1589 5167 animis,
1618 5094 1649 5150 in

300 5176 365 5254 ipso
389 5176 454 5236 Deo
477 5175 635 5235 architecto
658 5178 771 5255 operis,
799 5176 938 5235 lubentiis
967 5173 1102 5233 omuibus
1132 5175 1340 5249 annuentibus,
1370 5179 1528 5255 exspatiari
1549 5181 1648 5257 gestit

300 5260 358 5322 Hic
380 5281 436 5339 ego
458 5262 614 5341 plurimum
637 5262 739 5325 laboro
763 5262 906 5323 desiderio
929 5260 1085 5334 lcctdrum,
1117 5263 1183 5337 qui,
1212 5263 1267 5320 etsi
1288 5261 1485 5325 mathematici
1509 5282 1568 5325 uon
1590 5268 1650 5327 sint

301 5368 336 5410 er
359 5352 507 5430 professo,
531 5353 592 5409 vim
614 5358 712 5410 tamen
736 5355 986 5428 argumentorum,
1010 5364 1086 5424 quae
1110 5365 1145 5408 ex
1167 5347 1394 5410 matbematibus
1416 5354 1504 5428 texui,
1527 5371 1650 5435 persuu-

301 5440 423 5511 tiscunt,
454 5448 483 5499 et
505 5441 556 5516 qui
579 5440 791 5517 propositiones
815 5455 833 5497 a
854 5453 900 5496 rue
924 5434 1041 5512 quidem
1069 5437 1214 5514 accipiant
1241 5455 1308 5497 mea
1329 5437 1402 5512 lide,
1434 5439 1556 5502 sormam
1578 5459 1649 5503 vero

301 5527 492 5588 concludendi
516 5535 545 5585 et
567 5541 665 5585 secum
688 5530 833 5603 pensitant
855 5531 885 5584 et
906 5540 1019 5583 mecum
1042 5521 1210 5603 disceptent.
1256 5524 1385 5603 Coepisti
1400 5532 1433 5585 tn
1453 5527 1573 5606 quidem
1596 5527 1650 5590 dc·
1716 5518 1721 5531 ⁸
1754 5567 1759 5575 -

301 5615 408 5676 siderio
432 5631 497 5674 meo
521 5613 688 5673 satidacere
712 5615 741 5671 in
764 5609 1019 5686 condescensione,
1043 5625 1119 5686 quae
1142 5629 1178 5672 ar
1199 5612 1255 5674 hoe
1278 5629 1383 5694 gauere
1406 5623 1465 5693 eet,
1488 5635 1649 5696 monesque

244 5739 251 5752 .
301 5704 465 5780 salubriter,
488 5719 524 5763 ne
547 5699 618 5778 quid
639 5699 740 5759 nimisl
785 5698 880 5760 Valde
903 5695 1001 5776 velim,
1024 5699 1168 5779 copiosior
1190 5702 1219 5758 iu
1242 5718 1278 5762 ea
1299 5700 1411 5762 fuisses.
