3684 7259
318 1201 380 1263 tta
625 1240 630 1247 -
704 1184 709 1197 ‘
827 1198 975 1254 Ptolemaei
992 1197 1146 1255 llmmcuia.

317 1372 544 1440 detemninantnr;
573 1372 675 1443 primns
694 1378 737 1426 est
755 1372 872 1430 circulus
891 1380 980 1436 totus,
1006 1373 1053 1441 qui
1072 1388 1180 1443 semper
1203 1382 1294 1429 manet
1311 1374 1395 1444 idem,
1420 1376 1490 1432 alter
1506 1386 1549 1433 est
1566 1379 1659 1437 chcnh
1699 1393 1702 1396 ’

317 1468 425 1520 paras
447 1451 552 1507 duobus
577 1448 877 1520 planetis‘intercepts.
913 1454 944 1506 In
970 1452 1103 1507 sonitibus
1127 1461 1223 1510 cactus
1243 1455 1367 1524 humani,
1393 1458 1509 1526 primum
1531 1476 1593 1514 cum
1610 1479 1660 1531 per

317 1529 506 1599 symphoniam
525 1530 568 1583 vel
586 1527 792 1605 concordantias
812 1547 844 1585 ca
861 1532 950 1585 miuus
969 1548 1012 1585 res
1031 1547 1081 1601 per
1097 1548 1128 1587 se
1145 1541 1230 1603 patet,
1249 1535 1327 1591 binas
1346 1551 1429 1591 voces
1445 1553 1506 1594 esse
1524 1556 1574 1608 pro
1594 1532 1659 1594 duo·

319 1606 371 1664 bus
388 1609 519 1676 terminis,
538 1612 599 1665 cum
616 1624 679 1662 vero
697 1625 752 1663 una
770 1626 822 1663 vox
840 1611 921 1679 cauit,
940 1612 986 1665 illa
1004 1612 1090 1666 nihilo
1107 1614 1300 1683 minuspotest
1318 1615 1443 1671 incedere
1456 1632 1506 1685 per
1517 1619 1659 1674 intervalla
1716 1648 1719 1654 ·

318 1702 439 1743 consona
456 1696 483 1743 et
499 1689 632 1744 concinna
650 1701 737 1756 eaque
755 1703 914 1756 agnoscere.
938 1692 1001 1759 quia
1018 1705 1095 1746 mens
1113 1692 1264 1761 mentisque
1283 1693 1437 1759 archivum,
1464 1698 1593 1752 memoria
1610 1715 1659 1755 seu

314 1762 387 1833 mos,
425 1774 468 1822 est
492 1767 551 1837 ipae
580 1774 676 1821 cantus
705 1776 800 1821 auctor
823 1769 959 1836 sentitque
984 1771 1097 1838 primam
1128 1771 1321 1841 longitudinem
1350 1789 1462 1843 asperae
1490 1776 1605 1831 arteriae
1631 1778 1658 1832 iu

315 1853 392 1901 motu
409 1846 591 1912 mustitutam,
609 1860 725 1913 eumque
743 1855 852 1899 senatun
870 1847 969 1917 retinet
986 1863 1036 1916 per
1053 1855 1137 1903 totam
1154 1849 1318 1906 cantilenam
1340 1851 1429 1920 adque
1447 1869 1508 1907 eum
1531 1854 1658 1923 frequen‘·

314 1928 359 1978 ter
375 1924 454 1979 redit.
490 1924 565 1979 Idem
583 1922 779 1993 propemodum
797 1930 846 1991 εει,
865 1939 927 1979 cnm
945 1925 1021 1980 audit
1039 1925 1250 1981 modulationem
1267 1928 1363 1991 aliam,
1381 1932 1444 2000 quia
1458 1932 1657 2001 quodammodo

315 2003 403 2057 sociat
420 2018 450 2058 se
467 2019 543 2058 meus
561 2010 705 2071 perceptae
723 2004 839 2057 mutiani
859 2019 972 2072 eamque
991 2020 1045 2058 nna
1059 2005 1150 2072 juvat3
1170 2007 1285 2077 denique
1302 2006 1337 2062 ad
1349 2011 1470 2075 quamvis
1481 2027 1576 2065 vocem
1595 2014 1658 2069 sub·

272 2112 276 2118 -
316 2079 415 2147 latam,
443 2083 535 2136 statim
553 2080 592 2134 illi
614 2082 812 2149 inconspectu
837 2093 901 2136 sunt
926 2083 1014 2137 omnia
1040 2085 1124 2139 totius
1147 2087 1300 2155 systematis
1325 2094 1435 2142 octavae
1453 2091 1586 2145 concinna
1602 2108 1657 2146 unc

315 2159 389 2214 velut
406 2158 514 2227 iutuitu,
534 2162 615 2214 etiam
633 2159 751 2214 noudum
770 2160 880 2216 vocibus
893 2178 1031 2231 expressa.
1068 2165 1110 2218 lta
1122 2164 1160 2232 iit,
1178 2166 1361 2223 attermiuum
1378 2169 1560 2237 proportionis
1573 2187 1656 2225 unum

243 2312 246 2318 Ι
316 2238 490 2294 εἰεειωιεηι
508 2241 605 2308 animo,
624 2254 783 2308 comparans
803 2255 863 2295 eum
881 2240 1026 2311 unicnique
1045 2244 1103 2296 voci
1122 2243 1276 2299 succedenti
1291 2244 1470 2315 judicansque
1488 2248 1583 2303 mitta
1595 2265 1657 2305 ccu-

316 2317 396 2373 ciuna
419 2319 461 2373 sit.
498 2319 654 2386 Cuiusmodi
682 2319 804 2374 subsidia
831 2335 891 2374 eum
915 2335 969 2374 ncn
993 2321 1092 2378 dentur
1116 2323 1151 2377 ad
1175 2322 1442 2392 comprehensionem
1465 2325 1656 2382 alterationem

228 2465 232 2472 ι
315 2397 457 2459 materiae,
474 2414 525 2452 nec
542 2398 624 2467 igitur
643 2412 735 2452 earnm
752 2397 949 2466 proportiones·
960 2406 1041 2453 emnt
1059 2400 1250 2455 observabiles.

403 2478 476 2531 Nata
493 2477 538 2531 Vl.
575 2476 650 2544 Quae
674 2476 756 2544 igitur
773 2476 801 2530 in
823 2478 944 2532 materiis
969 2478 1121 2533 alterationi
1143 2479 1272 2547 subjectis
1296 2481 1407 2549 desunt,
1433 2498 1466 2538 ea
1484 2484 1656 2540 Ptolemaeus

316 2549 381 2610 dicit
396 2556 436 2611 ibi
454 2573 508 2610 non
527 2554 628 2612 deesse.
651 2555 712 2610 »nbi
730 2556 769 2609 rei
787 2563 876 2610 motus
896 2563 1072 2612 conversatur
1094 2559 1164 2613 iuter
1181 2561 1286 2633 species
1309 2577 1358 2616 seu
1376 2562 1500 2615 formas«
1537 2562 1657 2618 Rursum

314 2642 344 2689 ut
362 2650 444 2703 saepe
462 2634 530 2689 alias
550 2635 697 2701 confirmat,
716 2636 904 2704 proportiones
922 2638 1005 2690 rebus
1024 2636 1173 2692 secundum
1191 2646 1292 2693 motum
1304 2638 1393 2696 inesse
1439 2638 1580 2708 Quomodo
1593 2657 1656 2696 vero

316 2711 382 2767 dicit
406 2721 508 2767 motum
534 2714 604 2770 inter
630 2713 735 2782 species
759 2715 931 2768 conversari?
967 2715 1111 2784 h'imirum,
1139 2718 1247 2785 quando
1271 2725 1360 2772 motus
1384 2717 1658 2781 consectarentur

318 2794 405 2864 qnasi,
423 2797 471 2849 aut
488 2789 728 2860 coecus,.causam
747 2792 860 2846 trahens
879 2808 912 2845 ex
932 2792 1016 2848 solius
1034 2795 1161 2850 materiae
1179 2796 1354 2862 necessitate,
1378 2796 1425 2851 sed
1445 2796 1553 2867 quando
1572 2798 1658 2853 tendit

315 2874 351 2929 ab
368 2889 424 2928 cua
440 2874 532 2943 specie
551 2888 599 2928 seu
617 2872 794 2941 dispositione
813 2871 847 2925 ad
866 2872 946 2926 aliurn
965 2872 1046 2941 huius
1064 2874 1178 2940 generis.
1215 2875 1266 2929 Est
1275 2874 1383 2942 quidem
1396 2874 1470 2930 calor
1488 2875 1584 2942 aliqua
1598 2892 1657 2944 sps

317 2954 381 3018 cies,
399 2954 422 3008 si
440 2959 612 3022 comparatur
629 2953 663 3007 ad
682 2952 810 3019 majorem
829 2951 872 3005 vel
889 2953 1031 3021 minorem,
1054 2959 1143 3007 motus
1165 2953 1247 3020 igitur
1265 2953 1449 3009 calefactionis
1474 2971 1528 3008 non
1547 2971 1657 3009 conver·

320 3039 397 3088 satur
413 3033 484 3087 inter
501 3032 617 3101 species.
653 3034 721 3086 Nam
740 3029 867 3099 frigidum
886 3030 1035 3084 formaliter
1052 3037 1094 3085 est
1111 3032 1220 3101 negatio
1236 3031 1327 3099 potins
1339 3032 1436 3087 caloris
1456 3040 1483 3086 et
1495 3049 1544 3087 ens
1555 3033 1656 3094 lictum,

315 3113 371 3167 imo
390 3129 443 3169 nou
462 3128 518 3182 eus,
538 3112 602 3180 quia
620 3113 704 3181 primo
723 3108 908 3165 calefactionis
928 3108 1068 3177 principio,
1089 3110 1196 3176 quando
1215 3126 1248 3162 ne
1261 3117 1350 3164 motus
1363 3110 1470 3177 quidam
1484 3126 1545 3165 esse
1558 3119 1657 3181 potest,

183 3249 186 3256 .
265 3201 268 3207 '
316 3193 417 3262 quippe
436 3200 572 3247 momento
589 3190 731 3259 temporis,
755 3191 811 3259 jam
835 3189 959 3256 frigidum
984 3187 1099 3257 amplius
1124 3187 1275 3254 subjectum
1302 3188 1426 3243 absolute
1450 3204 1504 3243 non
1530 3197 1580 3244 est.
1616 3192 1657 3245 De

316 3270 420 3340 reliquo
446 3269 587 3325 calefactio
613 3276 738 3324 versatur
763 3270 834 3324 inter
859 3267 944 3333 magis
969 3274 997 3321 et
1023 3267 1111 3321 minus
1134 3265 1241 3320 caloris.
1276 3267 1314 3319 At
1338 3276 1427 3321 motus
1445 3267 1608 3322 considerati
1631 3269 1657 3323 in

317 3351 413 3405 animis
431 3350 569 3405 homiuum
587 3347 711 3403 feruntur
734 3345 967 3414 atramquillitate
989 3345 1023 3399 ad
1041 3346 1121 3409 iram,
1150 3345 1329 3413 voluptatem,
1357 3345 1476 3400 dolorem
1500 3354 1528 3402 et
1552 3348 1657 3418 similia,

317 3429 363 3497 qui
381 3435 444 3496 ¹sunt
461 3426 575 3481 affectus
593 3424 683 3495 specie
701 3425 863 3481 differentes.
900 3426 967 3479 Tale
987 3426 1052 3493 quid
1071 3426 1158 3480 innuit
1176 3426 1256 3479 etiam
1276 3427 1309 3481 de
1322 3426 1487 3481 coelestibus
1506 3426 1657 3485 dicendum,

259 3551 261 3553 .
316 3516 345 3561 et
363 3522 413 3575 ego
432 3504 550 3560 concedo
569 3503 602 3558 de
620 3513 695 3560 motu
713 3502 839 3573 planetae
856 3502 1025 3557 velocissimo
1042 3510 1071 3556 et
1088 3504 1253 3573 tardissimc;
1280 3513 1344 3560 suut
1364 3507 1435 3559 euim
1458 3513 1486 3559 et
1505 3507 1557 3561 hae
1574 3507 1658 3562 veluti

316 3586 422 3655 species
441 3583 573 3651 quaedam
592 3583 688 3638 saltem
706 3582 868 3636 altrinsecus
887 3582 1054 3635 terminatae.
1091 3582 1240 3637 Terminuri
1259 3585 1339 3639 etiam
1358 3585 1508 3658 spep'prum
1526 3596 1576 3642 est

402 3664 475 3718 Nota
492 3663 552 3719 VIL
587 3665 679 3718 Motus
698 3661 732 3717 de
750 3663 840 3731 specie
859 3662 886 3714 iu
905 3662 1023 3730 speciem
1042 3661 1107 3716 dicit
1125 3662 1214 3717 inesse
1231 3662 1259 3714 in
1277 3643 1480 3736 rebrissq'n'a'e
1491 3663 1594 3721 habent
1612 3683 1658 3719 na·

317 3750 392 3799 tures
411 3743 587 3813 perfectiores
607 3750 635 3797 et
645 3733 842 3797 rationalicres.
878 3740 1013 3808 Equidem
1026 3749 1123 3805 motus,
1143 3756 1222 3809 quem
1237 3748 1364 3795 mutatur
1380 3724 1570 3810 materiaaola,
1589 3761 1658 3812 quae

316 3819 392 3876 illum
409 3821 502 3889 hahet,
522 3829 628 3877 tantum
645 3838 662 3876 a
679 3820 775 3888 majori
793 3819 828 3873 ad
846 3819 934 3872 minus
953 3818 1054 3887 tendit;
1081 3835 1141 3874 cum
1160 3827 1252 3872 sutem
1271 3826 1360 3873 motus
1378 3819 1406 3877 in
1422 3830 1523 3876 certam
1542 3824 1658 3892 speciem

315 3899 416 3967 fertur,
443 3900 508 3956 facit
524 3901 552 3954 id
571 3900 684 3956 consilio
702 3900 743 3954 vel
761 3902 834 3968 ejus,
854 3899 930 3966 cujus
949 3904 990 3951 εει
1008 3904 1110 3955 motus.
1133 3898 1175 3951 vel
1194 3896 1306 3965 opificis.
1343 3898 1488 3955 Consilium
1508 3909 1599 3957 autem
1618 3908 1660 3955 εει

315 3979 429 4034 wenis
448 3987 475 4033 et
490 3980 562 4035 ratic
580 3979 757 4048 perfectiores
776 3984 887 4033 naturas
905 3975 1060 4043 constituit,
1085 3975 1311 4043 quemadmodum
1336 3983 1364 4031 et
1383 3977 1487 4047 species
1505 3979 1582 4047 ipsae
1601 3996 1659 4050 per·

316 4057 412 4113 festius
431 4059 496 4126 quid
514 4067 585 4126 sunt,
606 4058 706 4126 quippe
725 4055 938 4119 determinatius,
957 4070 1036 4123 quam
1055 4054 1193 4108 incudem
1212 4055 1302 4124 specie
1320 4058 1404 4124 magis
1422 4067 1450 4114 et
1466 4059 1562 4114 minus.

401 4139 475 4193 Nota
492 4138 567 4194 vin.
605 4137 771 4191 Divisiohem
789 4135 885 4190 statuit
908 4135 980 4188 inter
999 4133 1088 4188 divina
1105 4139 1137 4187 et'
1150 4132 1282 4198 mortalia,
1301 4135 1399 4201 quibus
1412 4135 1518 4191 duabus
1536 4137 1659 4193 differen-

315 4218 360 4272 tiis
376 4217 580 4272 universitatem
598 4231 688 4269 rerum
708 4213 833 4271 absolvit.
869 4213 955 4268 Nobis
974 4211 1133 4268 Ohrisdanis
1152 4212 1238 4281 prima
1256 4211 1350 4266 divisio
1364 4215 1492 4269 statuitur
1510 4216 1582 4270 inter
1594 4233 1659 4286 auc·

315 4293 402 4352 t'orem
425 4304 557 4364 etopus,
585 4294 631 4349 ille
653 4294 728 4350 sclua
749 4296 872 4361 divinus,
897 4293 986 4362 operis
1005 4308 1068 4347 vero
1087 4291 1191 4360 species
1215 4290 1322 4360 aliquae
1344 4291 1524 4362 immortales,
1552 4295 1659 4364 aliquae

315 4374 515 4444 corruptibiles.
551 4374 611 4428 Jam
634 4373 662 4427 in
688 4372 785 4428 divinis
811 4373 959 4442 praecipua
984 4370 1080 4425 statuit
1097 4386 1212 4438 corpora
1235 4371 1377 4438 coelestia,
1405 4372 1505 4441 quippe
1528 4389 1599 4440 quae
1616 4374 1659 4428 Dii

316 4463 381 4511 sunt
398 4453 560 4524 gentilibus;
579 4452 658 4508 nobis
680 4458 744 4508 sunt
760 4451 824 4506 clim
843 4448 1047 4518 corrumpenda,
1066 4456 1094 4502 et
1112 4447 1184 4519 quod
1197 4449 1328 4503 hactenus
1341 4450 1538 4519 perennitatem
1550 4452 1659 4508 haheat.

315 4533 343 4589 id
362 4549 503 4588 commune
521 4549 582 4587 cum
602 4530 712 4586 Tellure
729 4530 839 4585 habent.
875 4529 954 4596 Quod
973 4544 1035 4582 vero
1053 4528 1080 4582 in
1100 4527 1185 4582 Terra
1208 4534 1272 4582 suut
1289 4529 1414 4584 mortalia
1433 4538 1460 4584 et
1478 4530 1659 4597 alterationes,

318 4618 434 4683 possunt
453 4619 481 4667 et
498 4612 525 4665 in
546 4610 633 4679 globis
652 4609 791 4664 stellarum
810 4624 869 4663 ease
888 4606 1056 4673 consimiles,
1079 4614 1135 4660 tam
1153 4622 1207 4660 non
1225 4608 1371 4675 conspicua
1389 4610 1481 4677 uobis,
1509 4626 1590 4678 quam
1608 4610 1659 4664 illis

316 4691 406 4763 globis
430 4697 523 4744 nostra
545 4691 648 4745 minuta
671 4690 813 4744 terrestria
836 4690 984 4759 conspicua
1007 4702 1061 4739 non
1086 4692 1158 4740 suut.
1195 4687 1293 4741 Mirum
1311 4694 1414 4756 autem,
1441 4704 1489 4742 cur
1515 4691 1660 4759 praecipua

317 4765 351 4822 ex
371 4768 467 4824 divinis
485 4768 568 4824 faciat
586 4782 701 4838 corpora
718 4767 857 4835 coelestia,
877 4766 956 4836 quasi
973 4780 1023 4819 nec
1042 4764 1106 4818 deos
1126 4762 1194 4818 sciat
1212 4778 1261 4818 nec
1280 4762 1404 4833 angelos,
1423 4765 1474 4821 illis
1492 4770 1659 4837 corporibus,
1740 4783 1743 4791 ’

316 4856 345 4903 ει
363 4847 410 4916 qui
427 4863 460 4903 ea
477 4847 634 4910 informent,
657 4845 838 4900 intellectibus
858 4843 1081 4916 praestantiores,
1107 4856 1136 4895 se
1155 4841 1222 4908 ipsis
1240 4842 1420 4897 subsistentes
1438 4861 1489 4899 uec
1507 4862 1524 4900 a
1542 4848 1660 4916 corpori·

317 4931 369 4985 bus
387 4927 468 4983 certis
486 4944 586 4996 nexos,
606 4942 675 4996 quae
694 4926 790 4995 opinor
808 4926 961 4981 Stoicorum
980 4922 1102 4990 adeoque
1121 4928 1148 4974 ct
1166 4921 1251 4988 ipsius
1270 4920 1422 4976 Aristotelia
1444 4922 1583 4994 theologia
1600 4925 1658 4989 tuit

317 5009 393 5061 Inter
410 5006 534 5060 mortalia
552 5007 712 5077 praecipuas
730 5000 854 5061 recenset
872 5004 975 5057 animas
993 5002 1132 5067 humanas,
1151 5001 1250 5054 misera
1261 5000 1422 5067 gentilitatis
1438 5001 1592 5070 ignorantia
1608 5006 1659 5059 fas·

316 5086 438 5151 cinctus,
466 5084 543 5140 uobis
569 5084 729 5140 Christiania
753 5083 843 5139 solatii
866 5080 1017 5148 dimidium,
1046 5079 1234 5149 philosophiae
1258 5095 1320 5134 vero
1346 5096 1416 5147 apex
1446 5088 1488 5136 est
1511 5083 1660 5139 animorum

317 5171 471 5219 nostrorum
489 5162 684 5227 immortalitas,
703 5177 782 5232 quam
800 5161 882 5215 etiam
901 5158 1124 5229 philosophorum
1134 5156 1213 5211 multi
1231 5165 1259 5211 et
1270 5159 1415 5226 praecipue
1424 5159 1559 5215 Platonici
1569 5178 1659 5217 omnes

317 5236 381 5312 pcs't
397 5241 581 5297 Ptolemaeum
600 5241 794 5298 defenderunt.
814 5241 875 5296 vide
893 5237 1060 5295 Macrobium
1078 5238 1107 5291 iu
1126 5237 1216 5291 Somn.
1236 5236 1376 5305 Scipionis.

402 5320 476 5375 Nota
493 5319 541 5392 IX.
577 5319 690 5373 Animam
707 5318 839 5374 humanas
864 5325 891 5372 et
910 5319 1039 5375 coelestia
1056 5334 1171 5387 corpora
1188 5318 1293 5386 'probat
1309 5333 1369 5372 esse
1391 5319 1597 5386 praestantioris
1615 5337 1659 5375 na·

317 5402 395 5452 taras
406 5413 447 5452 ¹ex
464 5413 506 5467 ec,
525 5398 598 5468 quod
615 5405 704 5454 motus
723 5396 818 5452 localis
837 5404 864 5451 et
882 5397 994 5453 rationis
1013 5398 1067 5453 sint
1078 5404 1225 5465 compotes,
1243 5404 1298 5449 tam
1311 5395 1440 5450 coelestia
1454 5412 1536 5466 quam
1548 5398 1658 5453 animae.

318 5475 448 5547 iutelligit
467 5484 570 5533 motum
587 5476 724 5531 coelorum
743 5476 925 5532 administrari
943 5480 977 5533 ah
995 5475 1181 5545 intelligentiis
1200 5475 1305 5543 corpori
1322 5474 1464 5543 efficaciis,
1484 5476 1580 5531 animis
1598 5492 1659 5531 vero

213 5604 215 5606 ,
319 5554 443 5612 hamanis
461 5566 562 5612 motum
581 5572 725 5625 corporum
743 5572 852 5611 sucrum
872 5565 1014 5626 acceptum
1031 5556 1091 5611 fert.
1127 5554 1438 5624 Argumentatnrigitur
1460 5554 1660 5623 apraestantia

317 5640 408 5689 motus
424 5634 518 5691 tombs
536 5649 603 5705 prae
620 5634 719 5690 ceteris
736 5633 771 5691 ad
789 5636 983 5704 praestantiam
1002 5650 1110 5702 eorum,
1133 5649 1204 5704 quac
1221 5632 1293 5689 illius
1316 5632 1478 5704 principium
1500 5635 1528 5690 in
1548 5650 1579 5690 ee
1594 5634 1658 5706 ipsis
