3684 7259
220 1198 289 1266 m
738 1197 887 1255 Ptolemaei
899 1198 1055 1255 llumonia

219 1371 462 1443 ‚stuprum
481 1370 575 1428 circuli
599 1388 649 1441 pcr
666 1371 767 1440 figuras
785 1375 949 1442 geometrice
967 1374 1060 1442 dirisi3
1085 1374 1166 1429 animi
1184 1388 1248 1427 vero
1271 1379 1335 1427 suut
1359 1389 1415 1427 nun
1438 1374 1505 1428 nudi
1523 1393 1575 1431 nu-

161 1454 163 1457 ’
218 1452 299 1519 neri,
323 1451 373 1506 scd
392 1450 484 1506 circuli
503 1451 611 1519 quidam
629 1453 807 1522 potentiales,
831 1454 913 1523 idque
933 1455 1097 1523 formaliter,
1121 1468 1171 1508 seu
1192 1452 1284 1521 potius
1304 1453 1437 1522 imagines
1455 1454 1521 1522 Dei,
1546 1454 1575 1507 in

219 1546 274 1600 quo
292 1530 386 1587 circui
404 1529 466 1584 idea
476 1536 601 1584 aeterna.
638 1532 706 1586 Vide
726 1532 772 1588 lib.
791 1534 836 1588 tv.
854 1548 913 1602 cap.
931 1535 957 1589 8.

753 1826 895 1898 CAPUT
924 1817 1038 1896 Vlll.¹'

282 1988 328 2045 De
351 1989 581 2046 similitudine
605 1992 754 2061 perlecti
777 1992 1116 2061 systematis11)cum
1139 1991 1271 2047 circulo
1291 2007 1352 2061 per
1375 1991 1514 2047 medium

807 2095 983 2148 signorum.

217 2268 244 2294 .·.-
316 2240 546 2301 Familiaritates
576 2244 664 2319 igitur
694 2244 859 2301 animorum
886 2240 1079 2301 humanorum
1107 2259 1173 2302 cum
1203 2242 1379 2302 harmonicis
1415 2262 1469 2320 per
1498 2245 1573 2306 hac-

219 2334 305 2387 teuus
328 2328 406 2387 dicta
429 2330 514 2387 nobis
537 2331 575 2390 ob
599 2331 702 2389 oculos
722 2332 838 2406 positae
861 2327 1017 2404 sunto¹¹¹);
1046 2332 1183 2389 inventae
1213 2337 1280 2388 sunt
1303 2332 1398 2402 enim,
1429 2341 1463 2390 ut
1488 2350 1572 2393 com-

219 2415 326 2492 pendio
350 2418 528 2496 complectar
550 2420 656 2490 omnia,
681 2417 928 2476 identisonautiae
951 2424 980 2475 et
995 2420 1204 2477 consonantiae
1219 2435 1271 2493 per
1285 2419 1439 2492 primarias
1455 2423 1572 2481 animae

219 2512 317 2581 partes
341 2502 526 2578 distributae,
551 2506 662 2564 turmae
684 2522 753 2564 vero
777 2512 916 2563 cantuum
939 2521 991 2580 per
1013 2506 1120 2564 formas
1137 2501 1344 2582 viuummw),
1368 2508 1410 2564 sic
1433 2506 1574 2567 differen-

220 2592 280 2650 ttae
304 2594 381 2650 cirea
403 2592 653 2652 tetrachordorum
675 2610 783 2667 genera
805 2592 963 2666 generibus
987 2583 1126 2650 virtutum
1148 2583 1289 2668 dignitate
1317 2600 1346 2651 et
1367 2595 1571 2669 magnitudine

219 2675 478 2751 differentibusV),
510 2687 540 2738 et
561 2680 767 2739 tumulationes
800 2678 835 2737 de
860 2686 929 2738 tono
959 2673 987 2736 iu
1018 2687 1119 2737 tonum
1151 2681 1363 2752 mutationibus
1395 2698 1509 2750 morum
1542 2686 1571 2743 iu

220 2767 437 2826 occurrentibus
471 2769 550 2826 vitae
579 2769 804 2827 circumstantiis
836 2774 904 2825 sunt
934 2777 1130 2843 comparatae.
1181 2767 1299 2839 Restat,
1329 2776 1362 2824 ut
1391 2768 1449 2827 hoc
1478 2773 1570 2830 aiam

219 2853 436 2926 confirmemus,
466 2854 636 2914 coelestium
659 2856 876 2931 suppositiones
905 2854 943 2912 ad
970 2857 1173 2931 proportiones
1195 2854 1379 2914 harmonicas
1409 2873 1473 2914 esse
1498 2876 1570 2917 cou-

219 2938 419 3016 lormatasw).
465 2939 523 3001 Ubi
546 2945 662 3016 gemina
687 2945 735 3000 via
759 2941 935 3015 incedemus,
959 2960 1018 3001 una
1033 2943 1187 3014 communi,
1212 2941 1247 3001 de
1263 2943 1397 3002 omnibus
1413 2953 1466 3001 aut
1480 2964 1570 3020 quam

219 3029 369 3108 plurimis;
392 3029 485 3089 altera
507 3029 663 3106 singulari,
688 3030 723 3089 de
747 3029 870 3104 singulis
893 3046 1010 3099 eorum,
1039 3047 1115 3106 quae
1137 3030 1343 3106 particulatim¹
1358 3032 1570 3107 comprehensa

219 3114 364 3194 suutm).
410 3116 539 3175 Priorem
570 3125 599 3177 et
621 3133 804 3175 communem
826 3118 895 3176 hinc
917 3117 1078 3190 ordiemur;
1109 3116 1187 3192 quod
1211 3119 1287 3176 enim
1317 3119 1400 3175 initio
1424 3118 1569 3194 videmus,

105 3229 108 3234 ·
219 3204 283 3263 sola
311 3204 491 3264 intervallari
520 3208 648 3264 motione
678 3215 707 3265 et
735 3221 824 3262 sonos
854 3207 1022 3280 pertransiri
1045 3204 1220 3279 absolvique
1251 3213 1281 3263 et
1310 3204 1443 3263 similiter
1471 3216 1569 3267 motus

219 3292 361 3353 coelestes
384 3290 503 3365 locales,
527 3294 570 3351 sic
592 3301 625 3351 ut
647 3292 758 3351 nullam
781 3291 832 3350 ills
854 3292 1039 3352 alterativsm
1062 3294 1252 3351 mutationem
1267 3292 1449 3352 substantiae
1470 3312 1569 3354 secum

219 3380 325 3449 trahat,
350 3397 386 3438 ea
408 3382 476 3456 ipsa
499 3397 530 3440 re
554 3382 697 3439 evincitur
719 3378 935 3456 quodammodo
959 3376 1223 3458 propositumV111).

308 3467 440 3526 Alterum
463 3476 666 3544 argumentum
689 3466 746 3526 hoc
768 3476 822 3540 est,
846 3467 924 3542 quod
948 3475 977 3526 et
1000 3466 1169 3526 coelestium
1194 3483 1346 3543 corporum
1369 3468 1569 3529 revolutiones

220 3572 320 3613 omues
344 3554 498 3614 circulares
521 3563 589 3614 sunt
611 3565 640 3613 et
663 3555 814 3614 ordinatae
838 3553 1054 3630 regularesque,
1078 3561 1108 3613 et
1129 3564 1321 3632 systematum
1335 3554 1569 3616 harmonicorum

121 3679 124 3684 -
219 3640 422 3701 absolutiones
452 3642 773 3719 redintegrationesque
804 3641 936 3701 similiter
958 3641 1067 3700 habent
1076 3638 1128 3719 ¹¹).
1173 3642 1248 3700 Nam
1276 3645 1330 3701 etsi
1358 3647 1491 3703 extensio
1521 3662 1569 3702 or·

220 3728 391 3805 dinatioque
413 3746 551 3790 sonorum
574 3732 604 3788 in
627 3739 708 3789 recta
730 3731 809 3788 linea
832 3729 925 3788 veluti
947 3728 1103 3789 succedere
1127 3728 1242 3788 videtur
1256 3727 1304 3807 Χ),
1335 3740 1366 3788 at
1388 3731 1516 3790 facultas
1541 3741 1570 3791 et

219 3816 297 3895 quod
321 3818 385 3876 soni
409 3828 485 3877 certo
509 3818 597 3877 modo
620 3825 689 3876 sunt
717 3821 791 3876 inter
813 3836 844 3876 se
868 3820 1027 3892 comparati
1051 3814 1118 3897 (qui
1141 3816 1245 3875 modus
1275 3820 1404 3893 ipsorum
1434 3823 1569 3896 proprius

218 3908 279 3983 est)
302 3902 508 3965 determinatur
531 3916 560 3965 et
582 3907 789 3981 constringitur
817 3906 960 3962 inunum
983 3905 1166 3980 eundemque
1189 3906 1342 3964 circuitum
1373 3905 1410 3963 ad
1434 3924 1567 3966 normam

218 3994 356 4052 motionis
380 3991 594 4072 circularisX1);
625 3995 687 4052 acsi
709 4011 745 4052 nc
776 3994 820 4049 sui
851 3990 968 4067 quidem
990 3994 1163 4068 principium
1195 3992 1315 4067 aliquod
1338 4002 1444 4052 natura
1474 3995 1568 4069 detur,

145 4089 148 4094 ’
218 4080 270 4141 sed
293 4080 439 4156 poffone
461 4082 556 4140 solum
579 4088 745 4139 assumatur
766 4080 842 4139 alias
865 4077 961 4151 aliud,
992 4082 1023 4135 in
1045 4079 1126 4139 locos
1155 4080 1255 4138 ordine
1285 4079 1476 4140 succedentes
1500 4101 1569 4159 pro·

162 4193 197 4246 ς
218 4170 371 4245 grcssmh.
416 4168 486 4229 Sive
517 4186 586 4245 ergo
619 4170 686 4243 quis
716 4168 855 4226 circulum
886 4169 1035 4243 signorum
1065 4168 1169 4225 mentis
1198 4169 1405 4241 imaginatione
1436 4180 1517 4229 secet
1540 4173 1568 4227 in

218 4255 357 4316 alterutro
380 4267 554 4331 punctorum
584 4254 844 4331 aequinoctialium
871 4262 901 4314 et
921 4253 1015 4313 veluti
1038 4254 1215 4332 explicatum
1247 4258 1335 4328 inque
1364 4256 1484 4332 longum
1516 4276 1568 4316 cx-

123 4334 128 4346 ’
221 4353 335 4403 tensum
358 4338 485 4421 applicet
508 4344 661 4422 systemati
684 4343 812 4420 perlecto
835 4340 1024 4419 disdiapason
1053 4342 1214 4401 secundum
1238 4341 1377 4418 aequales
1404 4343 1567 4420 longitudi-

219 4448 287 4505 nes,
311 4440 449 4507 punctum
472 4432 596 4491 alterum
619 4430 852 4505 aequinoctiale,
882 4430 910 4485 in
935 4446 993 4506 quo
1017 4433 1107 4488 sectio
1136 4447 1193 4487 non
1217 4439 1262 4487 est
1285 4431 1379 4503 lacta,
1407 4432 1516 4491 incidet
1539 4435 1567 4489 iu

220 4535 335 4591 meseu;
365 4529 395 4577 at
424 4520 524 4580 circuli
552 4520 623 4579 secti
648 4521 788 4577 terminus
818 4517 891 4578 alter
913 4516 943 4574 in
963 4516 1292 4593 proslambanomenon,
1321 4517 1395 4576 alter
1423 4521 1452 4575 iu
1481 4529 1566 4579 neten

220 4606 454 4684 hyperbolaeon3
481 4609 546 4667 sivc
568 4625 585 4665 e
608 4607 754 4665 contrario
781 4612 910 4683 systema
933 4602 1121 4680 disdiapason
1153 4607 1182 4662 in
1205 4604 1343 4663 circulum
1373 4614 1567 4683 contorqueas

222 4701 378 4774 potestate,
402 4704 433 4754 et
454 4696 599 4771 coaptatis
623 4695 750 4754 invicem
773 4700 840 4752 uete
862 4692 1080 4768 hyperbolaeon
1105 4699 1133 4751 ct
1155 4684 1471 4769 proslambanomenon
1495 4695 1567 4754 duos

97 4794 100 4801 ’
143 4806 145 4809 ·
218 4785 333 4841 sonitus
348 4783 377 4838 in
392 4800 482 4841 unum
497 4782 654 4858 redegeris,
678 4784 747 4840 unio
770 4781 844 4839 haec
867 4779 1074 4838 diametraliter
1091 4780 1208 4853 quidem
1223 4787 1387 4855 opponetur
1406 4783 1464 4856 ipsi
1480 4801 1566 4855 mese,

218 4887 311 4931 nexus
334 4871 389 4929 iste
417 4875 471 4930 erit
495 4887 565 4929 vero
589 4868 627 4927 ad
651 4870 744 4946 ipsam
774 4865 953 4928 concordans
984 4869 1012 4923 in
1036 4867 1200 4926 identisono
1225 4864 1444 4949 diapasouffl).
1491 4869 1567 4945 Quin

218 4960 307 5019 etiam
329 4957 385 5017 hac
408 4960 458 5016 via
480 4956 675 5035 probabilitas
697 4956 786 5032 hujus
809 4955 1036 5033 comparationis
1059 4955 1214 5028 stabilitur,
1238 4953 1316 5030 quod
1339 4973 1397 5014 non
1421 4957 1569 5017 absimilia

219 5048 392 5120 contingunt
414 5047 593 5122 oppositioni
619 5043 783 5107 diametrali
807 5044 836 5100 iu
860 5040 967 5100 circulo
991 5043 1040 5116 iis,
1072 5060 1146 5118 quae
1170 5044 1247 5101 circs
1269 5041 1410 5120 diapason
1438 5045 1569 5104 accidere

219 5130 571 5206 demonstravtmnsssss).
616 5132 692 5193 Nam
720 5136 750 5190 io
775 5130 959 5207 oppositione
991 5129 1243 5205 comprehenditur
1272 5132 1347 5189 ratio
1374 5131 1467 5207 dupla
1496 5136 1569 5192 inter

218 5227 312 5280 totum
343 5221 480 5280 circulum
513 5229 542 5281 et
574 5220 787 5280 semicirculum
798 5213 877 5291 ΧΠ),
915 5216 1131 5293 plurimumque
1163 5216 1350 5290 aequalitatis
1383 5236 1453 5294 prae
1490 5228 1570 5280 cete-

218 5303 337 5381 ris¹V)‚
371 5320 401 5367 et
431 5306 510 5385 quod
546 5325 597 5385 per
628 5317 757 5367 centrum
789 5304 888 5365 circuli
918 5321 977 5362 una
999 5305 1063 5364 sola
1093 5305 1232 5364 diameter
1260 5306 1425 5364 necessario
1449 5308 1568 5379 incedit,

220 5411 297 5470 quae
320 5397 414 5472 prima
436 5414 527 5455 causa
549 5405 594 5455 est
615 5396 804 5472 aequalitatis
828 5389 1026 5470 ligassem),
1050 5393 1188 5470 quodque
1212 5410 1286 5469 quae
1308 5393 1394 5452 aliter
1409 5394 1570 5455 traducun-

218 5488 281 5555 tur,
310 5483 364 5541 etsi
388 5484 650 5544 circumferentiam
679 5492 770 5543 totam
800 5484 830 5540 in
851 5488 1039 5559 quotcunque
1065 5489 1163 5557 partes
1193 5480 1332 5555 aequales
1356 5479 1507 5557 dividant,
1539 5489 1570 5542 at

218 5584 276 5627 uon
306 5571 350 5628 sic
372 5578 519 5629 ettotam
546 5570 686 5648 phuam,
720 5571 862 5630 diameter
889 5584 960 5627 vero
989 5576 1024 5627 et
1040 5568 1300 5627 circumferentiam
1333 5576 1362 5628 et
1382 5568 1504 5644 planum
1527 5572 1570 5630 si·

218 5654 324 5716 mutter
331 5653 422 5737 ¹V11).
467 5657 552 5719 ilhe-
566 5669 620 5734 est,
644 5658 724 5735 quod
747 5657 993 5733 contignationes
1008 5664 1151 5717 asnorum
1165 5654 1278 5716 zodiaci
1294 5655 1481 5718 diametrales
1496 5661 1570 5720 inter

344 5927 396 5994 „a

348 5985 375 6014 τῃ
