3684 7259
517 1212 646 1272 480
969 1232 978 1240 ’
1451 1199 1782 1272 appendicis
1817 1199 2265 1259 flamonieorum

516 1399 748 1459 eunque
788 1380 964 1458 igitur
1007 1398 1048 1457 q
1212 1386 1363 1439 tates
1407 1396 1480 1438 ex
1524 1380 1896 1454 opinionibus
1941 1388 2201 1442 veterum
2255 1369 2670 1456 nascebantur,
2733 1400 2885 1460 quas
2931 1400 3045 1460 ego
3086 1401 3200 1444 nou

416 1483 423 1490 ·
515 1472 788 1531 eruebam
849 1487 918 1528 ex
979 1471 1144 1545 ἥρω
1200 1476 1395 1535 atura,
1456 1464 1517 1523 id
1561 1475 1649 1527 est
1706 1484 1778 1525 ex
1822 1466 2022 1543 figuris
2065 1466 2428 1544 regularibus
2488 1477 2592 1528 aut
2649 1487 2721 1530 ex
2768 1475 3201 1546 comparatione

515 1566 719 1617 mutua
762 1545 1272 1636 commum
1332 1554 1409 1612 ab
1441 1555 1524 1611 iis
1584 1552 2004 1625 derivatamm,
2064 1554 2196 1613 illas
2239 1572 2350 1631 ego
2397 1555 2589 1615 dimisi
2641 1566 2709 1617 ut
2750 1557 3067 1633 plurimum
3110 1562 3201 1617 in-

513 1652 731 1720 tactas3
778 1660 926 1719 quas
973 1637 1115 1703 vet‘o
1155 1643 1270 1717 'ego
1317 1641 1525 1712 elicui,
1571 1640 1646 1698 sd
1693 1641 1912 1718 placita
1955 1651 2212 1702 veterum
2259 1659 2373 1702 non
2419 1642 2732 1721 applicavi,
2786 1645 2890 1703 ubi
2936 1648 3198 1705 confusio

512 1735 693 1807 metui
755 1734 964 1807 potuit.
1056 1730 1434 1788 Diatessaron
1498 1726 1733 1824 quidem
1787 1728 2116 1807 applicavi,
2176 1732 2315 1806 quia
2377 1748 2490 1789 non
2545 1741 2735 1790 errant
2800 1732 2897 1791 hie
2955 1744 3198 1807 veteres,

511 1804 695 1879 diesin
747 1835 883 1877 vero
927 1834 1043 1876 non
1089 1815 1407 1893 applicavi,
1450 1804 1568 1872 non
1614 1818 1967 1893 comparavi,
2014 1815 2126 1876 hoc
2173 1825 2263 1875 est
2305 1820 2687 1893 aequiparavi
2723 1835 2855 1877 eum
2887 1837 2978 1892 ea,
3026 1838 3201 1896 quam

510 1916 739 1966 veteres
785 1903 969 1965 diesin
1014 1904 1301 1976 dixerunt,
1345 1902 1489 1979 quia
1533 1897 1635 1959 illa
1680 1902 1915 1963 diversa
1956 1912 2045 1962 est
2090 1920 2128 1962 a
2156 1921 2304 1965 mea.
2393 1904 2557 1964 Idem
2589 1905 2905 1965 te'neudum
2948 1906 3022 1966 de
3053 1908 3200 1967 lem-

510 2002 668 2054 mate
713 2009 845 2052 meo
907 2000 965 2051 et
1025 2000 1312 2062 veterum,
1377 1988 1544 2064 eujus
1599 1988 1720 2049 alis
1778 1992 2099 2066 quantitas,
2166 1992 2318 2049 alius
2360 1992 2738 2052 abscindendi
2785 1991 3014 2053 modus.
3104 1995 3201 2055 Sic

509 2091 715 2139 eantus
759 2096 1002 2156 genera,
1050 2076 1257 2138 durum
1299 2083 1358 2135 et
1398 2074 1606 2149 molle,
1662 2082 1778 2134 non
1825 2079 2160 2153 comparavi
2205 2094 2317 2154 ego
2363 2096 2491 2137 cum
2539 2081 2610 2138 iis
2654 2082 3001 2156 generibus,
3047 2099 3198 2158 quae

510 2171 737 2227 veteres
783 2173 1165 2255 agnoverunt,
1213 2166 1353 2240 quia
1395 2179 1433 2221 a
1478 2163 1815 2222 confusione
1859 2157 2060 2223 lectori
2108 2182 2237 2224 meo
2282 2169 2480 2240 metui,
2532 2184 2650 2225 non
2695 2168 2849 2227 enim
2893 2168 3194 2228 fundatam

508 2256 707 2315 inveni
752 2256 813 2312 in
856 2252 1065 2313 natura
1113 2250 1505 2329 triplicitatem
1549 2249 1706 2309 illam
1754 2269 2026 2325 generum
2074 2260 2294 2310 cantus.
2406 2288 2409 2291 >

681 2340 858 2401 Libro
918 2349 1125 2416 quartu
1177 2341 1377 2397 videor
1429 2337 1529 2397 ubi
1581 2337 1786 2401 tollere
1846 2338 2202 2401 hannoniafl]
2266 2355 2494 2397 omnem
2559 2347 2790 2414 praeter
2835 2340 3190 2402 circularem.

515 2428 638 2487 Etsi
684 2431 907 2506 primae
952 2429 1325 2485 terminorum
1373 2425 1834 2485 harmonicorum
1880 2425 2054 2485 ideae
2098 2437 2234 2485 sunt
2276 2429 2335 2485 in
2381 2426 2632 2486 arcubus
2664 2428 2881 2502 circuli,
2928 2446 2968 2489 a
3012 2429 3197 2506 figura

504 2515 755 2591 regulari
818 2513 1021 2585 divisi,
1089 2525 1285 2573 tamen
1350 2513 1489 2573 illae
1533 2513 1994 2589 multiplieautur
2054 2517 2226 2573 etiam
2284 2516 2342 2570 in
2388 2523 2576 2573 rectas
2620 2519 3016 2592 quantitates3
3087 2535 3194 2579 nee

506 2606 661 2663 enim
706 2602 957 2679 amplius
1017 2601 1161 2657 finnt
1205 2601 1429 2657 ιιιηιιὶιιί
1481 2601 1866 2677 proportionis
1930 2617 2162 2677 propter
2208 2600 2449 2675 figuram
2496 2601 2868 2681 circularem,
2933 2612 3000 2662 ut
3039 2622 3190 2680 quae
3272 2609 3279 2615 '

505 2690 793 2749 divisione
830 2690 952 2765 jam
1005 2701 1093 2745 est
1137 2689 1459 2757 ‹lest-ruera.
1521 2681 1626 2749 sed
1674 2689 1858 2745 sulum
1914 2701 2146 2765 propter
2194 2688 2641 2763 longitudinem,
2707 2707 2860 2766 quae
2913 2695 3194 2767 reperitur

504 2779 681 2837 etiam
726 2779 784 2835 in
828 2781 1021 2836 rectis
1113 2777 1237 2833 Non
1285 2777 1461 2849 igitur
1505 2777 1814 2833 circulares
1858 2777 2010 2833 sucin
2058 2777 2387 2835 harmonias
2431 2774 2634 2849 aliter,
2699 2794 2878 2853 quam
2923 2788 3190 2856 respectu

500 2867 817 2943 primarum
859 2862 1121 2923 idearum
1162 2861 1502 2921 mentalium
1547 2855 1826 2941 ortusque
1870 2878 2069 2921 earum
2114 2880 2185 2921 ex
2231 2862 2464 2923 circulo.

675 2951 789 3010 Hie
834 2959 896 3009 tu
944 2952 1119 3009 etiam
1183 2966 1278 3008 me
1321 2956 1577 3022 mactas,
1647 2948 1935 3022 Roberte‚
1999 2952 2117 3008 tuis
2176 2948 2609 3023 additionibus,
2676 2950 2776 3010 ubi
2824 2949 3190 3012 voluntatem

505 3041 803 3116 egregiam
847 3032 1154 3108 collaudo,
1220 3042 1471 3095 ceterum
1517 3052 1752 3112 operam
1798 3034 2076 3112 deprecor
2135 3038 2192 3094 in
2236 3037 2706 3113 meteorologicis
2762 3041 2912 3097 meis
2956 3035 3197 3099 harmo·.

502 3129 643 3185 niis:
690 3125 880 3185 nullas
927 3141 1037 3202 ego
1081 3133 1280 3201 partes
1323 3126 1579 3183 musicae
1625 3122 1889 3183 diversas
1921 3124 2167 3182 diversis
2196 3124 2448 3199 planetis
2486 3126 2748 3200 signisve
2779 3126 3190 3202 accommod03

425 3280 430 3284 ¹
500 3230 665 3273 mens
708 3220 830 3286 tua,
877 3220 943 3271 ιιι
986 3210 1179 3282 video,
1224 3212 1544 3290 praecurrit
1587 3208 1808 3286 oeulos.
1898 3210 2150 3269 Rursum
2179 3211 2540 3272 harmoniam
2571 3210 2918 3287 angulorum
2966 3223 3190 3273 tautum

501 3301 689 3374 abest,
737 3308 803 3359 ut
844 3302 915 3359 s'n
958 3306 1128 3359 motu
1170 3301 1485 3358 consistere
1528 3296 1751 3371 dicam,
1815 3303 1882 3355 ut
1923 3300 2153 3373 potius,
2200 3298 2478 3373 quamdiu
2526 3307 2582 3358 et
2630 3302 2687 3355 in
2733 3309 3018 3375 quantum
3063 3318 3193 3361 mo·

499 3396 713 3447 ventur
744 3388 1048 3472 planetae,
1095 3387 1372 3445 continua
1416 3387 1492 3444 sit
1537 3384 1927 3458 dissonantia,
1973 3384 2422 3444 concordantiae
2469 3381 2609 3445 vero
2658 3402 2893 3464 omnes,
2939 3390 3000 3445 in
3045 3406 3191 3466 quas

499 3475 774 3553 planetae
833 3481 997 3533 motu
1059 3480 1386 3544 transeunt,
1451 3472 1569 3531 siut
1610 3482 2084 3544 momentaneae,
2147 3475 2197 3530 si
2243 3475 2609 3532 exactissime
2667 3490 2756 3532 res
2809 3478 3187 3550 pensitentur.

498 3560 617 3622 Sed
665 3563 801 3633 nee,
871 3558 1168 3637 quomodo
1232 3562 1473 3618 mixtam
1534 3572 1645 3636 ego
1706 3567 1959 3618 statuam
2022 3557 2413 3632 harmoniam,
2485 3561 2629 3620 satis
2691 3558 2845 3620 clare
2913 3563 3188 3641 explicas.
3287 3630 3295 3645 .

496 3643 745 3712 mixtam
789 3650 980 3725 patior
1030 3646 1332 3725 appellari,
1379 3648 1520 3722 quia
1564 3646 1891 3718 eum-radii,
1937 3646 2037 3723 qui
2069 3647 2337 3723 angulos,
2384 3649 2776 3724 proportionis
2819 3648 3190 3710 harmonicae

504 3737 815 3808 terminos,
878 3738 1351 3809 interstinguunt,
1397 3735 1515 3792 sint
1558 3734 1858 3807 coelestes,
1906 3735 2158 3810 angulus
2203 3746 2395 3794 tamen
2442 3736 2599 3812 ipse,
2658 3738 2759 3810 qui
2803 3739 3084 3795 terminus
3129 3737 3191 3797 fit

496 3823 907 3902 proportionis,
956 3824 1012 3880 in
1058 3821 1240 3881 Terra
1282 3821 1576 3879 formatur.
1664 3821 1789 3880 Nec
1832 3820 1977 3879 nihil
2022 3821 2186 3881 deest
2230 3830 2288 3881 et
2332 3821 2415 3879 illi
2464 3832 2601 3882 tuae
2645 3824 2988 3896 narrationi,
3053 3824 3187 3883 dum

497 3909 765 3971 sextilem
811 3927 849 3968 a
891 3926 984 3972 me
1029 3911 1119 3969 ais
1163 3907 1486 3985 comparari
1533 3909 1739 3967 tertiae
1781 3905 1976 3983 molli3
2038 3924 2154 3967 non
2215 3909 2349 3984 ipsi,
2414 3911 2650 3986 inquam
2698 3927 2846 3984 ego,
2910 3910 3016 3970 sed
3061 3912 3188 3987 ejus

500 3999 699 4060 sociae
746 3996 1018 4073 diapente
1063 3991 1570 4073 epidisdlapasou3
1626 3996 1709 4053 ita
1755 3994 1932 4054 etode
1974 3997 2181 4055 ceteris
2225 3996 2511 4058 omnibus.
2601 3996 2794 4072 Atque
2840 3996 2934 4058 hie
2978 4003 3189 4076 repetis

503 4087 956 4162 comparationis
1001 4100 1170 4143 meae
1214 4083 1420 4155 verba,
1488 4098 1642 4159 quae
1685 4098 1796 4158 ego
1844 4089 2069 4142 tautum
2116 4082 2188 4143 de
2232 4082 2383 4141 libro
2430 4083 2539 4144 111.
2601 4081 2790 4159 deque
2833 4086 3182 4162 investigato

485 4170 932 4234 'barnoniarum
960 4172 1215 4230 omnium
1246 4177 1372 4230 ortu
1405 4167 1580 4229 ideali
1612 4170 1973 4245 scripseram,
2021 4177 2088 4229 ut
2115 4168 2284 4229 facile
2313 4179 2554 4247 apparet
2587 4171 2996 4248 consideranti,
3041 4189 3192 4249 quae

501 4274 613 4337 ego
660 4261 746 4319 tui
792 4259 984 4337 operis
1030 4258 1225 4336 capita
1267 4273 1396 4317 cum
1443 4257 1662 4333 quibus
1700 4256 1812 4316 mei
1861 4259 2332 4335 comparaverim.
2382 4257 2678 4317 Audiam
2724 4266 2917 4319 tamen
2983 4260 3185 4336 objec-

498 4349 689 4407 tiones
733 4355 883 4417 tuas,
929 4347 981 4404 si
1026 4343 1167 4421 quid
1212 4343 1350 4403 illae
1396 4345 1636 4405 forsitan
1683 4344 1843 4420 operi
1888 4361 2020 4403 meo
2064 4352 2294 4422 praeter
2337 4351 2397 4406 et
2439 4344 2592 4404 ultra
2634 4347 2815 4405 verba
2859 4348 3003 4421 ista,
3051 4364 3185 4424 per-

346 4427 369 4446 '
493 4451 693 4513 peram
739 4433 856 4493 hue
899 4431 1227 4537 applicata,
1275 4424 1534 4509 ereptum
1578 4438 1731 4491 eant.

678 4520 949 4594 Videtur,
996 4521 1205 4595 inquis,
1252 4519 1414 4595 quod
1453 4536 1576 4578 non
1619 4518 1886 4594 σπςιιὶω
1927 4520 1995 4580 in
2034 4525 2201 4577 terra
2229 4517 2505 4579 duarum
2534 4520 2955 4579 radiationum
2999 4540 3183 4581 cama

488 4612 567 4668 sit
610 4614 1059 4683 tempestatum,
1116 4604 1217 4665 sed
1253 4609 1458 4681 potius
1503 4605 1858 4683 influentiae
1912 4604 2237 4679 cujusdam
2279 4608 2476 4663 virtus
2517 4608 2751 4668 occulta
2807 4615 2864 4666 et
2904 4608 3184 4668 admira·

489 4696 640 4756 bilis.
731 4695 914 4768 Haec,
960 4696 1039 4754 mi
1083 4693 1355 4767 Roberte‚
1403 4708 1518 4751 vox
1566 4699 1655 4752 est
1698 4693 1871 4751 unius
1917 4709 1949 4751 e
1994 4693 2283 4751 communi
2329 4701 2498 4753 coetu
2531 4691 2849 4767 doctorum,
2895 4697 2996 4771 qui
3044 4696 3180 4754 nul-

488 4782 606 4843 lam
653 4782 790 4843 dum
836 4798 1070 4858 operam
1118 4783 1317 4860 posuit
1359 4782 1420 4838 in
1464 4780 1960 4858 pervestigatione
2008 4796 2334 4840 causarum.
2425 4781 2513 4840 Ex
2558 4781 2932 4854 admirando,
2994 4784 3182 4859 inquit

489 4870 608 4945 ille,
655 4872 837 4931 coorti
869 4877 1005 4930 sunt
1048 4868 1306 4934 studium
1352 4878 1531 4972 atque
1574 4866 1740 4928 labor
1783 4866 2194 4939 investigandi.
2286 4865 2402 4926 Hie
2444 4884 2574 4926 eum
2619 4878 2680 4927 tu
2726 4885 2885 4927 meas
2919 4869 3180 4930 molitio·

487 4974 593 5019 nes
639 4957 870 5031 videas,
925 4958 1084 5034 jam
1092 4954 1311 5016 dudum
1356 4958 1511 5016 enim
1570 4962 1629 5015 et
1672 4970 1785 5031 ego
1829 4971 1982 5013 uuus
2028 4953 2257 5016 illorum
2315 4955 2431 5027 t'ui,
2499 4956 2597 5030 qui
2646 4955 3008 5030 influentias,
3070 4959 3177 5034 qui

484 5047 748 5107 occultas
791 5044 1093 5105 coelorum
1143 5047 1389 5103 virtutes
1432 5042 1791 5115 admirabar,
1838 5041 2014 5103 miror
2060 5032 2347 5116 equidem,
2395 5059 2494 5101 eur
2526 5060 2642 5102 non
2686 5042 2805 5102 alia
2842 5060 2905 5104 re
2939 5061 3178 5105 censeas

487 5132 622 5193 illas
666 5132 1088 5209 reprimendas,
1135 5148 1312 5207 quam
1356 5130 1600 5208 pristina
1643 5128 1747 5189 illa
1789 5135 1849 5188 et
1892 5127 2160 5189 obsoleta
2202 5126 2604 5190 admiratione
2687 5128 2958 5207 Hoeeine
3006 5133 3178 5206 igitur

487 5232 594 5291 est,
642 5219 1055 5298 philosophum
1102 5235 1310 5295 agere,
1359 5218 1644 5289 Roberte‚
1706 5214 2214 5293 philosophantem
2262 5215 2498 5292 ohjeetu
2543 5218 2905 5292 ignorantiae
2953 5219 3179 5280 invete-

486 5316 651 5367 ratae
693 5306 1001 5384 prohibere
1047 5307 1123 5365 ab
1169 5304 1332 5366 aditu
1375 5304 1757 5384 penetralium
1801 5303 2086 5363 naturae?
2178 5303 2247 5364 Et
2278 5313 2529 5379 quantae
2571 5321 2789 5380 quaeso
2835 5314 2974 5367 sunt
3030 5310 3178 5365 vires

487 5389 649 5453 illius
692 5402 831 5453 tuae
874 5395 1037 5455 vocis
1095 5392 1381 5466 Videtur,
1428 5408 1575 5469 quas
1623 5407 1752 5450 eum
1796 5392 2155 5467 argumentis
2200 5393 2345 5452 meis
2391 5391 2701 5452 conseras?
2808 5400 2813 5403 '

661 5480 949 5558 Aspeetus
995 5484 1051 5539 in
1098 5480 1264 5541 coelo
1309 5496 1425 5540 non
1472 5487 1578 5552 est,
1626 5480 1684 5536 in
1730 5477 1913 5539 Terra
1955 5479 2267 5553 formatum
2314 5481 2370 5536 in
2411 5477 2593 5539 Terra
2638 5496 2777 5538 vero
2824 5487 2883 5539 et
2928 5482 3178 5541 eircum-

485 5564 615 5626 t'uso
662 5572 799 5628 aere
842 5570 1106 5644 sequitur
1150 5575 1451 5644 aspectum
1496 5568 1839 5641 commotio,
1900 5573 2172 5643 aspectus
2219 5582 2355 5642 ergo
2401 5580 2585 5632 causa
2636 5573 2726 5626 est
2767 5570 3175 5628 commotionis

486 5660 916 5733 tempestatum.
1007 5648 1296 5729 Rursum,
1356 5672 1474 5715 non
1531 5655 1719 5717 omnis
1777 5654 2031 5730 angulus
2075 5650 2465 5715 coincidentes
2521 5653 2699 5716 habet
2758 5662 2954 5714 motus
2997 5657 3171 5732 aeris,
