3684 7259
249 1257 311 1322 tto
778 1255 821 1312 De
838 1254 1066 1326 Propertiomhns

248 1436 277 1506 1,
299 1434 330 1506 3,
352 1435 445 1491 minor
468 1448 538 1491 vero
561 1434 635 1491 inter
658 1436 687 1507 3,
712 1438 741 1507 4,
765 1435 866 1495 ablata
887 1454 906 1494 a
927 1436 1031 1512 majori
1054 1437 1083 1508 2,
1109 1435 1137 1505 3,
1161 1432 1346 1509 relinquebat
1367 1434 1605 1512 sesquioctavam

245 1522 320 1579 inter
343 1520 372 1593 8,
396 1521 425 1578 9.
469 1519 507 1578 Et
529 1527 641 1578 tautum
664 1521 914 1598 deprehenderunt
937 1541 1000 1582 esse
1022 1520 1208 1581 intervallum
1230 1524 1305 1592 toni,
1329 1521 1551 1578 usitatissimum
1573 1520 1603 1574 in

246 1608 327 1666 omni
349 1617 445 1665 cautu.
490 1607 582 1683 Atqui
612 1611 790 1668 numerasti
815 1622 859 1669 est
881 1611 973 1668 cubus
996 1608 1032 1669 de
1055 1612 1085 1681 a,
1109 1618 1138 1669 et
1159 1625 1296 1668 ninnerus
1320 1609 1338 1665 3
1362 1615 1407 1667 esi
1429 1606 1604 1691 quadratum

246 1692 282 1753 de
306 1695 336 1755 3.
380 1692 451 1753 Jam
472 1695 561 1770 igitur
582 1694 612 1753 hi
635 1705 718 1755 erant
738 1698 768 1753 in
797 1708 912 1775 promtu
935 1699 1046 1757 numeri
1071 1699 1098 1763 l,
1122 1700 1152 1769 3,
1176 1698 1204 1769 3,
1229 1698 1259 1768 4,
1283 1696 1312 1767 8,
1336 1697 1364 1753 9.
1409 1693 1483 1752 Cum
1506 1700 1604 1751 autem

245 1779 349 1840 mem
368 1783 465 1839 unitas
487 1784 578 1842 sitet
599 1782 774 1858 quadratum
795 1801 880 1844 suum
902 1794 932 1843 et
954 1786 1063 1859 cubus,
1086 1784 1215 1842 binarius
1238 1800 1308 1842 vero
1322 1780 1496 1856 quadratum
1518 1796 1604 1838 suum

244 1868 365 1927 haberet
389 1870 409 1926 4
432 1876 461 1927 et
483 1869 590 1928 cubum
613 1871 641 1941 8,
665 1874 791 1931 ternario
813 1876 901 1931 etiam
922 1879 1037 1949 praeter
1052 1869 1261 1947 quadratum9
1282 1868 1475 1945 adjunxerunt
1497 1868 1603 1926 cubum

245 1972 332 2014 suum
355 1945 407 2028 2⁹7,
437 1956 518 2030 quod
541 1960 754 2033 existimarent,
784 1959 823 2018 ad
846 1961 938 2019 cubos
966 1976 1059 2034 usque
1090 1957 1332 2035 progrediendum
1355 1963 1603 2037 essesspropterea,

245 2041 325 2119 quod
347 2042 473 2101 muudus
496 2051 576 2103 totus
599 2055 629 2103 et
644 2046 760 2105 vocalia
775 2050 873 2106 omnia
894 2064 953 2105 non
968 2045 1175 2125 superficiebus
1198 2053 1365 2105 constarent
1382 2044 1528 2113 inanibus,
1552 2040 1604 2100 sed

245 2128 350 2189 solidis
372 2130 549 2207 corporibus.
584 2132 720 2208 Denique
742 2152 778 2193 ex
800 2134 856 2193 hoc
877 2137 961 2193 initio
984 2144 1066 2193 tanta
1088 2134 1197 2192 coaluit
1220 2134 1318 2210 opinio
1341 2147 1526 2189 numerorum
1548 2129 1605 2187 ho-

244 2233 317 2289 mm,
340 2227 492 2297 propterea
513 2218 593 2293 quod
616 2230 714 2279 esseut
735 2225 833 2300 primi,
863 2239 1023 2298 eorumque
1044 2220 1179 2296 quadrati
1202 2230 1232 2279 et
1253 2221 1331 2286 cubi,
1354 2226 1387 2278 ut
1407 2216 1605 2295 Pythagoraei

245 2313 338 2362 totam
365 2304 582 2382 philosophiam
612 2326 648 2367 ex
676 2310 712 2366 iis
742 2311 905 2369 censuerint
934 2307 1171 2368 concinnandam.
1217 2306 1292 2366 Nam
1313 2307 1605 2382 unitas'repraesen·

245 2392 328 2450 tabat
350 2394 422 2469 ipsis
443 2392 541 2451 ideam
562 2404 592 2453 et
613 2405 739 2455 mentem
761 2406 791 2455 et
812 2398 948 2471 sormam,
980 2398 1050 2473 quia
1072 2404 1104 2473 ut
1126 2398 1223 2453 unitas
1245 2393 1397 2452 individua
1420 2401 1464 2451 est
1486 2390 1605 2450 eadem-

246 2496 304 2554 que
326 2488 425 2539 manet
448 2488 477 2538 et
498 2480 641 2555 quadrato
663 2483 857 2562 multiplicata
878 2493 908 2543 et
929 2485 1040 2555 subice,
1063 2486 1105 2541 sie
1127 2482 1210 2542 ideae
1226 2497 1344 2557 quoque
1358 2478 1553 2538 indivisibiles
1576 2486 1605 2536 et

244 2566 424 2625 universales
447 2576 545 2627 esseut
567 2576 596 2626 et
617 2587 730 2647 semper
752 2571 838 2632 idem.
868 2570 973 2648 ltaque
988 2573 1129 2629 unitatem
1151 2570 1280 2629 lecerunt
1295 2566 1461 2646 symbolum
1483 2576 1605 2626 naturae

245 2652 414 2724 identitatis,
435 2670 570 2713 numeros
593 2675 662 2716 sero
686 2668 797 2718 eeteros
825 2660 961 2737 symbola
991 2669 1112 2717 naturae
1141 2656 1305 2716 alteritatis,
1351 2655 1487 2713 Binarius
1516 2656 1605 2730 igitur

245 2739 420 2801 alteritatem
443 2742 580 2817 signabat
601 2752 631 2803 et
653 2749 817 2819 materiam,
841 2750 912 2824 quia
935 2747 1108 2805 divisionem
1131 2744 1181 2803 ille
1204 2744 1345 2816 admittit,
1369 2749 1402 2799 ut
1424 2751 1455 2800 et
1477 2745 1552 2814 ista3
1576 2748 1606 2799 et

246 2836 279 2888 ot
301 2828 350 2887 ille
374 2826 517 2904 quadrata
538 2829 747 2910 multiplicatus
770 2834 803 2893 rit
825 2836 859 2906 4,
889 2836 990 2895 cubico
1015 2835 1050 2908 8,
1082 2836 1134 2909 qui
1155 2840 1224 2891 sunt
1245 2833 1357 2889 numeri
1380 2827 1510 2888 distincti
1533 2847 1551 2886 a
1575 2829 1605 2898 2,

245 2917 289 2975 sic
311 2918 435 2975 materia
455 2917 600 2977 instabilis
622 2930 652 2979 et
673 2921 857 2981 multiformis
873 2938 938 2981 esse
953 2928 1058 3000 potest
1090 2919 1196 2978 Aliter:
1213 2919 1343 2977 binarius
1367 2919 1455 2976 etiam
1477 2917 1605 2974 animam

244 3003 398 3081 signabat,
433 3003 513 3079 quod
536 3021 602 3064 cum
623 3024 705 3066 meus
726 3008 884 3067 immobilis
911 3011 950 3067 sit
972 3015 1024 3067 aut
1045 3016 1132 3066 motu
1148 3007 1285 3065 uniformi
1311 3022 1352 3064 sc
1375 3003 1508 3063 circulari
1529 3020 1606 3079 gan-

246 3088 330 3164 deat,
363 3091 462 3149 anima
484 3101 585 3152 eontra
605 3093 780 3173 multiplices
803 3105 899 3155 motus
929 3115 948 3155 a
975 3112 1095 3173 corpore
1123 3095 1250 3171 excipiat
1279 3091 1375 3168 adque
1398 3099 1495 3150 motus
1517 3091 1606 3149 recti-

244 3171 349 3255 liueos,
371 3180 423 3255 qui
445 3190 513 3237 sunt
535 3182 565 3237 in
587 3182 741 3259 sextuplici
763 3182 933 3256 differentia,
955 3185 1050 3259 magis
1067 3181 1253 3241 'familiariter
1275 3198 1307 3239 se
1329 3179 1445 3240 habeat.
1468 3178 1606 3253 Denique

248 3267 392 3324 ternarius
414 3267 537 3326 notabat
557 3267 616 3327 illis
638 3285 759 3347 corpus,
783 3274 976 3348 compositum
998 3288 1034 3331 ex
1056 3270 1149 3329 lorma
1172 3277 1201 3327 et
1221 3268 1358 3339 materis,
1381 3269 1458 3325 sicut
1480 3267 1499 3325 3
1525 3281 1607 3323 com-

245 3353 358 3431 positus
380 3362 481 3412 estex
504 3356 522 3411 2
546 3358 619 3430 etl,
641 3360 763 3438 etl-quia
784 3374 907 3436 corpora
927 3357 1076 3418 mundana
1096 3364 1149 3433 tot,
1162 3355 1273 3416 habent
1295 3353 1505 3427 dimensiones,
1534 3358 1607 3428 quot

246 3442 388 3499 ternarius
410 3442 547 3501 unitates.
626 3502 629 3507 ,
1026 3518 1027 3522 ¹

330 3527 433 3605 Neque
462 3534 576 3588 tautum
603 3530 738 3607 symbola
767 3539 849 3591 erant
875 3536 987 3592 numeri
1010 3534 1100 3591 trium
1131 3532 1351 3609 principiorum,
1382 3526 1433 3587 sed
1456 3528 1519 3604 jam
1542 3529 1608 3604 ipsa

246 3615 344 3673 anima
365 3616 596 3692 componebatur
618 3619 690 3695 ipsis
720 3636 755 3677 ex
779 3619 858 3679 hisce
880 3623 1008 3678 numeris
1031 3635 1189 3694 eorumque
1211 3617 1448 3696 proportionibus
1471 3615 1607 3675 omnibus

220 3777 224 3783 ἱ
246 3708 276 3762 et
296 3700 546 3763 subdivisionibus
568 3706 787 3781 proportionum
810 3709 841 3764 in
854 3706 1072 3782 sesquialteras,
1095 3707 1296 3781 sesquitertias
1318 3714 1348 3764 et
1363 3704 1606 3779 sesquioctavas:

243 3796 276 3848 ut
298 3791 410 3864 anima,
438 3790 590 3850 vinculum
611 3795 715 3852 mentis
745 3801 774 3851 et
797 3795 940 3873 corporis,
974 3804 1052 3854 esset
1082 3795 1111 3851 in
1133 3810 1189 3851 sua
1211 3793 1339 3851 essentis
1361 3790 1434 3848 nihil
1456 3792 1514 3849 nisi
1535 3789 1607 3848 har-

244 3878 344 3936 monia
372 3894 466 3953 exque
485 3877 647 3938 harmoniis
662 3883 832 3957 composita
883 3881 933 3940 Ad
960 3882 1016 3941 hoc
1044 3881 1151 3957 dogma
1178 3878 1261 3937 duxit
1288 3878 1355 3937 illos
1383 3877 1485 3956 procul
1517 3874 1608 3935 dubio

245 3963 440 4025 consideratio
462 3966 534 4039 isia,
558 3965 637 4042 quod
659 3970 758 4028 anima
779 3969 908 4029 humana
931 3967 1089 4029 delectetur
1110 3975 1262 4045 tantopere
1285 3966 1424 4038 rocibm,
1452 3981 1528 4041 quae
1550 3963 1609 4024 all·

245 4068 320 4129 quas
343 4054 545 4130 proportiones
566 4054 751 4121 harmonicas
773 4055 974 4134 magnitudine
996 4075 1051 4116 sua
1073 4057 1199 4115 formant
1221 4063 1250 4114 et
1272 4055 1432 4113 continent.

573 4234 752 4307 Excursus
779 4238 824 4313 de
851 4239 1016 4326 Tetracty
1044 4237 1289 4327 Pythagorica.

333 4400 378 4460 Ex
407 4402 555 4480 principiis
583 4403 672 4481 paulo
695 4413 783 4464 autea
813 4408 952 4483 expositis
982 4407 1097 4466 ridetur
1128 4404 1256 4466 eruenda
1285 4420 1349 4463 esse
1379 4401 1430 4461 illa
1456 4407 1608 4477 tetrastys,

246 4490 312 4549 ions
336 4493 470 4566 perennis
492 4493 607 4556 animae
630 4492 784 4562 humanae,
811 4511 862 4571 per
884 4512 973 4571 quam
987 4495 1184 4574 pythagoraei
1203 4493 1353 4568 jurabant,
1381 4507 1448 4549 mea
1470 4490 1609 4565 opinione

246 4582 298 4649 sic,
321 4576 401 4652 quod
433 4580 509 4637 iuter
535 4581 621 4637 trium
651 4581 790 4639 cuborum
816 4586 847 4654 1,
872 4583 891 4640 8
914 4590 944 4642 et
966 4586 1006 4641 27
1030 4584 1130 4656 binos,
1160 4581 1243 4641 verbi
1272 4583 1362 4638 'causa
1394 4580 1468 4636 inter
1495 4579 1507 4634 1
1536 4584 1565 4635 et
1590 4575 1624 4633 8'

248 4662 307 4726 duo
336 4663 426 4723 medii
453 4664 685 4743 proportionales
713 4676 780 4726 sunt
810 4670 828 4725 2
853 4677 882 4728 et
904 4673 934 4728 4.
985 4669 1089 4746 Itaque
1119 4670 1230 4727 numeri
1260 4673 1386 4742 quatuor
1419 4668 1445 4738 1,
1470 4666 1499 4736 2,
1524 4665 1553 4734 4,
1579 4663 1607 4736 8,

246 4767 370 4828 quorum
391 4769 506 4812 summa
524 4753 572 4826 15,
595 4752 644 4812 vel
662 4757 690 4833 1,
705 4757 734 4828 3,
751 4758 779 4829 3,
797 4759 848 4828 ai,
872 4774 996 4832 quorum
1011 4775 1125 4817 summa
1141 4758 1192 4829 to,
1215 4754 1327 4813 faciunt
1349 4752 1431 4811 illam
1453 4759 1608 4827 tetractyn.

245 4839 330 4900 Duos
348 4847 451 4923 ,autem
473 4841 705 4918 proportionales
728 4842 838 4902 habent
861 4845 922 4902 bini
944 4846 1055 4918 cubici,
1086 4846 1163 4905 sicut
1185 4844 1247 4901 hini
1270 4840 1348 4918 plani
1372 4856 1463 4898 unum
1484 4853 1609 4917 propor-

247 4926 397 5001 tionalem,
421 4934 454 4987 ut
474 4937 577 4986 notum
599 4945 635 4987 ex
656 4932 851 5005 geometricis.

333 5013 390 5073 Vel
419 5015 507 5075 luerit
536 5023 676 5094 tetrastys
706 5019 764 5075 ista
789 5019 823 5085 l,
858 5019 893 5091 2,
918 5019 954 5090 3,
978 5022 1007 5075 4.
1056 5020 1071 5077 l
1102 5017 1175 5077 illud
1203 5018 1375 5094 principium
1405 5028 1608 5085 numerorum,

247 5105 266 5161 2
296 5119 483 5163 numerorum
515 5105 630 5179 parium
657 5106 781 5181 primus,
815 5106 833 5164 3
865 5108 1091 5183 compositorum
1122 5113 1151 5165 et
1180 5106 1333 5182 imparium
1366 5104 1489 5180 primus3
1520 5099 1609 5159 ducto

244 5189 305 5267 jam
331 5193 346 5249 l
371 5193 400 5247 in
424 5192 461 5263 3,
484 5190 516 5248 fit
538 5189 738 5266 rectaugulum
762 5194 798 5265 3,
822 5200 854 5249 ut
876 5209 912 5250 ex
935 5195 1054 5270 impari;
1086 5193 1172 5251 ducto
1196 5208 1265 5250 vero
1291 5195 1308 5248 2
1333 5193 1360 5247 in
1385 5207 1417 5248 se
1441 5193 1554 5266 ipsum,
1577 5188 1610 5244 iit
1655 5235 1661 5248 ,

247 5277 425 5355 quadratum
448 5280 480 5351 4,
512 5287 545 5336 ut
567 5296 603 5337 ex
626 5281 705 5358 pari,
735 5280 819 5355 cujus
842 5282 929 5338 etiam
953 5283 983 5337 in
1006 5279 1118 5339 lactura
1139 5278 1351 5356 longitudinem
1374 5285 1404 5336 et
1425 5275 1609 5334 latitudinem

247 5363 331 5425 decet
352 5383 417 5426 esse
440 5382 534 5442 pares,
557 5365 633 5424 sicut
655 5369 685 5423 in
707 5366 786 5425 illius
808 5367 977 5443 rectangulo
1000 5367 1181 5444 inaequales.
1218 5365 1339 5426 Summa
1361 5364 1449 5440 igitur
1471 5380 1508 5422 ex
1533 5364 1560 5436 1,
1579 5365 1609 5433 2,

246 5453 283 5526 3,
306 5458 326 5511 4
355 5460 401 5514 est
426 5454 465 5512 10
493 5460 522 5513 et
554 5455 652 5511 anima
679 5454 808 5513 humana
837 5454 913 5514 solet
936 5454 973 5513 ad
998 5457 1038 5514 10
1060 5471 1220 5514 numerare.
1266 5453 1304 5511 Et
1325 5454 1401 5511 sicut
1423 5452 1529 5510 sunt4
1551 5466 1610 5507 nu-

245 5543 326 5613 meri,
349 5540 471 5600 totidem
492 5557 533 5599 se.
556 5547 629 5617 quot
651 5548 732 5599 eraut
763 5544 792 5599 in
816 5549 919 5618 quarto
948 5544 1094 5614 unitates,
1125 5546 1167 5601 sic
1198 5543 1285 5601 etiam
1315 5557 1366 5617 per
1397 5556 1448 5598 eos
1481 5544 1610 5613 quatuor

246 5630 360 5706 species
382 5628 599 5688 harmoniarum
621 5630 764 5687 existunt:
794 5631 869 5689 inter
893 5632 927 5703 l,
952 5631 970 5687 2
994 5627 1150 5708 diapason,
1174 5636 1206 5688 ut
1228 5636 1258 5687 et
1280 5631 1353 5686 inter
1376 5627 1405 5700 2,
1429 5630 1459 5699 4,
1483 5632 1513 5684 et
1534 5626 1610 5684 inter

235 5716 278 5804 x1,
301 5708 550 5795 sublapsum,
574 5718 1010 5795 quaesuntprouna31nter
1035 5720 1062 5796 1,
1085 5718 1104 5778 3
1128 5717 1271 5797 diapason
1293 5714 1495 5795 epidiapenta,
1518 5728 1609 5789 quam
