3684 7259
286 1168 348 1231 m
816 1160 858 1216 De
876 1119 1099 1229 Proportiouibus

284 1340 449 1404 ιιιιιοιιιι
461 1346 591 1416 tempore
605 1340 648 1398 sie
661 1345 847 1399 numerarunt
868 1337 1009 1403 chordas:
1031 1338 1151 1417 hypate,
1175 1338 1346 1416 parhypate,
1369 1341 1511 1415 lichanos,
1534 1358 1625 1414 mese,

281 1446 447 1509 paramese,
477 1430 558 1499 tru'te,
589 1432 743 1503 paranete,
766 1432 842 1485 nete.
887 1425 1021 1503 Hypatae
1045 1445 1101 1486 vox
1124 1434 1185 1486 erat
1206 1430 1391 1502 gravissima,
1422 1429 1558 1504 dictaque
1580 1430 1624 1487 sic

285 1536 350 1581 aare
373 1515 486 1575 videtur
515 1515 612 1574 asitu
635 1530 689 1571 suo
719 1514 748 1570 in
771 1514 960 1572 instrumento
982 1520 1080 1586 tenso,
1111 1532 1176 1573 cum
1204 1513 1243 1572 ad
1264 1515 1424 1575 ludendum
1445 1515 1625 1595 applicatur3

283 1602 406 1667 eundem
429 1604 506 1662 enim
526 1602 613 1659 situm
636 1600 794 1660 hodiedum
817 1601 929 1660 obtinet
951 1603 980 1657 in
1004 1600 1097 1679 chely,
1121 1597 1254 1678 pandura
1275 1609 1304 1661 et
1318 1603 1447 1681 cythara
1493 1602 1626 1679 Cumque

282 1691 404 1753 affirmet
436 1688 625 1761 Aristoteles,
654 1688 727 1747 inter
754 1687 883 1764 hypaten
913 1695 943 1747 et
972 1688 1154 1765 parhypaten
1186 1689 1349 1751 interfuisse
1376 1691 1468 1751 diesin
1491 1689 1558 1771 (hoc
1581 1699 1626 1750 est

282 1778 465 1839 Platonicum
497 1776 695 1849 semitonium,
726 1776 791 1850 qni,
823 1774 938 1834 dnobus
970 1779 1047 1855 tonis
1075 1776 1234 1852 majoribus
1256 1776 1363 1838 ablatis
1393 1797 1412 1836 a
1434 1779 1625 1850 diatessaron,

282 1864 463 1941 relinquebat
486 1858 599 1943 ΨΜ,
632 1860 711 1936 qnod
732 1861 893 1938 appellavit
921 1859 1039 1937 dicein),
1071 1880 1139 1939 ergo
1166 1863 1276 1940 hypate
1304 1864 1405 1924 eadem
1427 1874 1504 1940 erat,
1536 1882 1627 1941 quam

282 1954 433 2028 signamus
453 1950 539 2010 litera
560 1951 598 2023 A,
620 1949 791 2026 parhypate,
814 1966 903 2024 quam
925 1948 1048 2010 literab
1078 1952 1183 2026 signat.
1230 1950 1306 2026 Ergo
1328 1952 1459 2012 lichanos
1481 1950 1511 2032 (a
1533 1951 1627 2027 digito

281 2040 377 2099 indice
399 2039 443 2098 sic
464 2034 553 2116 dicta)
575 2043 619 2096 est
639 2054 665 2109 c,
688 2053 766 2096 mese
788 2053 858 2096 vero
880 2043 927 2096 est
947 2036 976 2108 d,
1000 2035 1135 2113 dictaque
1159 2044 1203 2097 est
1225 2038 1280 2098 hoc
1301 2042 1427 2114 nomine,
1451 2040 1529 2116 quod
1553 2042 1627 2101 inter

283 2134 396 2204 septem
418 2130 480 2186 erat
501 2122 612 2197 media,
641 2140 699 2199 quo
722 2132 851 2199 tempore
880 2130 992 2199 septem
1015 2123 1096 2184 solae
1119 2133 1201 2185 crant
1223 2125 1346 2186 chordae
1377 2129 1405 2185 in
1427 2127 1568 2204 psalterio
1598 2137 1628 2187 et

282 2231 336 2291 pro
358 2221 464 2274 οιιιιι
485 2211 657 2288 pulsabatur
678 2213 779 2288 prima.
823 2210 979 2271 Paramcse
1001 2210 1091 2271 habet
1117 2212 1230 2272 literam
1251 2213 1290 2291 dp
1313 2214 1360 2273 rel
1383 2234 1412 2288 e;
1441 2213 1517 2276 hanc
1539 2220 1628 2275 vetu-

284 2303 388 2362 stiores
410 2301 598 2373 omittebant3
627 2300 693 2357 trite
715 2296 829 2359 literam
850 2298 880 2375 ιι
911 2297 990 2358 dicta
1011 2300 1054 2359 sic
1076 2308 1135 2374 est,
1164 2298 1243 2376 quod
1266 2307 1342 2361 esset
1365 2304 1451 2361 tertia
1473 2305 1503 2361 in
1526 2301 1627 2362 ordine

284 2390 322 2450 ab
344 2395 443 2461 acuto,
472 2389 546 2446 sicut
568 2402 621 2444 uos
643 2393 757 2445 sextam
786 2385 909 2445 dicimus
940 2386 1064 2462 agravi
1086 2389 1123 2446 A.
1169 2386 1311 2447 Parauetc
1334 2391 1464 2465 signatur
1489 2390 1575 2450 litera
1596 2410 1625 2466 g.

283 2477 322 2536 Et
343 2484 425 2551 nete,
448 2475 533 2551 quasi
556 2490 630 2549 quae
653 2471 755 2532 ultima
777 2480 912 2550 tangatur
935 2490 954 2533 a
974 2472 1085 2550 plectro
1109 2474 1243 2534 deorsum
1271 2482 1377 2550 tracto,
1401 2476 1475 2537 redit
1497 2477 1535 2538 ad
1557 2478 1627 2539 lite-

283 2580 345 2623 ram
367 2582 395 2623 ιι.
441 2561 599 2622 Confirmat
626 2559 702 2619 hauc
728 2560 960 2621 distributionem
991 2567 1019 2621 et
1048 2560 1118 2636 hoc,
1150 2562 1229 2638 quod
1260 2565 1334 2623 inter
1355 2572 1442 2625 neten
1470 2573 1501 2625 et
1527 2583 1627 2625 mesen

191 2699 196 2709 .
285 2650 421 2728 diapente
444 2649 607 2709 interlniese
630 2647 741 2708 dicitur.

370 2737 443 2797 'dele
473 2743 571 2796 autem
597 2743 726 2813 systema
752 2733 924 2797 chordarum
951 2741 1017 2795 octo
1045 2751 1104 2794 non
1131 2741 1246 2813 poterat
1271 2734 1354 2795 aliter
1387 2739 1500 2814 utrique
1526 2741 1628 2814 generi

285 2831 387 2885 cantus
410 2826 558 2899 inservire,
580 2824 637 2883 nisi
659 2821 707 2882 rel
731 2829 809 2883 tactu
832 2822 916 2899 digiti
939 2819 1176 2883 ιιιιιιιιιιιιιι
1197 2823 1358 2900 parhypate
1381 2825 1399 2883 b
1424 2831 1453 2884 et
1473 2842 1628 2902 paramese

284 2912 332 2989 dp,
355 2918 388 2971 ιι
409 2911 510 2971 flerent
531 2910 565 2992 ly,
592 2928 625 2983 e,
649 2910 697 2970 vel
720 2909 870 2970 vertlcsslls
892 2909 1137 2970 intenderentur
1129 2929 1159 2968 ιι
1183 2909 1269 2982 duro,
1299 2921 1349 2969 aut
1364 2915 1605 2972 remitterentur'
1598 2933 1627 2973 ιι

284 2999 365 3059 molli
387 3007 483 3059 cantu.
528 3000 566 3058 Et
586 2998 643 3058 ιιι
665 3000 819 3058 occasione
841 3004 911 3057 nata
934 3004 978 3057 ιιι
1000 2996 1147 3058 distinctio
1169 2996 1384 3074 phthongorum
1407 3000 1577 3060 instabiles
1601 3010 1631 3061 et

283 3086 416 3161 mobiles,
439 3089 561 3164 ipsaque
583 3083 879 3163 appellatio'dacoeoc
899 3104 919 3144 a
941 3085 1114 3146 remissione
1136 3084 1307 3145 chordarum
1331 3088 1491 3146 mobilium.

369 3173 405 3232 In
426 3175 634 3251 compositione
655 3172 781 3249 plurium
804 3180 995 3249 systematum
1017 3170 1158 3248 diapason
1181 3175 1254 3232 ratio
1279 3181 1407 3233 veterum
1432 3174 1487 3233 luit
1507 3175 1630 3235 ιιιιιιι-

285 3262 356 3336 θοι·
387 3259 459 3320 illud
481 3270 578 3321 tamen
600 3258 831 3348 observandum,
859 3259 938 3335 quod
961 3269 1159 3320 assumserunt
1183 3278 1270 3319 unam
1292 3264 1456 3333 graviorem
1484 3264 1548 3338 ipsa
1571 3264 1631 3341 hy·

285 3355 373 3425 pata,
403 3365 479 3424 qnae
510 3350 547 3409 ab
578 3347 665 3407 hoc
657 3364 721 3423 rpso
746 3328 1057 3423 proslambanomenos
1087 3355 1132 3407 est
1159 3347 1246 3406 dictu.
1291 3347 1387 3424 Hujus
1410 3352 1451 3408 rei
1472 3353 1631 3425 vestigium

285 3443 418 3511 superest
439 3438 467 3493 in
490 3436 570 3496 scala
591 3436 711 3510 musica,
736 3452 824 3510 quam
847 3434 978 3494 ediscunt
999 3435 1090 3493 nostri
1110 3437 1202 3511 pueri,
1226 3452 1302 3511 quae
1319 3439 1443 3496 assumit
1465 3438 1540 3497 iusra
1561 3437 1631 3498 lite-

285 3539 347 3582 ram
368 3522 489 3583 latinam
511 3527 539 3583 A
561 3522 704 3598 aliquam,
739 3539 814 3597 quae
844 3520 988 3608 significat
1016 3538 1119 3581 sonum
1142 3523 1318 3597 graviorem,
1350 3540 1417 3583 eum
1439 3527 1516 3584 enim
1548 3535 1632 3587 extra
1679 3543 1680 3547 ’

287 3608 417 3671 ordinem
439 3614 536 3687 signat
554 3626 664 3686 >graeca
684 3610 771 3671 litera
793 3612 821 3670 Γ
822 3629 831 3684 3
853 3612 895 3669 sic
918 3612 993 3669 euim
1016 3610 1116 3686 incipit
1138 3610 1234 3670 scala:
1261 3608 1423 3684 Gammae,
1447 3615 1508 3671 Arc
1530 3621 1585 3673 etc

372 3697 455 3759 Haec
477 3698 514 3760 dc
536 3699 700 3757 nominibus
723 3696 894 3758 chordarum
917 3697 1064 3757 veteribus
1087 3696 1212 3757 sulficiat
1226 3700 1357 3774 tetigisse
1372 3697 1429 3759 hoc
1443 3700 1518 3760 loco.
1554 3701 1631 3760 Nam

286 3785 361 3844 inira
383 3788 479 3863 capite
504 3788 556 3844 ll.
577 3801 676 3844 omnes
700 3782 825 3845 chordae
852 3785 889 3843 lb
912 3786 1080 3863 systematis
1103 3787 1254 3862 compositi
1271 3785 1493 3862 explicabuntur
1507 3790 1631 3849 vocibus

285 3875 431 3949 antiquis,
454 3871 507 3934 sed
528 3874 721 3948 posteriorum
743 3874 927 3933 musicorum

371 3960 442 4020 Jam
475 3959 592 4020 tandem
622 3959 661 4020 ad
687 3967 818 4020 nuruum
841 3968 976 4063 systema
1010 3956 1141 4018 naturale
1174 3960 1259 4017 nnius
1287 3966 1409 4021 octavae
1445 3962 1630 4039 accedamus,

286 4050 371 4124 atque
392 4047 492 4142 literrp
513 4047 695 4125 applicemus
717 4065 753 4107 cx
774 4050 887 4107 musica
908 4049 1025 4107 usitata

371 4134 594 4212 Statn‘llgitur
620 4138 788 4213 systematis
810 4135 897 4211 hujus
918 4133 1059 4194 naturalis
1088 4139 1117 4192 ιι
1138 4132 1357 4193 demonstrativi
1390 4152 1493 4195 vocem
1514 4141 1631 4213 gravis·
1708 4174 1710 4177 -

286 4224 389 4295 siarum
411 4215 481 4286 ab
498 4239 578 4297 ease,
606 4241 693 4298 qnam
715 4230 829 4284 veteres
857 4222 1182 4299 proslambanomenon,
1206 4221 1287 4281 scala
1313 4222 1459 4283 musicalis
1484 4221 1633 4286 Gammae

286 4310 361 4371 solet
382 4310 545 4388 appellare,
573 4313 601 4370 ei
629 4312 763 4369 nimirum
794 4308 977 4370 tribuendum
1006 4308 1119 4367 litarem
1145 4306 1180 4368 G.
1225 4308 1339 4369 Causae
1369 4309 1425 4370 hae
1447 4320 1531 4386 sunt,
1562 4316 1632 4389 quia

255 4403 260 4412 ‘
286 4415 383 4472 rocas,
407 4400 582 4459 constitutae
604 4416 656 4474 per
677 4400 820 4458 sectiones
832 4397 1023 4470 harmonicas,
1046 4396 1120 4455 inira
1142 4394 1258 4471 quidem
1283 4404 1417 4457 οιιινιιι
1440 4398 1511 4459 talia
1534 4399 1632 4460 deter-

286 4488 398 4545 minant
419 4484 574 4545 intervalla
595 4502 661 4544 cum
683 4502 756 4565 voce
779 4483 904 4547 chordae
927 4487 1024 4558 totius,
1049 4480 1147 4560 qualia
1170 4486 1272 4544 musici
1294 4484 1437 4546 ordinarie
1452 4491 1633 4548 constituunt

286 4576 361 4634 inter
385 4570 462 4633 Get
484 4574 518 4646 b,
541 4570 574 4654 p,
597 4591 628 4647 c,
651 4572 683 4647 d,
706 4573 760 4649 dp,
783 4593 806 4633 a.

371 4661 487 4721 Dixerit
509 4659 632 4736 aliquis,
660 4659 763 4721 cadam
785 4656 1085 4735 intervalla'intelligi
1107 4675 1194 4735 posse
1218 4660 1291 4718 iuter
1313 4658 1345 4718 D
1367 4667 1396 4720 ct
1419 4659 1461 4734 F,
1494 4660 1557 4737 Fp,
1595 4660 1631 4736 G,

285 4751 323 4820 A,
345 4748 372 4820 b,
396 4744 423 4829 p,
446 4750 489 4807 sic
511 4745 600 4808 etiam
621 4747 696 4806 inter
717 4766 733 4807 c
755 4756 785 4807 et
806 4748 854 4824 dp,
877 4767 901 4822 e,
922 4748 946 4825 f,
968 4767 1003 4823 g,
1025 4765 1079 4823 pc,
1103 4766 1132 4806 a.
1177 4746 1238 4806 Nee
1260 4746 1385 4807 diffiteor
1408 4765 1478 4824 ego,
1502 4752 1632 4810 musicos

287 4836 441 4912 organicos
461 4835 560 4896 literas
582 4836 636 4895 has
658 4852 796 4912 usurpare
818 4834 993 4912 generaliter
1021 4850 1075 4893 uec
1098 4832 1274 4909 distinguere
1301 4838 1331 4892 ln
1358 4836 1396 4894 lis
1427 4843 1512 4894 tonos
1531 4838 1633 4913 majo-

286 4939 347 4981 ram
376 4929 405 4981 ιι
433 4924 582 4983 ιιιιοιιιι.
627 4921 702 4981 Nam
732 4922 803 4999 quid
830 4922 897 4983 illos
928 4920 1067 4998 impediat
1098 4940 1116 4979 a
1142 4920 1168 4982 G
1190 4924 1219 4979 in
1242 4922 1264 4980 d
1291 4928 1482 5002 transponere
1503 4932 1630 5000 cantum,

287 5011 338 5085 qul
359 5010 390 5067 in
411 5014 528 5086 organis
550 5011 611 5070 ιιιι
633 5016 719 5070 tonos
742 5012 824 5085 dnos,
847 5010 989 5086 majorem
1002 5004 1042 5088 sss
1057 5015 1087 5067 et
1101 5011 1241 5070 minorem
1256 5003 1317 5091 ιω,
1333 5011 1474 5070 οοιιιιοι
1496 5012 1527 5069 ιι
1540 5029 1632 5072 unum

288 5097 474 5157 intervallum
502 5095 559 5178 ⁴),
591 5104 696 5173 postea
724 5100 856 5176 praecise
877 5098 1009 5158 bisecant
1031 5097 1060 5153 in
1084 5095 1156 5157 duos
1182 5104 1267 5156 tonos
1296 5098 1432 5171 usuales,
1464 5100 1538 5157 inter
1567 5118 1632 5167 sese

287 5184 450 5260 amadeo?
494 5186 558 5245 litai
590 5189 752 5287 accuratior
774 5194 819 5246 est
848 5189 877 5244 in
899 5185 956 5244 hac
985 5187 1249 5262 contemperatione
1272 5182 1432 5247 Galilaeae.
1477 5184 1538 5245 Nos
1561 5206 1632 5249 vero

188 5296 190 5300 ·
287 5280 452 5349 spectamus
475 5273 524 5333 hic
545 5289 604 5332 non
627 5269 764 5351 ἀτιχιιαι
785 5275 1000 5362 empiricorum,
1030 5271 1083 5332 sed
1104 5279 1224 5339 naturae
1248 5269 1413 5352 ἀκριβιιαι,
1442 5291 1531 5350 quare
1564 5277 1632 5334 imi-

287 5361 343 5419 tari
372 5359 440 5421 illos
464 5378 526 5420 non
556 5377 722 5437 possumus.
767 5347 813 5424 la'
834 5359 948 5422 literam
980 5360 1096 5438 quidem
1118 5377 1147 5433 c,
1179 5362 1333 5435 quominus
1364 5362 1401 5421 ab
1424 5360 1476 5420 illa
1502 5371 1632 5439 systema

288 5454 411 5508 octavae
440 5449 574 5509 naturale
604 5456 777 5526 consurgat,
811 5449 897 5509 vel
889 5449 946 5525 rpsi
974 5448 1133 5525 abjacerint
1159 5446 1215 5507 hoc
1247 5457 1435 5524 argumento:
1467 5466 1534 5509 nam
1556 5452 1633 5513 inter

286 5536 416 5611 ipsorum
436 5555 484 5615 gp,
509 5555 529 5596 a
551 5544 596 5596 est
617 5538 812 5611 semitonium,
837 5545 866 5597 et
886 5536 944 5598 hoc
964 5533 1149 5598 intervallum
1172 5543 1216 5596 est
1238 5535 1302 5595 loco
1318 5538 1429 5612 quinto,
1454 5538 1525 5613 quia
1544 5557 1565 5596 a
1586 5547 1633 5599 est

288 5634 372 5693 sexta
393 5643 412 5689 a
433 5642 458 5689 c.
503 5625 544 5687 At
566 5627 595 5684 in
617 5632 777 5710 systemate
801 5624 929 5690 naturali
950 5630 1018 5694 ante
1040 5628 1151 5689 ιοιιιιι
1173 5624 1257 5685 ιοιιι
1280 5623 1354 5688 diesi
1376 5640 1450 5706 opus
1465 5631 1517 5686 ιιι
1556 5624 1632 5691 ors-
