3684 7259
238 1201 308 1267 m
463 1230 467 1247 ι
654 1198 696 1253 De
714 1185 979 1265 configurationibus
999 1196 1177 1253 Harmonieie.

288 1419 291 1428 -
330 1378 414 1437 Haec
436 1377 512 1440 adeo
535 1394 625 1437 causa
647 1383 700 1449 est,
723 1393 774 1435 cur
796 1374 1003 1452 dodecegonus
1025 1379 1210 1455 potissimum
1232 1380 1334 1453 gignat
1349 1386 1500 1455 aspectum
1515 1378 1598 1438 veli·

157 1541 159 1545 y
245 1468 330 1538 dum,
358 1474 389 1525 at
418 1483 476 1524 non
503 1468 606 1541 gignat
635 1460 1036 1539 sectionemoharmonieam,
1069 1465 1165 1525 idest
1197 1470 1418 1534 consonantiam
1441 1466 1596 1542 triplicem,

244 1556 314 1615 lieet
335 1556 439 1630 gignat
461 1552 630 1630 simplicem
675 1552 750 1610 Nem
773 1551 922 1611 residuum
949 1556 997 1626 ll,
1021 1552 1121 1612 ablata
1144 1552 1324 1626 duodecima,
1349 1553 1471 1629 impedit
1486 1557 1598 1614 secac-

245 1661 312 1703 nem
334 1641 549 1711 harmonicam,
578 1658 638 1699 non
660 1638 783 1716 impedit
799 1638 1009 1699 efficacitatem
1032 1643 1124 1716 partis
1147 1640 1344 1701 duodecimae.
1391 1640 1449 1700 Sed
1479 1641 1515 1701 de
1540 1642 1597 1700 hoc

242 1732 305 1808 jam
327 1726 417 1805 paulo
440 1735 508 1804 post
530 1728 615 1806 plura
637 1726 741 1786 dicam.

246 1835 248 1838 ·
331 1816 407 1876 Nam
428 1824 462 1873 ut
485 1832 569 1893 vera,
599 1814 809 1875 mathematica
831 1822 861 1874 et
883 1814 1011 1875 causalis
1035 1816 1141 1874 existat
1168 1819 1347 1892 comparatio
1372 1814 1598 1876 concordantia·

245 1923 309 1964 rum
332 1920 398 1962 cum
420 1902 596 1980 aspectibus,
619 1902 707 1979 plane
730 1902 917 1961 evertendum
942 1909 988 1963 est
1009 1905 1142 1975 axioma,
1166 1904 1275 1980 quippe
1299 1902 1378 1978 quod
1401 1921 1458 1961 non
1481 1912 1598 1963 tanturn

246 2002 291 2053 est
312 1989 499 2063 insufficiens,
522 1990 574 2049 sed
597 1991 824 2051 etiam'veriteti
847 2008 862 2048 e
887 1990 1028 2052 diametro
1044 1993 1227 2049 contrarium.
1273 1990 1378 2049 Nullus
1399 1994 1474 2048 euim
1490 2008 1598 2067 aspec-

245 2088 292 2138 tus
315 2080 431 2155 proprie
453 2075 610 2153 respondet
632 2076 685 2135 ulli
716 2076 941 2137 concordantiae
964 2080 1084 2151 minori,
1115 2086 1317 2153 praeterquam
1348 2081 1608 2154 oppositus·con-,

147 2237 150 2244 r
246 2166 413 2232 eordantiae
437 2164 589 2240 diapason,
612 2164 665 2224 sed
686 2163 863 2240 respondent
886 2165 994 2242 singuli
1017 2165 1231 2225 concordandis
1254 2166 1428 2241 majoribus,
1450 2168 1597 2226 minorum

247 2256 352 2327 sociis,
376 2268 411 2312 ex
435 2255 512 2328 triga
534 2254 672 2313 sectionis
695 2252 934 2328 uniuscnjusque.
978 2253 1120 2312 Nimirum
1145 2260 1280 2328 aspectus
1304 2253 1421 2328 quidem
1451 2252 1597 2311 definiun-

247 2352 293 2401 tur
315 2342 473 2417 segmentis
498 2340 597 2400 circuli
620 2338 741 2410 iisdem,
770 2340 929 2414 quibus'et
955 2341 1080 2416 maJ'ores
1103 2341 1342 2414 concordantiae,
1370 2344 1496 2401 minores
1527 2358 1597 2401 vero

248 2427 470 2491 concordantiae
494 2427 595 2487 circuli
616 2424 747 2487 residuis.
792 2427 882 2486 Verbi
905 2445 1010 2499 causa,
1044 2431 1176 2503 trigonus
1199 2436 1335 2504 aspectus
1359 2446 1416 2486 nou
1439 2430 1598 2502 respondet

248 2514 470 2581 concordantiae
494 2514 647 2592 diapente,
676 2513 729 2572 sed
759 2510 901 2590 diapason
932 2516 1135 2591 epidiapente3
1168 2515 1328 2590 quadratus
1357 2532 1415 2573 uon
1439 2517 1598 2591 respondet

251 2603 446 2674 diatessaron,
478 2602 529 2661 sed
552 2601 757 2678 disdiapason3
781 2601 911 2677 quintilis
934 2621 992 2661 nou
1016 2606 1119 2663 tertiae
1142 2602 1245 2675 durae,
1276 2602 1328 2661 sed
1358 2606 1537 2678 compositae
1562 2622 1598 2664 cx

246 2692 303 2752 bac
326 2699 414 2751 etex
437 2690 643 2766 disdiapason3
667 2688 779 2747 sextilis
800 2707 858 2748 non
882 2691 984 2749 tertiae
1007 2690 1096 2762 molli,
1120 2691 1170 2749 sed
1190 2691 1377 2766 disdiapason
1395 2692 1597 2767 epidiapentc;

247 2779 411 2854 biquintilis
434 2795 493 2836 non
517 2787 618 2836 sextae
641 2776 745 2849 durae,
776 2786 918 2852 utsupra
941 2779 1147 2853 opinabamur,
1175 2778 1227 2837 aed
1249 2781 1427 2854 compositae
1452 2795 1487 2836 ex
1511 2782 1599 2839 tertia

249 2866 321 2925 dura
344 2874 373 2924 et
394 2884 430 2925 ex
454 2867 610 2941 diapason3
634 2862 810 2939 sesquadms
833 2882 890 2923 non
913 2874 1014 2924 sextae
1037 2865 1128 2938 molli,
1150 2864 1202 2925 sed
1225 2868 1404 2942 compositae
1427 2884 1463 2923 ex
1485 2865 1597 2925 diates·

249 2971 334 3013 saron
360 2963 388 3011 et
411 2971 446 3012 ex
470 2953 626 3029 diapason,
650 2960 682 3008 nt
703 2961 787 3027 patet
810 2970 844 3012 ex
860 2951 962 3011 eadem
978 2954 1113 3028 utrinque
1128 2955 1316 3030 proportione
1331 2957 1422 3029 partis
1438 2952 1476 3010 ad
1492 2961 1596 3015 totum.

334 3040 368 3100 Iu
392 3041 448 3099 lrac
470 3044 557 3117 igitur
580 3038 835 3114 correspondentia
859 3040 956 3099 nullus
980 3049 1141 3100 occurreret
1158 3039 1223 3098 linis
1238 3050 1418 3117 aspectuum,
1442 3057 1508 3098 cum
1530 3060 1597 3101 ιιιιι-

247 3129 326 3205 jures
357 3127 581 3186 concordantiae
610 3126 739 3184 infinitae
770 3128 846 3200 sint,
878 3134 907 3185 et
938 3131 988 3203 qui
1017 3128 1072 3187 bac
1095 3126 1159 3187 sole
1180 3145 1270 3187 censa
1297 3131 1439 3197 nituntur,
1474 3145 1510 3186 ex
1539 3147 1599 3205 qua

249 3214 401 3274 stabiliant
423 3214 640 3291 semiquadrum
663 3220 829 3291 aspectum,
859 3217 929 3289 qula
950 3216 1084 3273 nimirum
1116 3215 1164 3274 ille
1194 3216 1350 3290 respondet
1372 3215 1599 3277 concordantiae

250 3302 460 3378 trisdiapason,
493 3304 709 3361 excusationem
739 3300 850 3360 nullam
872 3301 995 3375 babent,
1029 3305 1151 3378 quinat
1178 3302 1300 3362 decilem
1324 3306 1464 3379 recipiant
1494 3311 1523 3362 et
1546 3307 1600 3362 tri·

251 3389 372 3450 decilem
396 3398 425 3449 et
447 3389 610 3467 vigintilem
633 3396 663 3447 et
683 3388 824 3465 plurimos
847 3388 930 3461 alios,
953 3407 1028 3464 quos
1043 3397 1139 3448 tamen
1155 3390 1305 3463 rejiciunt3
1328 3390 1506 3466 respondent
1523 3395 1599 3450 enim

251 3477 332 3537 ethi
354 3479 414 3536 suis
438 3476 652 3538 concordantils
673 3476 843 3550 maj0ribus,
866 3493 942 3552 quae
964 3479 1051 3535 toties
1075 3478 1260 3538 accumulant
1282 3496 1369 3537 unam
1393 3488 1528 3536 octavam
1551 3479 1600 3536 ul-

253 3567 354 3636 terius,
378 3568 494 3639 quoties
517 3565 622 3623 divisio
646 3563 746 3621 circuli
769 3563 901 3639 duplicat
922 3581 1075 3623 numerum
1095 3566 1271 3641 portionum.

192 3648 197 3659 '
339 3650 417 3726 Quid
447 3655 534 3728 igitur
567 3662 611 3710 est
641 3650 731 3721 illud,
756 3650 834 3726 quod
865 3659 972 3710 metam
1001 3655 1084 3728 ponit
1113 3669 1233 3710 numero
1263 3653 1458 3727 aspectuum?
1492 3660 1521 3709 ct
1549 3669 1601 3711 cur

251 3738 349 3798 nullus
372 3739 605 3815 semiquadratue
629 3738 676 3797 vel
699 3739 803 3811 octilis,
826 3737 925 3796 nullus
948 3738 1048 3798 decilis
1072 3740 1117 3797 vel
1143 3739 1294 3812 tridecilis,
1319 3742 1376 3797 nisi
1398 3748 1510 3799 tantum
1533 3748 1602 3815 post

251 3829 403 3904 principia,
426 3826 641 3887 introducitur?
665 3842 715 3884 cur
737 3825 914 3901 sesquadrus
938 3829 1049 3885 musica
1065 3830 1238 3901 cognatione
1253 3827 1424 3885 nobilitatus
1448 3828 1494 3886 val
1512 3831 1601 3885 omit-

252 3917 323 3973 titur
344 3914 393 3973 vel
416 3914 483 3973 ville
505 3915 640 3985 hebetur,
663 3914 846 3981 semisextus,
871 3916 1024 3973 inmusica
1046 3917 1225 3991 peregrinus,
1248 3932 1305 3972 non
1322 3916 1456 3973 irrscritur
1478 3923 1601 3989 tantum,

247 4003 314 4075 eed-
328 4009 357 4061 ct
379 4004 454 4061 iuter
476 4004 585 4079 primos
609 4000 793 4059 ostentatur?
838 3999 914 4075 Quia
937 4008 994 4059 non'
1018 4004 1130 4061 musica
1152 4003 1257 4060 lormat
1278 4011 1427 4077 aspectus,
1452 4002 1503 4061 sed
1527 4019 1602 4077 geo·

252 4091 356 4149 metria
378 4097 533 4165 utrumque
555 4099 663 4164 genus,
694 4089 760 4145 aliis
791 4087 1031 4164 tamenslegibus
1062 4088 1159 4160 illam,
1192 4089 1258 4148 aliie
1289 4091 1351 4148 bos.
1398 4090 1450 4147 Est
1472 4092 1550 4148 enim
1573 4098 1602 4149 et

253 4178 451 4236 harmonicum
481 4179 510 4234 in
533 4178 659 4249 musica,
690 4185 720 4234 et
740 4175 842 4234 efficax
871 4177 901 4232 in
925 4178 1073 4247 meteoris,
1106 4176 1245 4252 quicquid
1268 4187 1312 4235 est
1344 4176 1477 4251 afigura
1500 4178 1601 4251 nobili,

253 4282 329 4340 quae
352 4264 512 4339 singularia
534 4265 634 4339 aliqua
656 4264 746 4322 habet
767 4266 795 4319 in
812 4268 973 4337 geometria
987 4263 1152 4341 privilegia.
1198 4264 1258 4323 Sed
1278 4273 1345 4322 sunt
1361 4264 1493 4323 diversae
1509 4266 1603 4323 veluti

253 4362 366 4428 gentes,
389 4352 600 4427 meteorologia
622 4360 651 4409 et
673 4352 793 4420 musica,
817 4368 852 4410 ex
876 4351 978 4410 eadem
1001 4354 1096 4427 patria
1118 4354 1279 4428 geometria
1301 4351 1455 4425 oriundae,
1480 4370 1604 4427 quarum

253 4428 446 4511 altera,'boc
476 4448 519 4498 est
547 4440 749 4516 proportiones
776 4438 962 4498 harmonicae
988 4439 1038 4498 lib.
1061 4439 1123 4513 ΙΙΙ,
1155 4442 1279 4514 patriam
1312 4438 1430 4515 quidem
1456 4440 1603 4498 ’circulum
1639 4439 1642 4444 ’

253 4527 422 4586 latabantur
444 4528 530 4602 eique
553 4544 636 4585 suam
660 4528 801 4601 originem
817 4527 948 4585 lerebant
964 4535 1123 4602 acceptam,
1147 4544 1204 4584 non
1220 4530 1315 4584 minus
1332 4519 1423 4603 quam
1436 4528 1482 4585 bic
1498 4545 1604 4603 aspec-

254 4623 311 4686 tus,
334 4614 386 4673 sed
410 4624 507 4673 tamen
530 4614 598 4672 illae
622 4630 757 4689 egressae
781 4612 863 4671 velut
885 4632 920 4673 ex
944 4615 1060 4687 circulo,
1084 4613 1229 4673 coloniam
1253 4617 1399 4690 propriam
1422 4615 1605 4674 deduxerunt

162 4732 164 4740 v
253 4704 374 4777 suisque
405 4701 520 4776 legibus
545 4702 684 4777 degentes
711 4717 775 4759 sese
806 4710 1020 4778 propagarunt3
1052 4711 1188 4777 aspectus
1212 4705 1287 4759 intra
1310 4701 1447 4760 circulum
1479 4707 1604 4779 patriam

209 4803 219 4815 ’
253 4806 339 4849 suam
370 4798 538 4862 manentes,
572 4789 686 4864 legibus
719 4803 777 4845 non
812 4788 877 4847 aliis
910 4795 1044 4862 utuntur,
1081 4807 1167 4864 quarn
1204 4808 1278 4864 quas
1310 4789 1410 4848 circuli
1438 4791 1604 4849 rotunditas

254 4879 326 4955 ipsis
354 4879 539 4955 praescribit,
573 4877 721 4936 desumtas
752 4892 788 4933 ex
818 4875 917 4952 liguris
948 4875 1044 4952 planis
1071 4876 1253 4951 regularibus
1278 4879 1412 4952 congruis
1444 4886 1473 4936 et
1496 4878 1604 4937 circulo

254 4964 449 5039 inscripsisti)

341 5052 417 5110 Nam
439 5053 469 5108 in
492 5054 605 5111 musica
626 5052 851 5126 septemviratus
880 5048 931 5107 ille
953 5053 1115 5109 sectionum
1140 5053 1325 5109 constituitur
1353 5069 1389 5110 ex
1411 5054 1606 5112 matrimoniis

255 5140 358 5213 certis,
387 5142 541 5199 accensitis
569 5141 657 5198 etiam
687 5140 810 5197 feminis.
856 5135 948 5194 Verbi
971 5154 1078 5210 causa,
1110 5140 1250 5196 subtensa
1281 5140 1373 5198 tribus
1405 5142 1519 5198 oetavis
1551 5158 1606 5202 seu

255 5226 341 5287 stella
370 5226 567 5302 octangularis
598 5245 632 5285 ex
663 5227 777 5284 civibus
806 5223 924 5301 quidem
955 5233 999 5282 est
1029 5228 1057 5282 in
1081 5229 1240 5301 geometria
1270 5235 1299 5284 et
1322 5226 1415 5285 classe
1446 5225 1615 5301 figurarum·

255 5316 445 5392 regularium,
469 5323 500 5374 at
527 5317 701 5390 praecipuae
733 5312 896 5371 nobilitatis
929 5329 986 5370 nou
1018 5323 1071 5371 cst.
1117 5314 1151 5371 In
1179 5316 1291 5371 musica
1324 5330 1394 5372 vero
1424 5331 1508 5373 arcus
1541 5316 1606 5391 ejus

256 5403 331 5490 (tres
355 5411 477 5464 octavae
501 5404 614 5478 circuli)
637 5402 734 5461 locum
758 5407 802 5460 est
824 5410 937 5474 uectus,
962 5405 1032 5477 quia
1055 5409 1142 5459 natus
1165 5410 1209 5459 est
1232 5418 1266 5459 ex
1284 5402 1440 5474 connubio,
1465 5420 1522 5477 quo
1539 5404 1607 5479 ple·

333 5599 356 5652 ⁸)
371 5593 429 5639 illuc
445 5598 531 5647 corrige
545 5598 601 5638 libro
615 5598 642 5638 de
657 5593 730 5639 Stella
742 5596 817 5645 aava,
836 5604 884 5649 cap.
899 5598 940 5637 lx.
955 5594 994 5636 tol.
1007 5592 1035 5635 ³8
1049 5594 1071 5632 ct
1085 5590 1111 5631 40
1125 5591 1164 5643 (ll.
1178 5593 1237 5644 stt),
1261 5596 1343 5644 quince
1357 5605 1385 5634 cx
1399 5595 1440 5634 boc
1454 5595 1525 5642 libro,
1541 5605 1606 5646 quarn

256 5651 380 5760 gigaat
391 5649 456 5762 6(3245))
470 5650 534 5691 vider
555 5653 696 5701 premiorum.
725 5649 784 5691 mne
805 5651 871 5694 etlam
893 5651 974 5701 supple
987 5651 1011 5691 tn
1024 5658 1073 5687 meo
1088 5647 1165 5686 'lertio
1181 5648 1349 5692 interveniente
1363 5656 1478 5689 numerum
1491 5647 1543 5690 mx
1564 5650 1606 5721 aab
