3684 7259
631 1205 673 1260 Dc
690 1205 812 1261 Motibus
830 1206 1004 1262 Planetarum
1021 1204 1201 1261 Harmonicis.

814 1478 956 1550 CAPUT
984 1478 1036 1549 vi.

245 1623 280 1675 ln
299 1619 578 1676 extremitatibus
596 1628 743 1677 motuum
760 1622 1030 1691 planetariorum
1055 1636 1239 1691 expressos
1262 1634 1336 1673 esse
1359 1610 1598 1686 quodammodo

675 1710 790 1764 modos
809 1726 870 1765 seu
887 1718 984 1766 tonos
1003 1709 1164 1764 musicos.

329 1869 469 1948 Sequitur
490 1870 547 1931 hoc
570 1888 606 1931 ex
629 1869 785 1931 antedictis
807 1888 862 1931 nec
884 1888 960 1949 opus
982 1885 1027 1930 est
1048 1869 1148 1929 multis
1173 1868 1279 1939 verbis,
1303 1861 1411 1940 singuli
1432 1863 1510 1920 enim
1533 1859 1601 1937 pla·

243 1972 329 2019 natae
352 1958 470 2034 singula
492 1957 709 2035 quodammodo
731 1960 856 2031 'signant
882 1957 948 2017 locs
970 1958 1138 2036 systematis
1168 1963 1251 2014 motu
1274 1951 1430 2031 perihelio,
1454 1957 1601 2025 quatenus

244 2046 345 2106 datum
376 2058 422 2105 est
444 2046 582 2121 singulis,
615 2063 780 2123 percurrere
805 2055 915 2106 certum
937 2044 1058 2121 aliquod
1086 2043 1272 2103 intervallum
1303 2042 1332 2096 in
1363 2038 1444 2097 scala
1477 2039 1600 2108 musica,

237 2136 330 2199 ‚certis
353 2134 418 2209 ejus
441 2133 575 2192 clavibus
598 2151 652 2193 seu
675 2134 749 2192 locis
772 2134 941 2212 systematis
957 2132 1206 2211 comprehensum,
1231 2128 1373 2203 cujusque
1397 2125 1434 2184 ab
1450 2123 1501 2182 illa
1517 2121 1601 2181 clave
1637 2200 1640 2204 ἢ

243 2239 296 2281 εειι
318 2221 384 2281 loco
409 2223 571 2296 inceptum,
606 2222 656 2298 qui
681 2222 777 2297 capite
798 2220 985 2298 praecedenti
1012 2220 1134 2295 contigit
1157 2218 1236 2276 illius
1258 2216 1350 2274 motui
1374 2210 1508 2290 aphelio,
1543 2208 1601 2267 Sa·

244 2319 329 2367 turno
361 2307 480 2384 quidem
507 2317 536 2367 et
565 2307 673 2367 'Petrae
692 2306 733 2381 G,
763 2316 795 2368 at
816 2307 889 2368 Jovi
910 2309 947 2380 b,
977 2324 1056 2384 quae
1085 2308 1114 2364 in
1141 2303 1278 2365 Galtius
1310 2301 1462 2376 transponi
1493 2302 1600 2373 potest,

245 2396 334 2455 Marti
355 2397 404 2472 sp,
429 2395 537 2455 Veneri
560 2414 591 2467 ε,
614 2395 759 2455 Mercurio
783 2415 803 2455 a
825 2397 855 2453 in
878 2394 976 2455 altiori
999 2401 1169 2473 systemate.
1213 2388 1291 2448 Vide
1314 2386 1446 2463 singulos
1470 2386 1499 2442 ln
1522 2384 1601 2442 notu

247 2484 371 2542 usitatis.
417 2483 482 2541 Non
506 2483 632 2542 formant
654 2482 773 2558 quidem
796 2482 982 2542 intermedios
1005 2482 1094 2555 locos,
1121 2498 1195 2557 quos
1217 2478 1266 2537 hic
1290 2475 1373 2535 vides
1395 2475 1471 2533 notis
1495 2470 1602 2548 impls-

248 2581 302 2641 tos‚
326 2570 490 2644 articulate,
513 2572 590 2629 sicut
613 2578 767 2638 extremos,
790 2573 860 2646 quia
885 2571 922 2629 ab
935 2558 1138 2630 uno'extrcmo
1161 2584 1218 2625 uon
1239 2564 1364 2623 saltibus
1386 2572 1416 2620 et
1430 2556 1602 2632 intervallis,

164 2705 169 2715 .
246 2656 298 2717 sed
329 2659 469 2717 continua
496 2659 629 2717 tensione
656 2661 787 2716 nituntur
810 2657 848 2716 ad
877 2659 1062 2733 oppositum,
1094 2654 1192 2715 media
1221 2653 1319 2712 omnis
1341 2648 1471 2727 (infinita
1493 2648 1523 2704 in
1545 2662 1602 2723 po·

246 2747 353 2822 tentia)
375 2752 558 2822 permeantes
580 2753 663 2819 actu,
692 2743 722 2803 id
745 2743 824 2821 qnod
847 2745 933 2804 aliter
955 2762 973 2803 a
995 2762 1043 2805 ma
1064 2761 1121 2804 non
1153 2742 1249 2821 potuit
1272 2739 1410 2815 exprimi,
1438 2750 1527 2812 quam
1548 2750 1602 2811 per

245 2834 413 2894 continuam
435 2834 539 2892 seriem
562 2840 697 2892 notamm
719 2833 966 2893 intermediarum.
1012 2830 1113 2891 Venus
1137 2831 1196 2889 lero
1219 2834 1317 2886 manet
1339 2829 1368 2883 in
1384 2825 1519 2894 unisono,
1542 2835 1602 2880 non

245 2936 377 3000 aequans
401 2922 542 2980 tensionis
565 2920 756 2998 amplitudine
779 2920 828 2979 vel
851 2922 1003 2980 minimum
1025 2938 1061 2979 cx
1084 2916 1235 2978 concinnis
1258 2910 1432 2973 intervallis.

336 3935 426 4010 Atqui
449 3937 601 4011 signatura
624 3934 747 3994 duarum
769 3938 798 3992 iu
822 3938 968 3994 communi
991 3942 1150 4013 systemate
1172 3932 1301 3995 clavium
1326 3940 1355 3991 et
1376 3933 1512 3994 sonnatio
1535 3952 1601 3993 sce·

248 4022 300 4082 leti
332 4032 455 4082 octavae
483 4040 535 4099 per
565 4020 854 4099 comprehensionem
888 4025 957 4081 certi
988 4022 1133 4083 intervalli
1164 4022 1296 4082 concinni
1329 4028 1374 4078 est
1406 4023 1602 4082 rudimentum

250 4108 398 4187 quoddam
429 4110 624 4168 distinctionis
656 4119 791 4169 tononrm
818 4128 871 4168 seu
900 4110 1072 4182 modorum,
1103 4118 1171 4169 sunt
1193 4125 1263 4183 ergo
1292 4108 1371 4165 modi
1392 4112 1498 4169 musici
1527 4112 1603 4170 intsr

248 4198 382 4277 planetas
406 4195 556 4274 dispertiti.
601 4196 669 4257 Scio
691 4197 835 4274 equidem,
859 4197 897 4256 ad
920 4198 1122 4268 iormattoncm
1144 4207 1174 4256 et
1189 4197 1386 4255 definitionem
1399 4196 1602 4256 distinctorum

248 4281 400 4343 modorum
423 4287 529 4360 requiri
553 4285 645 4362 plura,
671 4302 747 4361 quas
770 4292 873 4345 cantus
896 4284 1026 4357 hnmani,
1050 4287 1159 4363 quippe
1177 4284 1364 4360 intervallos,
1387 4294 1454 4344 suot
1469 4286 1603 4362 propris3

248 4375 347 4448 itaque
371 4385 444 4432 voce
466 4372 690 4448 quodammodo
712 4391 777 4432 sum
799 4390 879 4431 usus.

336 4460 474 4519 Liberum
496 4472 593 4518 autem
616 4463 670 4519 orit
691 4460 896 4532 harmonicus,
919 4462 1093 4519 sententiam
1117 4460 1285 4537 depromere
1298 4476 1390 4533 snam,
1415 4478 1501 4536 quem
1518 4464 1602 4536 quis·

189 4550 194 4561 '
250 4565 306 4623 que
328 4547 448 4624 planeta
466 4547 589 4606 modum
612 4550 754 4623 exprimat
777 4551 910 4625 propius,
940 4551 1075 4607 extremis
1097 4547 1145 4607 bic
1167 4549 1221 4623 ipsi
1245 4549 1410 4623 assignatis.
1455 4548 1520 4622 Ego
1544 4547 1602 4606 Sa·

249 4643 333 4695 turno
356 4634 457 4695 dareni
485 4652 521 4694 ex
542 4636 659 4693 usitatis
669 4621 837 4712 beptimum
861 4634 907 4695 vel
931 4642 1084 4708 octavum,
1116 4637 1186 4711 quia
1217 4636 1242 4691 si
1257 4634 1420 4693 radicalem
1444 4635 1509 4709 ojus
1538 4634 1601 4694 cla·

250 4741 317 4782 vem
338 4739 432 4798 ponas
458 4720 499 4795 d,
528 4722 687 4800 perihelius
710 4733 806 4782 motus
830 4722 961 4783 ascendit
983 4722 1021 4781 ad
1043 4724 1077 4796 b;
1108 4721 1179 4781 Jovi
1207 4722 1332 4803 primum
1361 4723 1408 4780 vel
1430 4722 1601 4795 secundum,

249 4814 321 4887 quta
343 4809 460 4887 aphelio
484 4810 547 4886 ejus
570 4818 650 4868 motu
674 4810 712 4870 ad
737 4809 764 4869 G
786 4808 1024 4883 accommodato,
1053 4810 1212 4887 peribelins
1234 4807 1273 4867 sd
1295 4810 1313 4868 b
1334 4812 1482 4885 pervenit3
1513 4809 1602 4874 Marti

250 4888 384 4975 quintum
407 4896 455 4956 rol
477 4905 600 4970 sextum,
624 4915 683 4956 non
706 4915 741 4957 co
765 4907 893 4970 tantum,
918 4900 988 4972 quia
1009 4898 1068 4957 iere
1091 4897 1227 4973 diapente
1249 4900 1427 4972 assequitur,
1451 4896 1533 4972 quod
1555 4899 1602 4955 in-

251 4984 405 5044 tervallum
426 5001 579 5045 commune
610 4994 654 5044 cst
676 4987 810 5044 omnibus
832 4978 942 5057 modis,
974 4984 1027 5044 sed
1049 4984 1115 5044 ideo
1145 4986 1342 5061 potissimum,
1373 4987 1443 5061 quia
1466 4984 1601 5044 redactus

252 5091 317 5131 cum
340 5074 442 5131 ceteris
474 5073 511 5131 ad
534 5090 686 5132 commune
709 5082 847 5150 systema,
870 5073 1012 5150 peribelio
1035 5079 1116 5129 motu
1139 5092 1155 5130 c
1176 5074 1356 5147 assequitur,
1387 5071 1505 5149 aphelio
1528 5072 1607 5149 ads

251 5160 364 5232 alludit,
388 5177 463 5236 quac
487 5161 568 5218 radix
592 5168 636 5219 est
658 5163 719 5220 toni
742 5178 794 5219 scu
816 5161 895 5219 modi
919 5162 1012 5236 quinti
1037 5159 1083 5219 vel
1105 5162 1198 5233 sexti3
1229 5159 1338 5218 Telluri
1363 5159 1461 5218 darem
1484 5163 1601 5219 tertium

252 5247 299 5305 vel
322 5256 473 5324 quartum,
507 5249 578 5323 quia
600 5250 675 5307 intra
698 5250 883 5307 semitonIum
915 5249 979 5324 ejus
1001 5256 1097 5307 motus
1126 5255 1293 5319 vertuntur,
1324 5256 1445 5306 atvero
1476 5250 1601 5324 primum

251 5334 366 5393 illorum
389 5342 524 5393 tonorum
546 5335 731 5395 intervallum
753 5344 797 5394 est
819 5338 1020 5411 semitonium
1046 5334 1190 5395 Mercurio
1212 5352 1282 5393 vero
1314 5336 1351 5394 ob
1379 5334 1601 5411 amplitudinem
1641 5368 1645 5375 ·

253 5421 398 5482 intervalli
425 5425 589 5497 promiscue
619 5440 719 5483 omnes
747 5422 825 5481 modi
855 5424 901 5483 vel
926 5427 986 5482 toni
1010 5425 1201 5497 convenient,
1233 5422 1340 5481 Veneri
1373 5424 1411 5482 ob
1434 5425 1601 5498 angustiam

254 5508 398 5570 intervalli
420 5509 507 5585 plane
530 5510 636 5583 nullus,
660 5519 691 5568 at
714 5511 751 5569 ob
774 5528 926 5570 commune
949 5520 1077 5589 systema
1098 5514 1186 5568 etiam
1210 5512 1311 5568 tertius
1334 5517 1363 5568 et
1378 5517 1507 5586 quartus,
1532 5511 1602 5587 quia

254 5599 317 5674 ipsa
340 5604 471 5672 respectu
495 5606 653 5657 ceterorum
677 5598 788 5656 obtinet
810 5617 834 5657 ε.
873 5601 1201 5668 (Telluscannnffl,
1214 5601 1407 5669 MI‚atvelea
1420 5601 1524 5670 syllaba
1538 5611 1600 5655 con·

251 5689 338 5762 jicias,
355 5690 383 5744 in
401 5691 453 5751 hoc
470 5699 564 5748 nostro
582 5688 717 5746 domicilio
734 5690 885 5747 MIseriam
902 5697 931 5745 et
948 5688 1072 5746 Famem
1091 5690 1238 5760 obtinere.)
