3684 7259
832 2053 895 2129 J0.
921 2049 1129 2131 initiat

591 2213 898 2331 hithttttht
933 2215 1085 2331 tutti
1120 2213 1268 2330 tritt
1301 2213 1371 2330 tii.
1480 2211 1484 2217 ’

195 2546 197 2549 Ι
241 2464 268 2518 ·.
304 2440 354 2512 ile
381 2446 459 2511 ortu
491 2440 749 2531 proportionum
777 2439 1063 2525 harmonicorum,
1093 2440 1209 2530 daque
1236 2442 1432 2512 natura-at
1452 2437 1657 2555 diherpntiis

662 2590 777 2643 rerum
805 2571 851 2643 ad
878 2579 1017 2644 cautum
1048 2573 1304 2660 pertinentium.

393 2769 540 2824 Procles
558 2769 751 2825 Diadochtte
775 2769 834 2823 Lib.
854 2770 876 2824 Ι.
900 2771 975 2827 Com
997 2772 1025 2825 in
1042 2770 1064 2826 1.
1089 2769 1294 2825 Elementorum
1316 2769 1452 2838 Euchelia,
1478 2783 1540 2824 cum
1570 2768 1657 2838 philo

307 2848 407 2918 sophia
424 2848 524 2904 multas
542 2849 578 2904 ait
594 2848 736 2920 complexa
754 2849 912 2916 securitates,
931 2850 1031 2906 multae
1049 2857 1077 2905 et
1093 2848 1299 2915 mathematica,
1326 2848 1360 2905 de
1378 2863 1433 2904 uun
1450 2847 1558 2917 quidam
1575 2846 1658 2916 imon

304 2927 567 3052 papirtpiwbprmoniee
590 2927 919 3054 dictamplegpptipumerip
939 2929 1148 3053 (buffoniarum
1166 2926 1306 3009 principiis
1324 2926 1534 3053 fflffllssm
1553 2926 1658 3051 εςᾶιίῗίῑῑ

541 3155 579 3193 nm
592 3155 627 3193 ur
644 3155 700 3194 ease
778 3182 785 3206 ,
812 3156 857 3191 ma
1018 3156 1110 3194 camec
1652 3180 1657 3190 -

304 3207 380 3261 Num
398 3209 601 3277 proprietatum
626 3210 892 3278 aspersaeemtiuiium
916 3210 1079 3264 audentiam
1097 3209 1244 3265 oetemdumt
1264 3155 1444 3273 lapsumve,
1468 3214 1494 3262 et
1515 3152 1659 3277 waiet

303 3277 527 3332 intellectualium
543 3280 697 3345 formum
710 3285 873 3347 mumma,
898 3279 929 3332 in
946 3280 1148 3335 ratiocinativis
1165 3280 1270 3334 dorum
1288 3279 1418 3346 efficiuut.
1455 3278 1555 3347 Itaque
1572 3277 1658 3332 Pluto

304 3346 390 3400 multu
408 3363 460 3399 mar
496 3348 547 3402 uta
564 3349 597 3403 de
614 3356 716 3404 muru
735 3348 858 3403 Deorum
875 3365 927 3402 uos
964 3366 992 3403 er
1004 3349 1110 3420 'species
1127 3365 1218 3404 rerum
1235 3348 1489 3403 mathematicum
1505 3345 1608 3415 edonem
1633 3354 1659 3400 et

304 3414 416 3485 Pythop
455 3413 461 3430 ⁶
511 3417 688 3488 ptuoroptta
705 3418 750 3473 irie
767 3435 814 3474 ceu
830 3419 930 3473 aetion
968 3420 1028 3474 ubit
1044 3420 1244 3474 institutionum
1266 3418 1396 3473 derebus
1420 3417 1528 3472 diuinis.
1564 3413 1660 3485 Hamus

305 3485 376 3539 mm
400 3488 508 3557 pemeria
530 3494 570 3543 est
587 3490 729 3544 uniuersus
746 3490 791 3543 ute
808 3504 894 3543 sermo
912 3505 1002 3554 socer,
1029 3496 1055 3544 et
1073 3489 1217 3544 Philolaus
1238 3489 1270 3542 iu
1287 3488 1405 3542 Buoehia
1429 3493 1454 3542 et
1472 3492 1532 3542 totu
1552 3486 1658 3557 Pytna

303 3571 387 3625 potue
405 3557 480 3611 ratio
498 3556 614 3612 docendi
631 3558 665 3612 de
681 3557 751 3614 Deo.

393 3625 514 3680 Rursum
532 3628 570 3681 ad
589 3630 716 3682 rrroralem
730 3630 934 3698 philosophiam
950 3645 1001 3683 moe
1015 3629 1137 3697 perficit,
1162 3629 1332 3697 supinarum
1355 3628 1459 3682 uostris
1476 3628 1597 3682 mosibus
1616 3643 1658 3679 or·

304 3694 403 3761 diuem,
422 3696 572 3751 decentiam
591 3704 616 3751 et
633 3702 864 3753 conversationem
876 3700 1075 3767 hammonicam
1095 3698 1181 3753 trudit
1193 3698 1284 3765 etium,
1303 3713 1372 3766 quoe
1383 3698 1496 3767 popurus,
1514 3712 1584 3765 quae
1596 3714 1658 3751 euu-

303 3764 415 3831 tdeuue,
440 3767 488 3834 qui
506 3773 595 3821 motus
611 3770 739 3823 virtudem
761 3768 886 3823 memmi:
908 3786 965 3837 pue
987 3769 1113 3823 doctriua
1139 3769 1221 3823 mum
1238 3769 1396 3822 Athenaeus
1413 3768 1499 3821 excoli
1523 3774 1549 3821 et
1560 3767 1660 3836 pertici

237 3855 242 3870 ¹
303 3836 361 3889 uuit
379 3850 436 3901 eos,
461 3837 508 3905 qui
526 3838 841 3906 uirtutibuomorulibua
862 3840 897 3893 ub
920 3840 1106 3895 accurrerem
1122 3838 1218 3893 daturi
1237 3845 1301 3894 suut
1319 3851 1438 3906 operum.
1475 3836 1549 3907 Quia
1576 3837 1660 3891 mam

269 3930 271 3937 '
299 3906 496 3973 armonicam
512 3923 694 3974 numerorum,
713 3909 860 3963 uirtutebus
876 3909 1042 3976 familiares,
1070 3909 1215 3978 empluuut,
1242 3909 1315 3960 alias
1332 3906 1439 3976 quidem
1466 3907 1659 3974 oritimteticus,
1756 3933 1759 3941 ·

302 3974 375 4029 cuae
390 3977 575 4043 peemetricus,
594 3978 666 4032 ulios
684 3978 868 4044 harmonicam
890 3978 1008 4033 ostendit
1025 3984 1051 4032 et
1067 3980 1196 4033 citiorum
1214 3993 1337 4032 mosomus
1354 3976 1537 4045 detentusque,
1562 3976 1661 4044 quibus

303 4045 429 4099 omnabtm
447 4045 592 4115 diripimur
609 4048 647 4102 ud
664 4048 880 4105 mediocritatem
897 4064 1004 4103 morum
1022 4055 1048 4103 et
1066 4048 1223 4104 decentium.

881 4303 1088 4313 -ηι--ι-

390 4509 542 4572 Haetenm
571 4519 704 4574 naturam
734 4532 829 4574 rerum
857 4518 964 4591 secuti,
1004 4518 1130 4595 primum
1157 4476 1194 4574 de
1220 4515 1320 4593 figuris
1350 4514 1448 4593 planis
1478 4513 1662 4591 regularibus

303 4595 438 4674 diximus,
464 4595 568 4660 deiude
592 4599 629 4659 ad
653 4620 753 4662 aarum
776 4606 983 4680 congruentias
1005 4607 1201 4664 transivimus.

390 4685 637 4763 Insequentibus
661 4688 859 4767 derogandum
889 4693 944 4752 erit
970 4692 1103 4752 nonnihil
1135 4689 1273 4751 methodo
1300 4687 1440 4760 naturali,
1472 4695 1505 4748 ut
1531 4689 1661 4765 cognitio

152 4752 154 4756 ⁵
204 4759 207 4765 ¹
302 4776 407 4832 mentis
438 4773 598 4849 humanae,
631 4794 707 4854 quae
735 4796 793 4837 non
824 4796 889 4839 raro
913 4781 963 4841 via
985 4778 1100 4839 diversa
1128 4782 1232 4851 utitur,
1260 4785 1341 4836 tauto
1372 4778 1465 4853 magis
1493 4771 1661 4852 adjuvetur.

303 4858 369 4920 Hoc
391 4863 469 4920 euim
491 4870 595 4923 natura
615 4866 658 4924 rei
680 4867 862 4941 requirebat,
894 4874 927 4925 ut
945 4867 1008 4942 Jam
1030 4871 1116 4927 tertio
1138 4866 1203 4926 loco
1226 4865 1438 4943 explicaremus
1460 4864 1668 4942 proportiones

301 4949 332 5005 in
355 4947 502 5008 abstracto
523 4948 607 5025 illas,
634 4969 711 5028 quae
740 4956 814 5012 inter
836 4954 975 5012 circulum
1004 4963 1033 5015 et
1060 4963 1171 5033 partem
1202 4952 1332 5012 alatere
1355 4952 1487 5028 quolibet
1508 4954 1662 5011 rescissem
1706 4983 1713 4991 ·

258 5051 260 5056 ·
303 5036 534 5111 constituuntur,
569 5044 599 5099 et
619 5055 698 5115 qnae
727 5039 804 5100 aliae
827 5058 920 5101 rerum
949 5045 1062 5120 species
1086 5041 1215 5102 oriantur
1238 5058 1274 5100 ex
1296 5041 1507 5119 compositione
1530 5046 1560 5098 et
1582 5038 1662 5097 ‹tiri-

224 5187 227 5191 .
302 5122 385 5180 sione
409 5121 511 5183 talium
532 5128 769 5206 proportionum,
800 5136 861 5187 tum
891 5137 996 5207 quarto
1025 5127 1091 5189 loco
1120 5131 1308 5188 transiremus
1331 5126 1369 5186 ad
1392 5144 1481 5205 opera
1502 5123 1661 5197 mundane,
1708 5140 1713 5149 ·

303 5224 381 5285 quae
403 5210 451 5270 vel
475 5210 558 5271 Deus
580 5215 644 5290 ipss
667 5214 787 5274 Creator
808 5216 848 5274 ad
869 5215 1037 5293 hujusmodi
1059 5220 1260 5293 proportiones
1282 5216 1506 5293 attemperavit,
1534 5213 1583 5274 vel
1607 5231 1662 5273 ua·

303 5303 370 5354 tura
393 5297 559 5358 sublunaris
574 5300 612 5358 ad
628 5306 837 5381 praescriptum
859 5306 1078 5382 proportionum
1102 5304 1203 5363 talium
1226 5305 1255 5360 in
1272 5302 1388 5378 angulis
1411 5301 1558 5362 radiorum
1580 5300 1662 5362 side-

301 5382 407 5442 ralium
430 5385 562 5460 quotidie
586 5397 714 5467 exercet5
738 5392 842 5450 ultimo
865 5408 935 5451 vero
958 5392 1201 5468 subjungeremus
1215 5392 1356 5450 musicum
1370 5389 1536 5462 humanam,
1561 5395 1662 5447 oeten·

306 5469 419 5550 dentes,
442 5472 590 5548 quomodo
613 5494 695 5537 mens
717 5476 858 5552 humana,
877 5478 1022 5556 judicium
1045 5477 1162 5538 auditus
1183 5479 1351 5545 informans,
1374 5479 1513 5537 instinctu
1536 5473 1663 5535 naturali

303 5555 471 5621 Creatorem
493 5562 629 5635 imitetur,
654 5565 767 5625 delectu
784 5573 813 5625 et
827 5567 1039 5645 approbatione
1055 5568 1274 5644 proportionum
1296 5569 1325 5623 in
1348 5565 1472 5625 vocibus
1494 5560 1662 5636 earundem,

303 5661 380 5722 quae
402 5643 469 5708 Deo
492 5647 664 5726 placuerunt
694 5654 724 5710 in
745 5656 987 5733 attemperatione
1009 5661 1141 5716 motuum
1163 5654 1344 5716 coelestium.
1389 5651 1467 5729 Quia
1489 5667 1560 5713 raro
1583 5648 1663 5711 utin-
