3684 7259
279 1278 340 1347 ιω
806 1272 848 1327 De
865 1261 1090 1341 Propertionibar
1167 1314 1169 1318 .

277 1453 405 1516 hmani.
450 1450 524 1512 Nam
548 1456 578 1509 et
601 1451 654 1509 viri
675 1452 865 1510 communiter
878 1450 1056 1526 proceriores
1070 1447 1194 1525 ¹lerninis,
1217 1448 1310 1509 adulti
1329 1451 1436 1527 pneris,
1460 1413 1625 1525 gaviorem
1715 1456 1718 1462 '

277 1542 366 1602 etam
394 1554 497 1599 vocem
525 1539 675 1611 emittunt,
705 1539 790 1612 quasi
818 1535 990 1613 profundius
1017 1537 1156 1610 potitam3
1186 1544 1216 1596 et
1244 1537 1351 1612 singuli
1380 1537 1528 1609 homiues,
1559 1539 1624 1613 ipso

275 1643 363 1696 sensu
386 1632 482 1686 tactus
506 1623 639 1697 docente,
663 1625 829 1700 graviorem
850 1641 954 1683 vocem
972 1617 1147 1700 'profundius
1169 1622 1297 1696 eliciunt,
1321 1623 1451 1683 altiorem
1474 1627 1624 1700 superius3

276 1724 307 1777 ot
324 1714 379 1789 qui
400 1712 573 1789 manissime
596 1720 724 1779 cautam,
748 1727 852 1787 corpus
874 1710 1042 1782 extendunt,
1066 1716 1200 1786 utquam
1216 1710 1440 1787 profundissimo
1455 1728 1513 1771 vox
1530 1720 1624 1771 exeat.

276 1798 413 1864 Tradunt
434 1799 552 1875 quidem
575 1797 683 1858 collum
706 1801 811 1870 etiarn,
834 1801 883 1875 qui
906 1805 992 1859 acute
1014 1804 1135 1870 canunt,
1164 1796 1216 1857 sed
1238 1814 1296 1857 nou
1319 1806 1352 1858 ut
1372 1798 1493 1873 longum
1516 1797 1624 1859 collum

277 1877 401 1958 saciari,
423 1886 476 1948 sed
498 1895 531 1945 nt
555 1888 664 1946 rectius
687 1886 885 1961 constringant
906 1901 1057 1963 supremos
1073 1882 1203 1956 ,circulos
1225 1886 1360 1961 gutturis.

362 1972 418 2033 His
439 1975 528 2050 igitar
551 1972 587 2036 de
610 1975 708 2034 causis
736 1980 893 2033 natusest
917 1974 947 2031 iu
971 1971 1145 2031 harmonicis
1173 1979 1335 2049 conceptus
1353 1973 1405 2032 alti
1428 1982 1457 2032 et
1480 1972 1625 2047 profundi,

276 2078 329 2137 pro
352 2077 412 2136 quo
434 2061 535 2121 crebro
558 2077 731 2138 usurpamus
754 2068 871 2120 acutum
893 2069 923 2120 et
944 2075 1042 2134 grave.
1087 2057 1163 2117 cunr
1185 2059 1271 2134 igitur
1285 2058 1385 2136 'altum
1408 2067 1436 2118 et
1450 2059 1625 2136 protundum
1709 2111 1713 2125 ‚

275 2149 334 2210 siut
357 2147 430 2207 alias
453 2147 599 2209 vocabula
620 2147 687 2219 loci,
711 2146 890 2208 cousuetudo
913 2147 1054 2206 sermonis
1077 2145 1150 2205 haec
1172 2158 1227 2205 soa
1248 2146 1391 2224 principia
1418 2158 1520 2207 secuta
1541 2149 1625 2207 voci·

278 2235 332 2300 bus
363 2237 452 2295 etiarn
483 2233 513 2295 id
534 2232 753 2307 accommodat,
783 2234 863 2309 quod
892 2233 1022 2294 locorum
1043 2242 1089 2292 est
1119 2234 1285 2309 proprium,
1300 2234 1427 2293 'scilicet
1459 2233 1625 2307 intervalla,

274 2338 380 2399 pasca
402 2327 592 2399 bruarqaasa.
636 2322 712 2382 Nam
733 2319 800 2381 loca
821 2329 978 2392 transumi,
1013 2319 1125 2380 distare
1140 2319 1283 2380 dicuntur.
1322 2322 1456 2397 Denique
1471 2320 1627 2398 disciplina

279 2408 448 2472 harmonica
477 2409 553 2468 hauc
574 2427 678 2474 vocem
705 2408 794 2467 etlam
824 2411 1010 2486 inpleturus
1036 2425 1089 2467 seu
1120 2406 1332 2482 diagrammata
1357 2425 1413 2466 sua
1441 2404 1495 2489 (do
1518 2409 1626 2483 quibus

278 2492 412 2578 iuferius)
436 2494 592 2569 naustalit,
615 2514 693 2573 quae
715 2495 781 2554 altis
805 2503 834 2557 et
857 2493 1008 2572 profundis
1031 2494 1116 2555 lineis
1131 2501 1274 2564 coustant,
1298 2511 1357 2570 quo
1372 2501 1458 2572 pacto
1474 2497 1626 2556 restitutus

278 2591 324 2645 est
345 2583 388 2642 illi
408 2600 517 2643 sensus
535 2586 738 2659 geometricus.

365 2668 448 2747 Quae
477 2672 566 2747 igitar
593 2672 735 2731 hactenus
765 2669 935 2731 dicebantur
963 2670 1165 2746 proportiones
1194 2667 1381 2746 chordarum,
1417 2669 1447 2726 in
1477 2676 1627 2745 posterum
1679 2708 1709 2745 ·.

279 2758 338 2824 isra
360 2757 491 2818 dicantur
514 2757 668 2819 intervalla
692 2775 811 2833 vocum,
835 2776 907 2835 qous
932 2759 1067 2817 emittunt
1090 2755 1215 2816 chordae
1239 2754 1431 2830 longitudinis
1451 2756 1627 2834 inaequalis.
1706 2767 1709 2772 ⁴

226 2844 354 2925 'vidam
385 2862 472 2904 voees
504 2844 580 2906 idem
610 2853 761 2921 sonantes,
791 2847 898 2922 quibus
929 2842 1105 2920 respondent
1135 2841 1260 2903 chordae
1291 2860 1326 2902 ax
1349 2841 1513 2919 aequaliter
1534 2848 1626 2906 tensis

280 2949 374 3008 sequa
401 2930 525 3007 longas,
555 2932 738 2994 intervalium
767 2951 826 2993 non
854 2933 977 3004 iaciunt,
1008 2947 1074 2990 eum
1103 2930 1163 2988 sint
1190 2929 1355 2990 altitudinis
1377 2929 1518 3006 ejusdem.
1563 2933 1627 2992 Etsi
1705 2965 1708 2971 ·

278 3018 354 3081 libro
376 3016 414 3079 V.
437 3019 641 3080 abstinendum
665 3023 719 3079 erit
740 3023 779 3081 ab
801 3021 858 3080 boc
879 3036 966 3079 sensu
990 3021 1072 3078 vocis
1095 3016 1289 3089 intervallum,
1313 3028 1467 3093 propterea
1483 3020 1563 3094 quod
1586 3022 1627 3080 ibi

281 3106 381 3177 crebro
404 3122 458 3166 usu
480 3107 639 3185 repetenda
661 3111 715 3167 erit
738 3126 795 3168 vox
817 3111 875 3167 ista
897 3110 926 3165 ln
948 3123 1035 3166 sensu
1058 3107 1263 3177 astronomica,
1292 3104 1326 3167 de
1349 3104 1429 3164 linea
1452 3114 1531 3166 reeta
1554 3109 1628 3167 inter

244 3192 262 3236 ⁸
280 3210 385 3270 eorpus
407 3192 541 3271 planetas
563 3202 593 3255 et
615 3195 723 3269 Solem,
745 3200 813 3256 item
829 3194 865 3255 de
881 3211 915 3255 eo
931 3195 1037 3271 spatio,
1061 3193 1140 3270 qnod
1157 3195 1232 3255 inter
1247 3195 1378 3252 diversos
1396 3190 1481 3251 orbes
1497 3196 1626 3256 interest.

363 3278 455 3340 Porro
477 3288 552 3340 sicut
573 3282 760 3359 praecedeuti
782 3285 877 3359 capita
899 3284 1102 3359 proportiones
1125 3280 1260 3341 bilariam
1284 3279 1556 3353 considerabuntur,
1585 3301 1625 3343 sc.

282 3367 328 3427 vel
350 3367 484 3444 singulae
507 3386 557 3445 per
579 3388 611 3430 se
634 3372 722 3446 ipsas,
746 3370 792 3430 vel
816 3371 940 3429 invicem
965 3375 1150 3444 comparatae
1173 3383 1262 3429 causa
1279 3369 1395 3439 ordinis,
1420 3371 1470 3442 qui
1487 3370 1627 3430 extende-

280 3455 366 3514 batur
388 3473 406 3513 a
429 3458 608 3532 compositae
631 3457 755 3533 alicujus
778 3459 973 3535 proportionis
996 3459 1118 3515 termino
1140 3473 1193 3517 seu
1216 3454 1324 3518 chorda
1345 3455 1448 3514 minori
1471 3455 1508 3514 ad
1531 3460 1628 3534 majo-

281 3558 341 3602 rem
367 3542 413 3600 vel
438 3542 597 3620 longiorem
620 3552 649 3603 et
672 3547 814 3604 vicissim:
847 3546 890 3602 sle
913 3559 989 3603 nnuc
1017 3546 1105 3604 otiam
1129 3542 1283 3603 intervalla
1314 3541 1360 3605 vel
1384 3542 1501 3617 singula
1522 3562 1574 3620 pcr
1596 3563 1628 3605 sc

281 3629 329 3690 vel
354 3631 476 3691 invicem
500 3641 667 3708 comparata
691 3632 910 3691 considerantur
932 3649 1022 3691 causa
1045 3632 1102 3692 loci
1125 3630 1303 3707 harmonici;
1331 3639 1362 3690 nt
1385 3640 1414 3690 et
1436 3632 1464 3687 in
1483 3633 1628 3717 pontinua
1675 3685 1678 3689 ,

281 3715 464 3775 ordinatione
487 3720 599 3794 aliquot
621 3719 838 3779 intervallorum
862 3716 921 3799 (sic
950 3727 981 3776 ut
1004 3719 1073 3778 bina
1095 3734 1210 3797 semper
1232 3720 1370 3795 contigua
1402 3716 1530 3777 babeant
1553 3738 1627 3779 eun-

282 3802 348 3894 dem
371 3805 526 3864 terminum
541 3823 732 3879 communem,
756 3809 806 3883 qui
828 3808 867 3865 sit
881 3807 968 3865 unius
992 3805 1084 3881 major
1106 3807 1261 3879 terminus,
1280 3806 1401 3867 alterius
1420 3808 1566 3879 vergentis
1589 3808 1626 3866 ad
1672 3807 1673 3810 ’

166 3935 168 3940 ,
216 3913 219 3918 ·
277 3894 431 3976 graviores
454 3909 542 3954 voees
573 3890 700 3975 minor),
731 3911 845 3971 semper
871 3892 943 3952 illud
972 3892 1155 3953 intervallum
1185 3893 1298 3954 dicatur
1323 3892 1457 3962 inferius,
1482 3893 1560 3968 quod
1583 3904 1628 3955 est

280 3979 355 4039 h‘rtar
378 3974 464 4038 vo'ces
486 3981 652 4057 graviores,
681 3961 753 4041 illud
784 3983 936 4058 superins,
964 3980 1043 4056 quod
1070 3990 1115 4040 est
1137 3983 1214 4041 inter,
1238 3982 1391 4041 acutiores.
1437 3980 1474 4038 Et
1501 3982 1532 4038 in
1555 3987 1646 4058 geo·'
1701 4053 1703 4056 v

280 4067 383 4129 metria
405 4066 522 4143 quidem
544 4070 745 4144 proportiones
766 4076 964 4145 agnoscuntur
985 4067 1134 4144 aequales,
1157 4069 1226 4129 licet
1248 4071 1307 4128 sint
1321 4066 1491 4143 inaequales
1514 4071 1628 4127 termini
1700 4144 1703 4148 .

280 4155 366 4234 pulpa
380 4154 510 4215 terminis
522 4155 652 4235 alterius,
675 4164 704 4217 et
715 4173 850 4217 excessus
861 4158 1047 4215 terminorum
1063 4149 1150 4216 unius
1164 4156 1327 4235 inaequalis
1340 4158 1471 4215 excessui
1488 4159 1627 4216 termino·
1714 4171 1716 4175 ’

279 4258 343 4303 rum
357 4238 494 4316 alterium
517 4249 550 4302 ut
570 4243 595 4304 si
618 4245 675 4304 sint
698 4251 755 4303 tres
779 4242 904 4304 chordae
920 4245 948 4300 in
963 4244 1150 4320 proportione
1164 4260 1346 4305 numerorum
1364 4243 1447 4320 4,‚6,
1473 4244 1500 4314 9,
1525 4244 1626 4306 eadem
1700 4246 1703 4252 '

280 4335 413 4392 sensatur
444 4331 594 4406 proportio
617 4326 659 4411 ⁴l,
687 4348 763 4407 quae
786 4326 843 4410 Ἃ,
872 4346 931 4389 non
960 4331 1110 4404 obstante,
1140 4328 1219 4407 quod
1242 4348 1307 4393 cum
1330 4332 1386 4407 ipsi
1409 4331 1541 4399 termini,
1566 4340 1626 4391 tum
1699 4350 1703 4357 ·

251 4422 254 4428 '
281 4419 371 4480 etium
394 4432 532 4476 exuemus
555 4418 574 4475 2
597 4425 627 4477 et
650 4419 668 4477 3
692 4418 861 4493 inaequales
888 4426 965 4477 sunt.
1009 4417 1044 4476 In
1067 4417 1234 4481 harmonice
1262 4418 1394 4479 similiter
1416 4419 1515 4499 omnia
1537 4420 1627 4480 inter·
1700 4469 1702 4476 ,

280 4502 359 4590 valla
381 4518 487 4563 vocum
509 4521 528 4562 a
550 4502 674 4579 chordis,
698 4523 774 4581 qaae
797 4504 1009 4581 suutejusdem
1023 4508 1229 4582 proportionis,
1253 4506 1430 4591 venientium
1453 4514 1482 4564 et
1503 4521 1626 4566 censen·

176 4644 183 4653 .
281 4587 327 4650 tur
349 4589 487 4668 aequalia
517 4598 548 4652 et
568 4593 733 4659 scribuntur
755 4595 842 4653 ctiam
865 4599 937 4653 nota
958 4595 1107 4653 numerica
1129 4593 1248 4664 eadem,
1279 4597 1350 4669 quin
1374 4595 1463 4651 etiarn
1486 4592 1627 4653 linearum

280 4676 443 4738 intervallis
465 4677 638 4755 aequalibus
660 4682 819 4758 pinguntur
850 4682 877 4738 in
903 4680 1127 4756 diagrammate3
1155 4684 1199 4742 sic
1220 4690 1253 4743 ut
1276 4684 1391 4756 penitus
1419 4678 1628 4741 obliviscamur

279 4764 343 4842 ejus
359 4766 600 4841 inaequalitatis,
631 4785 707 4843 quae
729 4776 773 4828 est
795 4768 870 4827 inter
892 4784 1028 4827 excessus
1051 4767 1230 4830 diversarum
1261 4768 1443 4829 chordarum.
1488 4766 1628 4844 Sequitur
1669 4783 1671 4789 ¹

279 4853 377 4934 igitur,
400 4859 432 4912 ut
453 4854 647 4931 proportionis
670 4856 788 4913 minoris
811 4854 967 4915 intervalla
982 4857 1095 4914 minora
1117 4855 1259 4925 dicamus,
1281 4855 1399 4931 majoris
1420 4854 1541 4928 majora,
1564 4858 1628 4917 sino
1688 4857 1690 4861 ”

266 4944 412 5019 respectu
436 4939 642 5012 magnitudinis
665 4951 717 5001 aut
739 4945 892 5018 parvitatis
913 4941 1150 5018 respondentium
1174 4946 1308 5020 utrinque
1330 4943 1528 5003 terminorum.

364 5025 421 5085 His
445 5028 533 5103 igitur
555 5027 755 5089 definitionum
787 5029 852 5089 loco
874 5030 1042 5106 praemissis
1071 5048 1148 5089 nunc
1170 5048 1256 5108 porro
1282 5029 1494 5108 dispiciendum
1524 5038 1569 5089 est
1591 5029 1627 5090 de
1697 5035 1699 5040 ’

280 5111 448 5175 ornaremus
477 5114 703 5176 intervallorum.
749 5116 899 5176 Hactenus
929 5116 1046 5192 quidem
1073 5122 1275 5194 proportiones
1300 5136 1417 5187 omncs,
1451 5133 1524 5194 quas
1553 5134 1627 5177 con·

279 5214 365 5262 sonas
389 5218 453 5262 esse
477 5201 755 5278 demonstravimus,
785 5223 843 5264 uua
865 5204 1053 5280 aequalitatis
1075 5214 1212 5281 excepta,
1244 5222 1295 5281 pro
1319 5204 1439 5266 totidem
1464 5204 1627 5263 intervallis
1693 5215 1696 5220 ·

281 5288 381 5348 itidem
404 5292 540 5350 consonis
563 5299 632 5350 sunt
654 5290 816 5366 habendae,
839 5294 1041 5369 proportiones
1064 5309 1143 5364 vero,
1168 5311 1240 5371 quas
1260 5293 1392 5353 dissonas
1416 5291 1550 5362 diximus,
1574 5310 1626 5367 pro

280 5377 442 5444 intervallis
467 5376 575 5457 itidem
590 5377 726 5440 dissonis.
771 5380 845 5440 ilum
867 5397 937 5440 vero
961 5382 1035 5439 inter
1058 5379 1176 5439 dissona
1198 5381 1355 5442 intervalla
1378 5398 1485 5454 magna
1507 5382 1544 5437 sit
1569 5379 1627 5437 dila
1692 5414 1695 5421 Α

279 5464 411 5539 larentia,
435 5466 477 5524 sic
500 5473 611 5526 utnon
635 5476 748 5528 tanturn
770 5484 899 5530 consona
920 5476 940 5527 a
961 5474 1067 5527 natura
1088 5466 1248 5528 doceantur
1274 5476 1303 5527 et
1326 5468 1405 5527 illius
1426 5461 1564 5526 instinctu
1588 5469 1626 5526 ab
1692 5514 1696 5522 .

281 5550 383 5610 auditu
405 5552 572 5629 probentur,
596 5554 648 5613 sed
671 5556 760 5615 etiam
783 5556 841 5617 alis
863 5559 975 5615 minora
997 5553 1152 5614 intervalla
1173 5557 1211 5616 ab
1235 5555 1337 5629 eodem
1361 5572 1447 5614 seusrr
1471 5552 1627 5613 stabilian-

238 5651 241 5656 ’
280 5647 344 5708 tor,
373 5655 448 5717 qaae
470 5637 539 5699 licet
561 5639 679 5703 dissona
701 5642 776 5715 sint,
805 5651 875 5721 apta
897 5652 995 5705 tamen
1018 5649 1102 5713 suut,
1130 5660 1182 5719 per
1205 5660 1281 5720 quas
1312 5650 1414 5704 cautus
1437 5640 1624 5702 traducatur:

281 5724 448 5792 hannoniae
480 5734 614 5791 naturam
644 5736 745 5812 secuta
773 5747 879 5803 nornen
903 5732 939 5790 iis
965 5730 1089 5808 imponit
1109 5731 1315 5810 continuorum
1347 5746 1443 5810 saque
1473 5729 1627 5808 distingmt
1690 5776 1694 5783 .
