3684 7259
291 1242 333 1304 90
733 1231 776 1289 De
791 1230 953 1309 Figuratum
970 1232 1194 1293 Harmouioarum

292 1431 382 1494 opera
400 1414 525 1493 planum
547 1412 721 1486 formabant,
744 1429 780 1471 ex
803 1429 861 1489 quo
885 1415 915 1472 in
940 1414 1115 1490 quadratum
1130 1412 1249 1474 redacto
1265 1416 1437 1476 noscebatur
1450 1414 1538 1489 linea,
1561 1416 1640 1477 dicta

290 1520 388 1566 mose:
418 1504 462 1563 sic
488 1502 550 1579 iam
574 1499 649 1559 duae
670 1506 776 1573 rectae,
800 1507 864 1561 tota
885 1508 915 1560 et
937 1518 1006 1580 pars
1028 1518 1098 1582 nna,
1120 1502 1245 1563 formant
1268 1505 1361 1580 ipsam
1382 1512 1494 1580 partem
1517 1503 1638 1564 alteram

290 1588 509 1665 subtrahendo,
533 1585 581 1649 vel
604 1586 679 1647 duae
701 1593 799 1666 partes
822 1587 949 1649 formant
971 1595 1063 1650 totam
1086 1587 1230 1650 addendo.
1252 1605 1255 1618 ·
1275 1590 1340 1652 lilic
1362 1598 1458 1652 rectae
1480 1591 1640 1651 formantes

291 1684 372 1743 eraut
401 1680 476 1738 inter
505 1694 537 1737 se
567 1672 843 1737 commensurabiles
870 1675 936 1737 sola
963 1678 1113 1755 potentia,
1145 1677 1194 1737 hic
1230 1679 1320 1738 missa
1350 1680 1640 1754 commensuratione,

291 1763 421 1829 succedit
443 1764 639 1843 proportionis
662 1760 801 1824 identitas
823 1764 899 1824 iuter
919 1772 1015 1825 totum
1037 1772 1067 1826 et
1088 1770 1196 1843 partes.
1232 1764 1297 1826 Illic
1318 1768 1512 1844 proportionis
1535 1766 1641 1827 simili-

289 1853 360 1916 tudo
383 1861 445 1915 eret
458 1853 533 1913 iuter
548 1852 690 1912 minorem
705 1858 735 1911 et
749 1849 913 1911 faciendam
935 1854 1068 1930 interque
1093 1851 1258 1913 taciendam
1273 1860 1302 1915 et
1316 1854 1466 1930 majorem,
1489 1847 1538 1915 hic
1552 1857 1641 1915 etiam

290 1951 334 2005 est
354 1941 551 2019 proportionis
573 1936 734 1999 similitudo
757 1939 832 1998 inter
854 1938 1005 2000 iaciendas
1027 1938 1101 2000 duaa
1130 1942 1264 2017 interque
1285 1958 1385 2002 carum
1408 1959 1496 2002 uuam
1519 1947 1548 2003 et
1569 1957 1641 2020 pro-

202 2073 206 2081 .
288 2032 414 2109 positam
427 2034 534 2100 totam,
565 2028 596 2084 in
613 2026 826 2086 abstractione:
850 2028 1107 2104 incompositione
1122 2044 1191 2089 uero
1207 2029 1282 2091 inter
1296 2028 1494 2090 tacendarum
1507 2047 1596 2089 uuam
1611 2037 1643 2090 et

289 2117 468 2196 propositam
490 2118 620 2190 interque
642 2115 823 2191 propositam
846 2122 876 2174 et
898 2113 1062 2175 taciendam
1086 2113 1218 2176 alteram.
1262 2113 1329 2177 Illic
1356 2118 1444 2194 igitur
1466 2116 1542 2177 datis
1565 2114 1641 2178 dua-

290 2207 344 2267 bus
367 2202 490 2264 dabatur
512 2199 714 2277 rectangulum
735 2199 861 2277 aequale
884 2200 1028 2278 quadrato
1057 2200 1210 2264 faciendae
1238 2212 1268 2263 et
1289 2205 1332 2264 sic
1353 2204 1474 2281 planum
1502 2210 1570 2264 ante
1601 2205 1641 2265 li-

283 2286 388 2354 'neamc
418 2290 466 2349 hic
494 2288 693 2362 econtrario,
724 2287 809 2348 tectis
839 2287 954 2350 duabus
984 2288 1141 2362 iaciendis,
1171 2290 1302 2367 sequitur
1329 2289 1445 2352 demum
1478 2291 1642 2368 aequalitas
1747 2341 1750 2345 .

289 2382 362 2441 inter
382 2378 586 2454 roctangulum
601 2381 794 2435 extremarum
817 2383 847 2435 et
872 2375 1047 2454 quadratum
1070 2375 1182 2437 mediae
1200 2375 1294 2457 (Eucl.
1318 2378 1373 2438 VI.
1401 2380 1450 2438 17.
1467 2386 1497 2440 et
1510 2378 1549 2439 11.
1569 2375 1640 2460 11.).

356 2466 422 2527 Illic
445 2474 542 2526 rectae
564 2463 722 2524 formantes
744 2461 886 2535 quadrata
907 2464 1060 2526 habebant
1082 2465 1358 2526 commensurabilia
1379 2463 1522 2544 quadrato
1544 2473 1642 2527 rectae

288 2555 472 2635 propositae3
495 2552 544 2613 hic
566 2551 651 2612 docet
672 2549 819 2624 Euclides,
842 2551 896 2611 VI.
913 2553 964 2626 30,
988 2557 1018 2612 et
1039 2568 1154 2612 sumere
1169 2552 1352 2630 quadratum,
1374 2556 1542 2631 propositae
1565 2571 1641 2631 qua·

290 2644 373 2706 drato
403 2636 678 2712 commemorabile,
707 2654 750 2701 sc.
773 2638 1009 2718 sesquintuplum
1032 2639 1113 2716 ejus,
1145 2647 1175 2698 et
1204 2640 1241 2700 ab
1264 2640 1353 2717 huius
1382 2641 1518 2718 quadrati
1547 2640 1638 2703 latere

289 2731 402 2794 auferre
424 2731 575 2790 semissem
596 2728 774 2805 propositae,
798 2733 831 2786 ut
853 2733 943 2787 restet
963 2743 1033 2805 pars
1054 2728 1084 2785 in
1107 2729 1258 2804 proposita
1281 2728 1452 2803 statuenda,
1476 2745 1536 2807 qua
1557 2740 1639 2806 parte

292 2815 329 2881 de
350 2817 502 2896 proposita
524 2812 640 2890 ablata,
662 2811 883 2890 relinquebatur
904 2831 973 2891 pars
997 2813 1090 2874 altera
1112 2815 1252 2891 requisita
1276 2810 1340 2897 (nel
1364 2816 1401 2876 ad
1424 2823 1517 2877 totam
1539 2816 1641 2877 addita

289 2905 380 2968 dsbm
403 2906 491 2966 etiam
512 2903 599 2963 tertia
619 2900 783 2980 requisita).
828 2900 867 2963 Et
887 2909 932 2962 tot
953 2902 1122 2963 nominibus
1144 2908 1241 2981 partes
1263 2902 1320 2964 hae
1335 2902 1472 2965 videntur
1484 2921 1642 2966 accensen-

290 2991 345 3056 dao
367 2991 471 3071 gradui
494 2997 607 3068 quarto.

377 3080 412 3140 In
434 3080 491 3141 hoc
513 3093 583 3139 vero
605 3082 715 3155 puncto
736 3075 864 3137 nobilior
886 3078 953 3154 ipsa
973 3092 1053 3138 mese
1067 3074 1199 3137 redditur
1220 3077 1308 3151 linea,
1332 3095 1536 3155 quemcunque
1553 3096 1641 3139 occu·

293 3170 410 3247 paverit
431 3169 490 3228 iata
510 3164 676 3244 proportio:
700 3162 779 3241 quod
802 3182 881 3226 mese
903 3164 1028 3241 longiori
1051 3169 1170 3242 catena,
1199 3182 1235 3225 ex
1259 3171 1386 3242 quatuor
1407 3165 1537 3227 articulis
1561 3183 1642 3227 com-

290 3257 399 3335 posita,
424 3253 568 3332 dependet
590 3251 628 3313 ab
651 3247 760 3311 smodi
782 3254 944 3330 proposita,
978 3251 1068 3328 hujus
1089 3269 1158 3313 vero
1181 3259 1278 3330 partes
1301 3254 1433 3314 nituntur
1454 3256 1642 3332 proportione

290 3361 357 3420 oua,
388 3360 474 3420 qnam
496 3342 607 3402 habent
627 3336 795 3400 immediate
824 3340 861 3400 ad
885 3342 980 3416 ipsam
1003 3338 1149 3399 effabilem
1171 3341 1360 3418 propositum.
1405 3342 1508 3420 quue
1530 3341 1577 3416 tit,
1609 3349 1643 3402 ut

289 3448 389 3492 meson
411 3431 526 3508 possint
546 3445 610 3490 esse
633 3426 752 3501 multer,
776 3428 878 3488 eodem
893 3443 994 3488 omnes
1015 3425 1108 3503 gradu
1124 3425 1266 3489 distames
1288 3428 1326 3490 ab
1349 3429 1466 3504 effabili,
1488 3447 1556 3507 pars
1570 3447 1642 3490 vero

290 3519 384 3596 maior
405 3520 433 3576 in
455 3518 512 3578 hac
534 3516 721 3594 proportione
743 3515 835 3591 ipsius
858 3514 983 3592 effabilis
998 3532 1057 3574 una
1069 3514 1134 3575 sola
1148 3516 1187 3575 sit
1209 3523 1239 3575 et
1252 3518 1369 3576 omnino
1385 3518 1526 3594 cujusque
1547 3517 1642 3580 lineae

289 3614 357 3685 post
386 3605 531 3667 effabilem
559 3621 618 3663 uua
647 3600 814 3678 singularis.
859 3601 926 3680 Quo
955 3604 1072 3663 nomine
1100 3605 1308 3680 aequiparatur
1337 3604 1401 3681 ejus
1433 3603 1642 3667 demonstratio

243 3703 246 3708 '
289 3696 383 3773 primo
406 3690 621 3770 quodammodo
643 3688 758 3766 gradui.

377 3780 501 3858 Quando
524 3782 611 3856 igitur
633 3778 783 3854 proposita
805 3783 885 3837 recta
903 3777 1025 3853 jubetur
1047 3794 1112 3838 esse
1134 3782 1198 3837 tota
1221 3777 1344 3854 ejnrqne
1367 3776 1441 3838 duae
1455 3778 1531 3840 tales
1544 3788 1643 3857 partes

290 3877 484 3949 quaeruntur,
514 3875 584 3927 tunc
606 3866 680 3925 haec
701 3866 858 3940 geometris
881 3862 985 3925 dicitur
1007 3867 1099 3926 sectio
1121 3863 1282 3926 secundom
1304 3872 1441 3926 extrema.
1454 3874 1484 3927 et
1504 3867 1641 3929 medium.

212 4021 217 4032 ,
289 3958 433 4020 Nimirum
454 3955 511 4015 hoc
533 3955 590 4014 sibi
612 3951 678 4012 vuit
698 3968 820 4025 nomen,
849 3950 929 4029 quod
958 3969 1023 4012 cum
1045 3952 1120 4013 alias
1142 3951 1273 4030 vulgaris
1295 3956 1385 4013 sectio
1408 3954 1498 4013 totius
1521 3957 1550 4014 in
1572 3975 1642 4035 per-

289 4053 335 4108 tus
357 4044 431 4104 duas
453 4060 511 4103 non
533 4042 670 4117 respiciat
683 4041 910 4118 proportionem,
934 4047 985 4098 aut
1007 4041 1034 4099 si
1055 4039 1093 4100 ad
1116 4045 1209 4100 totam
1231 4040 1333 4117 aliqua
1351 4047 1533 4117 comparetur
1554 4044 1585 4104 in
1607 4061 1643 4105 sa

290 4134 493 4212 proportione,
524 4131 553 4187 in
577 4146 635 4205 qua
664 4135 708 4187 est
729 4130 823 4187 minor
844 4144 912 4203 pars
935 4126 974 4186 ad
1001 4127 1155 4203 majorem,
1186 4134 1256 4189 tunc
1277 4126 1350 4188 tiant
1371 4135 1498 4206 quatuor
1519 4134 1642 4206 termini,

291 4219 350 4283 duo
373 4219 495 4280 extremi
515 4224 545 4277 ct
568 4216 626 4277 duo
649 4213 750 4277 medii:
773 4215 822 4275 hic
845 4221 947 4276 contra
968 4213 1041 4275 flant
1062 4220 1174 4275 tautum
1196 4221 1255 4276 tres
1277 4217 1406 4289 termini,
1436 4223 1500 4277 tota
1524 4220 1642 4295 quidem

294 4314 324 4371 et
345 4325 413 4387 pars
436 4307 538 4380 minor,
562 4303 620 4364 duo
643 4305 772 4379 extremi,
795 4319 863 4380 pars
885 4317 956 4363 vero
978 4302 1072 4379 major
1093 4300 1206 4362 medius
1228 4304 1368 4363 terminus
1390 4305 1503 4368 unicus.

377 4395 492 4455 Dicitur
515 4394 602 4453 etiam
624 4390 727 4452 eedem
759 4390 795 4450 de
824 4407 914 4450 causa
940 4391 1030 4450 sectio
1052 4389 1288 4467 proportionalis.
1332 4390 1476 4453 Hodiemi
1491 4400 1521 4453 et
1534 4394 1642 4453 sectio·
1673 4462 1678 4470 ,

289 4500 357 4546 nem
386 4490 417 4543 et
443 4482 659 4559 proportionem
688 4478 753 4555 ejus
776 4477 984 4554 cognominant
1006 4476 1150 4552 divinam,
1173 4487 1293 4555 propter
1314 4478 1485 4542 admirabile
1508 4481 1573 4556 eius
1595 4481 1642 4537 in-

289 4573 408 4650 genium
430 4578 460 4631 et
480 4567 652 4644 multiplicia
674 4564 841 4643 privilegia,
866 4577 989 4642 quorum
1010 4567 1199 4643 praecipuum
1221 4572 1281 4642 est,
1310 4565 1390 4643 quod
1417 4584 1533 4647 semper
1559 4576 1642 4645 parte

291 4659 395 4736 majori
417 4658 456 4717 ad
479 4663 570 4716 totam
593 4653 707 4728 addita,
739 4655 902 4731 composite
929 4671 1042 4713 rursum
1066 4661 1109 4715 est
1132 4653 1264 4713 similiter
1286 4662 1380 4731 sectu;
1413 4662 1442 4714 et
1471 4672 1548 4732 quae
1574 4672 1642 4733 pars

293 4748 389 4824 major
411 4751 489 4819 erat,
513 4744 576 4820 jam
598 4742 629 4801 tit
651 4744 758 4818 minor,
791 4758 868 4819 quae
891 4747 968 4817 tota,
994 4741 1059 4818 jam
1089 4742 1182 4818 major
1212 4758 1280 4817 pars
1309 4742 1341 4802 tit
1369 4744 1561 4820 compositae,
1591 4759 1644 4819 per

294 4828 382 4896 x111.
400 4835 428 4893 5.
451 4829 592 4893 Euclidis.

377 4918 513 4980 XXVII.
535 4917 768 4995 Propositio.
813 4914 888 4974 Cum
910 4919 1008 4973 antem
1030 4915 1120 4973 sectio
1143 4912 1210 4973 talis
1232 4916 1261 4972 in
1282 4913 1417 4975 omuibus
1438 4912 1525 4975 lineis
1546 4913 1643 4976 locum

293 5008 411 5084 habeat,
435 5010 465 5066 in
489 5005 598 5067 effabili
611 5002 811 5079 longitudine,
833 5003 863 5060 in
886 4999 997 5062 effabili
1018 5000 1083 5060 sola
1105 5002 1245 5077 potentia,
1269 5002 1299 5058 in
1320 5019 1414 5079 mese,
1437 5004 1467 5061 iu
1490 5002 1643 5082 duodecim

292 5095 415 5173 reliquis
437 5095 591 5174 speciebus
613 5093 771 5165 recensitis,
795 5093 825 5150 iu
846 5089 913 5149 aliis
936 5089 1087 5149 omuibus:
1118 5106 1172 5148 nos
1195 5090 1395 5166 inpraesenti
1418 5106 1505 5167 opere
1528 5090 1643 5153 duabus

290 5185 367 5246 solis
390 5183 454 5260 ejm
476 5181 630 5260 speciebus
652 5180 794 5241 habemus
817 5194 905 5255 opus,
938 5192 1014 5253 quae
1042 5192 1109 5235 cum
1137 5177 1290 5253 speciebus
1319 5176 1461 5238 hactenns
1490 5178 1644 5255 explicatis

293 5271 480 5346 coincidunt,
504 5267 664 5331 secundum
687 5267 760 5328 duas
782 5266 875 5326 lineas
897 5263 1048 5324 secandas.
1086 5263 1162 5323 Nam
1185 5272 1237 5324 aut
1260 5263 1382 5346 effabilis
1407 5272 1451 5324 est
1472 5265 1525 5326 illa
1546 5265 1644 5344 longi-

290 5358 391 5421 tudine
413 5365 465 5419 aut
487 5360 593 5419 miron.
638 5354 751 5434 Quodsi
781 5351 905 5415 effabilis
935 5357 980 5412 est
1002 5350 1200 5429 longitudine,
1234 5368 1310 5428 quac
1332 5351 1371 5412 ad
1394 5353 1552 5413 secandum
1573 5371 1644 5432 pro-

292 5449 417 5521 ponitur,
441 5453 540 5506 sectae
561 5462 631 5523 pers
652 5443 747 5519 major
768 5442 801 5501 tit
823 5447 961 5520 apotome
984 5445 1105 5515 quartae
1128 5441 1254 5516 speciei,
1279 5445 1309 5499 et
1329 5439 1485 5517 respondet
1507 5444 1535 5502 ei
1558 5442 1644 5503 bino·

290 5536 377 5596 minis
400 5533 531 5611 ejusdem
554 5540 675 5610 quartae
698 5530 816 5608 speciei,
841 5529 1007 5589 communia
1028 5544 1095 5588 cum
1117 5528 1182 5603 ipsa
1204 5527 1316 5587 habena
1331 5530 1458 5588 nomina
1490 5527 1549 5589 Sed
1571 5546 1644 5591 care

292 5622 486 5695 contunderis,
509 5638 578 5700 pars
601 5618 719 5697 quidem
740 5616 834 5693 major
857 5614 908 5675 illa
924 5611 1191 5675 dicitur'relatione
1214 5612 1253 5673 ad
1275 5617 1471 5691 propositam,
1495 5624 1526 5677 at
1542 5614 1646 5678 eadem

291 5716 428 5791 apotome
455 5709 505 5773 nic
532 5707 638 5771 dicitur
666 5719 726 5768 non
755 5703 898 5802 wenc
927 5701 966 5765 ad
993 5701 1191 5783 propositam,
1219 5701 1273 5764 sed
1304 5701 1487 5779 qualitativa
1531 5701 1645 5783 Quodsi

757 5817 776 5854 qt
