3684 7259
773 1702 836 1778 JO.
862 1702 1071 1778 nuruum

539 1864 847 1979 litlotlolt
882 1867 1034 1980 litlot!
1070 1855 1296 2000 itm

247 2087 297 2159 De
323 2086 501 2158 harmonio
531 2089 781 2175 perfectissimo
810 2095 964 2160 motuum
994 2088 1195 2160 coelestium
1223 2093 1373 2177 ortuque
1402 2107 1455 2159 er·
1474 2086 1598 2159 iisdem

272 2217 569 2311 eceeutricitatum
598 2219 1004 2309 semidiametrorumque
1032 2226 1067 2289 et
1095 2224 1287 2307 temporum
1306 2220 1571 2307 periodicorum.
1623 2218 1628 2232 ‘

246 2384 291 2443 Ad
321 2396 451 2446 normam
482 2385 630 2446 doetrinae
657 2373 869 2450 astronomicae
896 2386 1054 2447 hodiernae
1085 2380 1338 2447 emendatissimae
1359 2381 1597 2466 hypothesesque

246 2473 415 2550 Copemici,
451 2474 502 2534 sed
533 2479 561 2533 e't
591 2474 739 2552 Tyehonis
771 2476 893 2549 Brahei,
934 2494 1055 2551 quarum
1085 2474 1241 2534 alterutrae
1273 2474 1374 2549 hodie,
1408 2474 1598 2536 Ptolemalcis

527 2564 702 2639 antiquatis,
735 2573 766 2622 ut
789 2565 958 2624 verissimae
980 2562 1097 2640 publice
1119 2564 1308 2639 recipiuntur.

641 2715 791 2771 Galenus
810 2717 844 2772 de
863 2732 915 2770 usu
933 2716 1049 2785 partium
1068 2706 1136 2769 libro
1154 2714 1203 2769 111.

240 2822 329 2903 ‘lepor
362 2828 444 2905 loyor
476 2824 541 2903 ἐγω,
576 2849 629 2887 του
662 2833 919 2906 δημιουργησαηος
949 2821 1020 2904 ἡμας
1053 2821 1141 2904 ὕμνον
1174 2820 1315 2901 minitione
1348 2829 1514 2903 συντιθημι,
1551 2848 1596 2887 και
1620 2894 1624 2901 ,

247 2910 359 2988 popolo),
382 2909 457 2974 τουτ’
484 2912 554 2974 εἶναι
575 2937 628 2990 spo
650 2912 811 2990 εὐσεβειὶιν,
843 2912 907 2993 οὐχι
931 2914 954 2975 εὶ
976 2936 1093 2991 conpore
1121 2908 1282 2988 anutopssac
1310 2908 1404 2986 αὐτῳ,
1419 2914 1597 2985 peronellae

246 3006 455 3075 καταθνσαιμι,
487 3025 534 3062 και
556 3023 594 3060 τα
617 2998 697 3063 ἀλλα
718 3026 806 3078 poproc
832 3027 911 3080 propa
946 3009 1131 3075 θυμιασαιμι,
1146 3023 1193 3060 και
1216 3018 1332 3068 κασιας·
1363 2995 1429 3059 ἀλλ’
1457 2998 1481 3060 εἰ
1507 3023 1599 3077 prospe

244 3111 297 3162 pes
319 3084 425 3158 αὐτος,
455 3085 554 3150 ἔπειτα
585 3094 616 3148 oa
646 3114 692 3150 και
714 3085 774 3158 τοῖς
797 3087 898 3159 ἀλλοις
929 3087 1128 3168 ἐξηγησαιμην,
1159 3085 1220 3155 οἶος
1249 3109 1301 3159 μεν
1331 3083 1389 3146 ἐστι
1411 3109 1464 3163 την
1489 3102 1596 3164 copton

246 3173 337 3244 or'oere
360 3198 411 3252 up
432 3182 561 3248 occupor,
590 3172 690 3246 ὁποιος
713 3185 744 3239 δε
765 3201 816 3254 την
838 3200 1032 3256 χρηστοτητα,
1060 3198 1093 3234 το
1116 3197 1170 3255 γαρ
1202 3196 1314 3248 scopato
1344 3169 1457 3233 ἐθελειν
1472 3169 1595 3261 sr‘ruomr

245 3286 295 3325 eor
317 3261 500 3341 ἑνδεχομενον
523 3286 640 3337 nocuos,
664 3290 710 3326 και
731 3271 828 3344 ppo'eon
852 3271 975 3339 φθοτειν
997 3286 1054 3323 των
1076 3259 1211 3340 riparios,
1244 3285 1295 3338 της
1319 3262 1501 3339 τελειοτατης
1522 3286 1594 3341 χρη·

245 3373 381 3427 στοτητος
403 3347 455 3427 a'yor
472 3357 571 3429 δειγμα
587 3357 722 3425 silanus:
757 3377 803 3413 κιιι
824 3375 915 3432 ταυτῃ
930 3374 982 3425 μεν
1004 3346 1044 3419 ὡς
1058 3347 1170 3428 riparios
1193 3344 1257 3425 ἧμιν
1277 3344 1435 3427 opoerooo,
1457 3373 1491 3410 το
1515 3347 1538 3410 δ’
1555 3345 1595 3419 ὥς

245 3435 283 3498 (ἓν
303 3440 429 3511 μαλιστα
453 3444 616 3516 κοσμηθειη,
640 3462 697 3500 non
719 3438 853 3517 ἐξευρειν,
876 3437 971 3516 dapne
992 3460 1106 3519 σοφιας,
1130 3459 1164 3496 το
1180 3442 1210 3496 oe
1227 3459 1273 3496 και
1297 3442 1402 3513 operum
1425 3434 1514 3497 noe‘rr‘l'
1539 3431 1596 3499 ὅσα

666 3531 836 3607 npoerlero,
860 3534 1005 3600 δυναμεως
1027 3523 1182 3604 ἀηττητουῑ

873 3648 902 3697 Id
920 3656 968 3699 est:

246 3738 358 3796 Sacrum
383 3759 544 3809 sermonem,
571 3747 699 3816 hymnum
721 3747 780 3801 Deo
808 3748 947 3802 Conditori
969 3747 1136 3801 verissimum
1159 3745 1261 3812 ordior,
1285 3744 1414 3813 pietatem
1438 3746 1509 3800 hanc
1536 3761 1597 3801 esse

244 3825 334 3888 ratus,
365 3839 419 3876 non
452 3831 482 3878 ut
516 3825 691 3879 hecatombas
723 3824 760 3877 illi
794 3832 933 3879 taurorum
963 3826 1092 3896 plurimas
1122 3822 1271 3889 immolem,
1310 3824 1406 3878 odores
1439 3824 1597 3879 innumeros

245 3895 368 3951 adoleam
387 3910 415 3954 et
433 3903 547 3971 casiam,
567 3905 614 3959 sed
634 3914 664 3958 ut
683 3906 795 3972 primum
814 3906 872 3972 ipse
889 3905 1006 3970 discam,
1031 3911 1093 3972 post
1111 3911 1138 3957 et
1157 3911 1261 3958 ceteros
1282 3902 1405 3970 doceam,
1432 3908 1459 3955 et
1479 3909 1596 3969 quantus

245 3972 291 4028 ille
309 3976 345 4030 sit
363 3980 504 4048 sapientia,
525 3992 643 4050 quantus
662 3983 791 4051 potentia,
812 3993 839 4038 et
858 3983 946 4052 qualis
960 3984 1088 4038 bonitate.
1116 3983 1192 4036 Velle
1206 3984 1276 4035 enim
1289 3982 1376 4036 omnia
1389 3988 1490 4048 quanto
1503 3990 1598 4048 posset

246 4062 344 4107 ornatu
363 4056 501 4127 decorare,
520 4078 570 4115 nec
588 4062 637 4114 ulli
656 4063 795 4115 bonasus
814 4062 941 4122 invidero,
959 4062 986 4116 id
1006 4078 1056 4130 ego
1070 4061 1197 4115 bonitatis
1219 4059 1495 4113 consummatissimae
1515 4059 1595 4112 docu.

245 4142 364 4186 mentum
383 4145 490 4206 statuo,
518 4139 704 4208 hactenusque
731 4146 760 4193 ut
777 4140 876 4194 bonum
895 4141 1016 4208 eelebro;
1045 4141 1134 4193 omnia
1160 4155 1223 4191 vero
1242 4138 1372 4203 invenire,
1397 4136 1595 4206 quibusquam

246 4212 361 4265 maxime
380 4226 588 4286 exornarentur,
612 4220 838 4275 eminentissimae
858 4222 1019 4290 sapientiam
1044 4221 1133 4272 omnio
1152 4218 1278 4285 denique,
1303 4232 1372 4284 quae
1391 4222 1540 4283 statuerat,
1567 4216 1595 4270 in

608 4315 677 4371 opus
695 4301 856 4366 producere,
874 4301 1012 4370 potentiae
1031 4297 1230 4367 insuperabilis.

527 4450 611 4519 Cum
640 4451 674 4520 S.
703 4453 738 4521 C.
768 4452 807 4521 ll.
837 4452 1020 4538 Privilegio
1049 4450 1093 4519 ad
1122 4467 1228 4518 annos
1255 4446 1321 4518 XV.

420 4632 521 4681 utnon
540 4635 711 4685 AUSTRIAE.
748 4638 894 4685 Excudebat
909 4636 1039 4685 Jolranuos
1057 4633 1176 4694 Plancus,
1195 4646 1261 4680 auno
1279 4628 1419 4681 Mooxtx.

817 4829 1023 4838 *—

754 4966 1074 5050 Puoouurou.

332 5139 418 5215 Quod
442 5150 509 5201 ante
533 5142 606 5202 duos
629 5153 658 5205 et
678 5148 783 5222 ,viginti
807 5163 913 5219 annos,
946 5149 1069 5222 primum
1092 5153 1180 5223 atque
1203 5146 1310 5220 figuras
1333 5144 1461 5217 quinque
1484 5138 1594 5199 solidas

246 5230 320 5285 inter
344 5230 429 5287 orbes
452 5230 594 5290 coelestes
618 5236 718 5307 reperi,
743 5252 805 5291 snm
822 5242 992 5307 auguratus,
1018 5236 1097 5310 quod
1120 5235 1238 5292 firmiter
1253 5233 1350 5289 animo
1372 5230 1503 5305 persuasi
1519 5245 1594 5302 meo,

244 5317 413 5391 priusquam
437 5317 598 5378 Ptolemaei
621 5320 800 5378 Harmonice
823 5321 973 5393 vidissem,
997 5322 1074 5398 quod
1095 5321 1180 5380 titulo
1203 5321 1268 5379 libri
1291 5316 1378 5391 hujus
1402 5317 1495 5392 quinti
1519 5333 1595 5373 nun-

245 5410 361 5478 cupato,
385 5408 554 5482 priusquam
578 5407 613 5465 de
636 5426 666 5465 re
690 5412 753 5483 ipsa
777 5416 871 5468 certus
895 5427 1003 5481 essem,
1027 5410 1175 5485 pollicitus
1199 5425 1263 5467 snm
1287 5407 1397 5476 amicis,
1424 5403 1503 5479 quod
1527 5410 1595 5462 ante

245 5489 372 5549 sedecim
396 5511 488 5552 annos
512 5494 628 5571 publico
652 5499 759 5572 scripto
783 5497 981 5578 quaerendum
1006 5499 1166 5568 inculcavi,
1196 5495 1280 5571 enjus
1304 5509 1393 5550 eausa
1424 5494 1503 5549 vitae
1526 5508 1594 5567 par·

245 5577 302 5640 t'em
335 5582 474 5656 optimam
509 5584 710 5643 astronomicis
744 5585 1039 5664 contemplationibus
1070 5583 1214 5660 impendi,
1250 5580 1420 5659 Tyohonem
1448 5578 1595 5639 Brahoum
