3684 7259
317 1238 380 1298 ssa
560 1217 562 1219 ’
835 1233 1154 1292 casamassancia

317 1404 419 1477 allegat
437 1409 585 1475 multisque
605 1408 735 1478 exemplis
754 1409 903 1479 confirmat,
922 1412 1071 1466 commanis
1091 1411 1198 1479 quidam
1216 1424 1305 1464 rerum
1324 1408 1412 1463 nodus
1431 1407 1597 1475 habebatur3
1616 1408 1667 1462 hoe
1728 1469 1732 1475 ,

317 1494 406 1541 tamma
429 1488 500 1542 inter
523 1488 585 1542 illos
608 1488 751 1543 discrimen
774 1499 828 1551 ost,
856 1490 929 1557 quod
955 1490 1123 1559 Pythagoras
1149 1489 1257 1557 quidem
1282 1488 1361 1541 tinius
1384 1487 1514 1556 simplicis
1538 1485 1667 1559 diapason

315 1566 458 1621 intervalla
484 1576 586 1636 septem
614 1568 762 1624 admiratus
786 1569 967 1638 dignatusque
986 1578 1041 1636 est,
1070 1568 1241 1622 Ptolemaeus
1266 1585 1345 1635 vero,
1376 1558 1521 1638 angustum
1540 1565 1667 1619 mundum

316 1643 374 1700 fieri
393 1661 521 1716 cerneus,
547 1648 575 1701 in
594 1648 718 1716 ampliori
740 1655 887 1718 systemate
911 1649 1027 1717 duplicis
1053 1656 1164 1702 octavae
1189 1647 1372 1714 septenarium
1391 1652 1481 1699 tamen
1507 1650 1535 1697 et
1553 1644 1611 1712 ipse
1630 1643 1667 1694 in·

317 1723 390 1776 venit
406 1740 533 1779 souomm
553 1725 697 1780 stabilium.
734 1729 771 1780 at
788 1743 848 1782 eum
867 1743 901 1782 ne
919 1729 959 1782 sic
977 1727 1084 1796 quidem
1104 1727 1170 1780 satis
1188 1725 1306 1794 amplum
1320 1723 1368 1777 fiat
1381 1724 1474 1777 mundi
1488 1721 1668 1788 intervalium,

315 1801 466 1872 elegantior
490 1806 597 1857 omnino
623 1815 650 1858 et
673 1808 863 1873 mysteriorum
886 1806 1002 1861 fertilior
1027 1807 1132 1861 censeri
1164 1812 1256 1874 potest
1283 1803 1449 1871 comparatio
1477 1800 1668 1870 Pythagorica,

316 1898 396 1951 quum
415 1883 589 1938 Ptolemaiou.
626 1884 676 1938 ille
700 1886 770 1939 enim
789 1897 894 1954 septem
918 1888 1027 1941 omuino
1051 1887 1188 1941 naturalia
1205 1892 1344 1950 numerat,
1370 1884 1422 1937 iste
1445 1889 1551 1951 septem
1574 1897 1670 1951 magna

316 1978 351 2017 ex
373 1972 451 2031 parte
477 1965 632 2031 arbitraria,
659 1971 689 2018 ut
713 1964 741 2017 in
764 1964 835 2019 notis
859 1965 1001 2033 explicavi.
1047 1966 1118 2020 Satis
1146 1964 1180 2019 de
1205 1963 1408 2032 comparatione
1433 1960 1583 2016 Ptolemaei
1609 1977 1669 2014 cum

316 2041 479 2111 Pythagora.
1273 2110 1274 2113 Ἴ

249 2182 251 2192 ,
403 2122 500 2176 Restat
523 2130 554 2177 ut
577 2139 637 2176 mea
662 2123 743 2176 etiam
767 2122 877 2177 inventa
900 2140 960 2177 cum
979 2122 1151 2178 Ptolonraicis
1175 2136 1336 2189 comparem.
1372 2120 1491 2174 Primum
1510 2120 1594 2188 igitur
1616 2134 1670 2172 non

316 2216 428 2268 possum
447 2217 501 2255 nou
520 2200 656 2256 celebrare
675 2202 791 2256 divinam
810 2203 889 2269 quasi
908 2202 1040 2271 virgulam
1060 2202 1091 2256 in
1109 2201 1260 2255 Ptolemaei
1279 2208 1307 2254 et
1323 2200 1496 2270 Pythagorae
1519 2197 1669 2265 conatibus,

317 2280 390 2347 quod
413 2288 579 2348 statuerunt,
607 2291 733 2349 oportere
758 2295 819 2335 esse
842 2282 959 2349 aliquem
983 2282 1176 2351 archetypum,
1203 2297 1237 2335 ex
1261 2297 1315 2348 quo
1339 2296 1394 2333 non
1412 2285 1518 2333 tantum
1541 2289 1669 2331 numerus

317 2358 493 2427 sphaerarum
512 2360 677 2427 coelestium,
697 2360 745 2415 sed
765 2361 845 2414 etiam
865 2360 1030 2425 singularum
1049 2361 1247 2426 magnitudines
1267 2374 1314 2413 seu
1328 2360 1518 2428 proportiones
1537 2356 1619 2410 anina
1637 2353 1670 2409 ad

317 2436 430 2491 alteram
449 2438 549 2493 fuerint
567 2438 714 2494 desumtae.
751 2438 868 2492 Axioma
887 2439 1006 2492 divinum
1025 2448 1079 2501 est,
1105 2439 1303 2507 quodquidam
1321 2438 1386 2492 mihi
1405 2437 1537 2492 cumillis
1556 2435 1670 2491 auctori·

238 2535 240 2541 ·
316 2515 367 2570 bas
393 2518 571 2572 communiter
593 2517 749 2586 praelucet;
779 2517 811 2570 de
836 2524 927 2579 cetero
952 2517 1096 2571 dividimur.
1141 2517 1266 2573 Secundo
1292 2517 1362 2571 euim
1392 2516 1521 2571 coelestia
1540 2515 1603 2582 ipsa
1624 2529 1670 2568 seu

316 2615 346 2647 ro
365 2594 403 2646 bu
422 2594 555 2648 rationem
573 2595 646 2664 apud
659 2610 701 2648 me
720 2596 822 2650 habent
840 2594 1071 2663 expeditissimam
1086 2611 1119 2650 ex
1131 2596 1290 2664 Copernieo,
1311 2611 1360 2648 nec
1379 2594 1435 2648 ulla
1453 2594 1515 2648 talis
1535 2593 1626 2662 qualis
1643 2592 1670 2645 in

317 2671 473 2727 Ptolemaeo
492 2681 618 2741 superest
635 2673 795 2742 haesitatio,
813 2689 903 2741 usque
922 2673 956 2727 de
974 2690 1099 2741 numero,
1118 2689 1208 2741 neque
1227 2675 1260 2729 do
1278 2674 1384 2736 ordine,
1411 2689 1499 2742 nequo
1519 2672 1553 2727 de
1571 2671 1670 2739 magni·

314 2750 420 2807 tudine.
456 2752 525 2806 Nam
544 2752 570 2805 in
590 2753 756 2808 astronomia
776 2751 916 2819 Cupernici
935 2752 1067 2820 sphaerae
1087 2752 1224 2807 mobilium
1249 2760 1314 2807 sunt
1332 2768 1443 2807 numero
1463 2768 1525 2806 sex:
1550 2769 1605 2806 una
1624 2752 1670 2807 Sa·

315 2830 397 2898 turni,
417 2845 478 2884 cum
496 2833 643 2899 parastatis
660 2831 775 2897 duobus,
795 2830 946 2898 ahalaria,
966 2846 1027 2884 cum
1040 2829 1203 2885 satellitibus
1213 2840 1339 2900 quatuor,
1359 2832 1438 2887 tertia
1450 2831 1556 2899 Martis,
1577 2837 1673 2900 quarta

320 2907 436 2963 Telluris
455 2926 516 2964 cunr
535 2910 621 2977 iruna,
640 2909 734 2978 quinta
752 2908 874 2975 Veneris,
893 2914 973 2963 sexta
990 2909 1130 2975 Mercurii,
1155 2925 1271 2978 quarum
1290 2909 1409 2964 omnium
1427 2918 1551 2966 centrum
1569 2909 1672 2963 obtinet

301 2984 372 3041 'Sol
408 2988 478 3042 Nam
496 2989 548 3042 etsi
566 2988 696 3057 sphaeras
715 2988 814 3043 solidas
832 2987 921 3041 verior
939 2986 1098 3042 coelestium
1116 3003 1205 3043 rerum
1225 2987 1368 3058 disciplina
1385 2989 1487 3055 nescit,
1513 2987 1561 3041 illa
1579 2984 1670 3041 tamen

318 3066 442 3136 regiones
461 3066 617 3135 sphaericos
641 3081 690 3134 pro
709 3067 822 3136 singulis
845 3067 963 3136 planetis
985 3066 1107 3137 singulas
1132 3067 1247 3136 largitur
1268 3069 1340 3123 ultro
1359 3068 1516 3137 stabilitque
1541 3074 1570 3121 et
1587 3065 1672 3119 munit

319 3143 480 3201 indubitatis
499 3146 673 3215 argumentis.
796 3191 797 3196 ,
1347 3190 1350 3199 .

405 3223 497 3278 Tertio
523 3224 690 3295 singulorum
714 3223 884 3293 planetarum
907 3225 1040 3294 sphaerae
1068 3225 1142 3294 apud
1167 3225 1352 3279 Ptolemaeum
1382 3232 1446 3280 sunt
1472 3223 1609 3291 implexae
1635 3220 1672 3273 in·

318 3301 569 3369 aequalissimarum
588 3305 795 3373 proportionum
815 3302 943 3371 epieyclis
962 3304 1076 3372 aliisque
1102 3302 1311 3372 particularibus
1331 3302 1457 3369 orbibus3
1481 3301 1554 3369 apud
1573 3301 1672 3377 Copor-

318 3380 407 3440 nicum
435 3382 515 3436 unico
533 3383 651 3438 Telluris
678 3391 752 3437 motu
779 3383 851 3439 circa
874 3382 963 3437 Solem
991 3383 1124 3452 sphaerae
1142 3399 1234 3437 omnes
1254 3382 1323 3436 fiunt
1341 3381 1563 3450 simplicissimae.
1600 3378 1672 3434 Nihil

317 3459 399 3526 igitur
416 3459 547 3514 habemus
566 3459 593 3514 in
612 3462 693 3516 rebus
711 3462 792 3531 ipsis,
819 3476 934 3529 quarum
959 3477 1059 3516 causae
1077 3461 1256 3529 inquirendae
1274 3464 1351 3527 sunt,
1379 3476 1433 3528 quo
1452 3459 1486 3513 de
1508 3459 1670 3515 dubitemus.

319 3534 362 3590 Illi
388 3551 451 3589 vero
477 3543 582 3592 veteres
602 3538 681 3593 simul
709 3551 736 3594 et
759 3557 803 3595 res
828 3545 860 3594 et
881 3557 979 3595 causas
1001 3558 1091 3596 rerunt
1114 3540 1278 3608 conjecturis
1301 3539 1368 3593 alias
1396 3538 1477 3592 aliter
1500 3538 1671 3605 indagarunt,

308 3607 396 3685 'quasi
414 3614 550 3669 somonam
568 3617 739 3689 invocantes,
765 3619 888 3675 destituti
907 3636 1052 3688 corporum
1071 3628 1099 3674 et
1117 3620 1221 3675 ordinis
1240 3619 1407 3689 experientia
1430 3618 1536 3686 sensili,
1560 3618 1613 3672 hoc
1631 3624 1672 3671 est

320 3694 510 3750 astronomica.
971 3705 973 3709 ’

405 3789 522 3857 Quarto,
543 3793 614 3859 qnod
630 3793 687 3860 jam
707 3794 804 3849 attinet
823 3796 1001 3864 archetypum
1020 3796 1108 3864 ipsum
1129 3813 1218 3850 rerum
1238 3795 1409 3863 coelestium,
1435 3796 1480 3849 hic
1499 3794 1671 3849 Ptolemaeus

319 3870 385 3927 nihil
404 3869 519 3924 divinius
537 3870 646 3939 invenit,
666 3890 745 3942 quam
765 3875 887 3943 politiam
901 3892 990 3929 rerum
1002 3871 1227 3941 harmonicorum,
1248 3891 1336 3944 neque
1348 3883 1447 3942 tamen,
1468 3890 1501 3927 ex
1516 3890 1570 3942 quo
1584 3887 1671 3927 rerum

318 3964 417 4024 genere
434 3947 482 4001 illa
499 3948 595 4018 politia
613 3952 770 4007 harmonica
788 3955 914 4022 primitus
934 3961 1008 4008 esset
1026 3962 1101 4021 orta,
1127 3953 1287 4021 perquisivit
1305 3959 1444 4015 accurate,
1470 3958 1618 4006 contentus
1634 3949 1671 4004 la-

319 4032 392 4088 milia
410 4042 582 4082 numerorum
601 4046 635 4084 ex
654 4030 778 4085 doctrina
796 4032 989 4100 Pythagorica;
1014 4031 1108 4101 itaque
1131 4031 1178 4085 uni
1201 4038 1228 4085 et
1247 4030 1332 4085 eidem
1351 4030 1492 4100 systemati
1517 4030 1671 4084 harmonico

320 4113 373 4167 tria
391 4114 436 4168 illa
455 4110 537 4173 (inter
554 4108 617 4174 alia)
636 4111 783 4178 praecipua
801 4111 926 4178 interque
944 4126 975 4164 se
994 4110 1122 4164 distincta
1138 4109 1322 4177 comparanda
1336 4109 1455 4164 censuit:
1478 4111 1503 4171 l)
1523 4109 1672 4178 configura·

319 4191 420 4260 tiones,
448 4192 477 4251 2>
495 4187 638 4257 sphaeras,
664 4190 694 4256 3)
713 4197 811 4244 motus.
848 4190 907 4256 Ego
926 4204 990 4243 vero
1009 4190 1201 4257 considerans,
1230 4189 1297 4243 baec
1319 4190 1379 4257 ipsa
1398 4189 1450 4242 tria
1475 4203 1536 4242 esse
1555 4188 1628 4242 inter
1645 4202 1672 4241 se

320 4271 516 4336 diversissima,
541 4267 663 4323 diversos
686 4269 766 4323 etiam
785 4269 818 4322 iis
836 4268 1018 4336 archetypos,
1043 4266 1150 4321 diversa
1168 4266 1335 4334 exemplaria
1360 4267 1510 4321 constituta
1528 4281 1591 4321 esse
1615 4282 1672 4321 sum

321 4351 476 4406 arbitratus.
515 4349 551 4401 Et
575 4347 647 4401 eirca
669 4348 897 4417 configurationes
924 4347 1032 4415 quidem
1057 4346 1180 4415 proxime
1198 4345 1300 4400 accessi
1325 4345 1360 4398 ad
1378 4344 1527 4399 Ptolemaei
1550 4352 1672 4414 conatus,

321 4431 481 4485 ostendens.
507 4442 561 4481 non
587 4426 694 4493 quidem
718 4441 752 4480 ex
775 4428 880 4494 integro
905 4425 1080 4494 disdiapason
1106 4432 1254 4495 systemate
1275 4424 1377 4478 musico
1402 4440 1462 4477 cum
1483 4423 1585 4479 circulo
1603 4436 1673 4479 com·

320 4515 428 4577 parato,
448 4513 479 4560 ut
495 4504 554 4573 ille,
574 4505 623 4558 said
643 4522 675 4556 er
695 4504 799 4559 ratione
818 4505 958 4560 divisionis
977 4505 1071 4559 circuli
1090 4512 1118 4558 et
1136 4520 1170 4559 ex
1190 4502 1305 4573 simplici
1324 4504 1455 4572 diapason
1478 4520 1540 4557 cum
1559 4505 1674 4560 semicir-

320 4584 383 4643 culo
401 4592 571 4653 comparato:
599 4600 646 4635 cur
664 4589 693 4637 et
709 4584 738 4638 in
757 4593 853 4654 natura
872 4582 1101 4652 configurationes
1119 4582 1191 4636 inter
1207 4582 1327 4638 infinitas
1350 4599 1454 4652 paucae
1472 4590 1566 4640 essent
1585 4580 1674 4641 effica-

321 4656 379 4732 ces‚
405 4671 434 4719 et
450 4664 483 4718 iu
495 4662 599 4718 musica
617 4660 704 4716 simile
729 4663 793 4729 quid
818 4663 889 4717 eirca
908 4661 1100 4716 consonantias
1120 4663 1263 4717 accideret.
1300 4665 1360 4719 Hoc
1378 4664 1460 4733 igitur
1485 4661 1673 4733 argumentum

320 4741 374 4800 fuit
391 4744 444 4798 mei
462 4742 523 4797 libri
541 4742 631 4811 quarti
649 4741 882 4796 Harmonicornm.
919 4740 998 4795 Circa
1016 4755 1079 4794 vero
1098 4740 1204 4807 reliqua
1222 4741 1284 4811 duo,
1304 4744 1434 4812 sphaeras
1452 4745 1605 4800 scilicaet
1622 4760 1673 4798 me

320 4831 374 4893 tus,
394 4824 433 4878 sic
452 4837 503 4891 ego
522 4837 582 4876 sam
600 4820 788 4884 ratiocinatus,
807 4817 920 4874 eandem
939 4825 1065 4887 oportere
1078 4819 1281 4887 proportionem
1295 4838 1356 4877 esse
1369 4823 1587 4896 archetyporum,
1607 4839 1674 4893 quaa

320 4910 362 4957 est
379 4917 468 4957 rernm
487 4902 620 4970 ipsarum,
647 4916 699 4954 nec
717 4906 875 4968 utrumque,
901 4905 957 4953 tam
983 4898 1114 4965 sphaeras
1134 4916 1214 4966 quam
1233 4907 1334 4968 motus,
1360 4902 1447 4956 eidem
1466 4903 1505 4956 rei
1524 4902 1674 4972 comparari

320 4979 449 5050 legitime.
488 4982 554 5034 Cum
574 4980 644 5033 enirn
663 4977 875 5048 perpenderem,
903 4976 1097 5045 proportiones
1123 4993 1175 5033 uec
1193 4995 1227 5035 ex
1260 4980 1378 5035 humana
1395 4983 1500 5037 musica
1521 4982 1551 5036 in
1570 4982 1674 5038 coelum

322 5061 442 5128 venisse,
465 5076 515 5114 nee
534 5074 568 5112 ex
586 5058 662 5113 coelo
680 5058 708 5111 in
727 5057 873 5123 musicam,
891 5055 941 5109 sed
960 5056 989 5107 in
1008 5063 1152 5124 utrumque
1172 5073 1205 5111 ex
1225 5058 1326 5113 circulo
1345 5059 1497 5129 abstracto,
1521 5059 1626 5116 scilieet
1642 5076 1674 5115 ex

320 5138 480 5207 geometria:
508 5137 612 5191 foribus
638 5137 721 5205 igitur
743 5135 907 5203 geometriae
932 5134 1048 5202 apertis,
1073 5136 1129 5202 jam
1156 5138 1281 5205 potiebar
1302 5140 1432 5193 thesauro
1456 5132 1548 5195 omnis'
1570 5140 1674 5207 generis

320 5216 449 5286 idearum,
467 5217 561 5287 figuris
581 5216 684 5270 scilicet
702 5226 756 5269 tam
775 5214 878 5283 solidis,
897 5230 979 5281 quam
998 5212 1094 5281 planis.
1131 5217 1169 5269 Et
1187 5216 1290 5270 solidae
1311 5217 1420 5285 quidem
1438 5216 1542 5285 figurae
1560 5218 1673 5285 pulchre

320 5297 521 5365 respondebant
540 5297 700 5364 corporibus
719 5294 826 5363 solidis,
851 5294 949 5363 planae
975 5309 1039 5347 vero
1066 5310 1209 5362 corporum
1228 5294 1429 5363 affectionibus,
1458 5297 1497 5349 sic
1516 5297 1673 5365 superficies

321 5373 463 5448 sphaerica
481 5374 548 5430 locis
567 5390 615 5427 sea
635 5373 730 5442 spatiis
748 5371 920 5442 planetarum
939 5371 1113 5426 dimensionis
1133 5373 1244 5443 solidae,
1266 5374 1353 5431 lineae
1371 5389 1435 5428 vero
1453 5373 1603 5430 circulares
1621 5390 1673 5429 mo·

322 5452 403 5523 tibus.
441 5453 478 5507 Et
495 5450 692 5522 superficiebus
711 5451 819 5519 quidem
838 5451 988 5519 sphaericis
1006 5450 1115 5505 inscribi
1133 5452 1370 5522 circumscribique
1395 5453 1497 5521 figuras
1516 5452 1620 5515 solidas
1638 5452 1673 5506 vi·

321 5532 431 5599 (lebam,
455 5530 563 5604 arculis
582 5543 647 5606 voro
664 5530 766 5599 figuras
784 5530 888 5599 planas.
926 5529 967 5581 lbi
985 5544 1020 5583 ex
1038 5528 1108 5583 binis
1127 5530 1334 5599 quibuscunque
1353 5532 1477 5601 orbibus,
1505 5532 1554 5587 uni
1571 5532 1673 5603 figurae

321 5609 478 5678 adscriptis,
506 5607 662 5664 oriebantur
679 5610 871 5678 proportiones
888 5616 980 5663 certae
999 5608 1118 5678 orbium,
1144 5609 1188 5665 hic
1214 5627 1248 5665 ex
1266 5611 1412 5679 figurarum
1436 5610 1464 5665 in
1484 5611 1618 5667 circulum
1635 5610 1672 5665 in·

321 5685 469 5754 scriptione
492 5685 667 5755 inpartibus
691 5688 784 5756 circuli
806 5686 928 5744 sectione
952 5690 1108 5743 constitutis
1133 5689 1256 5745 videbam
1283 5702 1427 5759 expressas
1455 5696 1484 5744 et
1509 5692 1672 5764 constitutas
