3684 7259
800 1999 1044 2156 retentu
1148 2199 1151 2204 ⁶

469 2318 471 2325 .
549 2263 604 2334 nd
632 2256 857 2336 Harmonices
885 2260 1003 2344 Mundi
1031 2262 1171 2337 Librum
1201 2254 1292 2356 Ψ)

845 2426 994 2490 Continent
1048 2475 1051 2480 ,

380 2571 423 2632 ct
449 2571 610 2632 Ptolemaei
635 2570 878 2634 Harmoniconrm
901 2573 1009 2633 librum
1030 2571 1086 2633 llI.
1105 2593 1124 2634 a
1146 2590 1210 2651 cap.
1234 2571 1289 2637 111.
1313 2570 1351 2633 ad
1373 2572 1469 2633 finem.
1525 2605 1528 2610 ·

234 2759 397 2829 interprete
415 2759 433 2813 J
441 2773 548 2812 oanne
566 2757 731 2828 Kepiero,
750 2776 767 2813 a
785 2774 839 2828 qno
858 2759 940 2814 etiam
957 2758 1010 2816 tria
1027 2759 1123 2817 mtima
1141 2760 1231 2830 capita
1248 2758 1319 2828 libri,
1338 2776 1452 2842 qnorum
1470 2760 1597 2816 lemmata

308 2894 382 2920 J„
425 2846 483 2900 sola
502 2844 674 2900 Ptolemaeus
692 2846 810 2915 reliquit
829 2846 904 2902 velut
922 2862 957 2902 ex
976 2856 1067 2904 mente
1085 2847 1234 2903 Ptolemaei
1251 2848 1422 2919 supplentur.

245 2985 311 3041 cnm
329 2986 402 3040 uotis
420 3001 468 3040 eeu
487 2985 685 3040 commentariis
703 2984 825 3055 ejusdem
842 2986 1014 3063 interspersis
1033 2993 1081 3042 ant
1103 2994 1167 3057 post
1185 2956 1267 3044 linem
1283 2987 1381 3057 capitis
1401 2986 1533 3056 cujusque
1551 2987 1596 3042 ad-

240 3073 337 3142 jectio,
356 3072 455 3142 quibus
473 3080 568 3127 auctor
593 3071 635 3126 rel
660 3072 813 3141 explicatur
830 3072 874 3127 rei
896 3072 1046 3142 refutatur,
1073 3074 1115 3130 rel
1142 3072 1201 3141 ejus
1218 3074 1327 3130 inventa
1346 3091 1407 3130 cum
1424 3074 1599 3145 praecedenti

619 3175 700 3231 opere
718 3160 893 3216 Harmonices
910 3161 1007 3226 Mundi
1025 3168 1225 3230 comparantur.

926 3305 1020 3356 Seneca
1037 3303 1094 3355 Nat.
1113 3308 1206 3367 quaest.
1224 3301 1270 3356 lib.
1289 3303 1344 3353 vn.
1363 3318 1418 3367 cap.
1437 3300 1549 3358 25-31.

415 3442 510 3497 Veniet
527 3447 639 3511 amma,
657 3456 711 3511 qno
805 3442 879 3512 qnod
896 3447 1012 3511 quaeat
1027 3441 1118 3498 utam
1133 3440 1252 3497 monam
1268 3440 1367 3497 nonen
1384 3446 1432 3497 etc.

462 3654 465 3659 -
526 3610 612 3680 oum
639 3580 673 3680 s'.
703 3610 739 3679 c.
767 3606 807 3680 u.
823 3607 1021 3699 renuens
1047 3610 1095 3682 au
1122 3627 1230 3682 annos
1256 3609 1323 3681 xv.

643 3750 674 3844 n.
694 3794 831 3843 excudebat
848 3792 877 3842 ll.
895 3792 927 3846 ll.
963 3794 1038 3845 Anno
1055 3792 1197 3846 unum.
1263 3787 1266 3798 ’

817 4039 1025 4050 ι-ι-ι--ι-

784 4270 786 4274 ·
815 4241 956 4314 CAPUT
983 4240 1035 4311 ΙΙΙ.

322 4387 388 4441 Sub
408 4386 496 4455 quod
514 4401 622 4441 rerum
641 4400 749 4456 genus
765 4383 947 4440 referende
965 4383 1011 4439 sit
1028 4388 1153 4466 natura
1170 4397 1230 4440 sen
1249 4383 1300 4438 vis
1318 4381 1521 4442 harmonica

731 4473 878 4543 ejusque
902 4470 1099 4527 scientia.1)

335 4617 421 4694 Quod
451 4621 541 4695 igitur
568 4628 674 4678 natura
695 4618 881 4678 harmonicae
910 4617 1187 4693 contemperationis
1209 4612 1260 4690 Π),
1292 4633 1380 4693 quarn
1408 4616 1467 4678 late
1496 4624 1598 4694 patent

244 4708 311 4781 jura
334 4717 437 4766 cantus
460 4708 591 4767 conmuni
613 4710 656 4765 sie
680 4706 760 4785 dicti,
781 4709 843 4765 suis
866 4706 988 4783 propriis
1011 4704 1246 4783 proportionibus
1270 4705 1422 4780 atquibus
1438 4707 1597 4772 lisanum·
1685 4730 1688 4738 ·

245 4794 386 4870 quodque
410 4792 611 4853 contineatur:¹
638 4796 772 4853 existimo
795 4794 834 4853 ad
862 4793 983 4869 longum
1005 4802 1036 4852 et
1057 4791 1235 4852 suffimenter
1257 4810 1276 4855 a
1297 4809 1343 4851 me
1366 4791 1595 4851 demonsmtnm

247 4883 352 4956 inisse,
377 4890 408 4940 ut
431 4884 537 4958 siquis
559 4899 647 4958 super
662 4883 880 4959 suppositorum
900 4880 1137 4958 probabilitatem
1152 4881 1240 4938 etiam
1255 4879 1421 4955 regularum
1440 4876 1500 4953 Ν),
1523 4895 1597 4955 quas

247 4969 348 5029 ordine
372 4986 425 5028 sno
449 4969 638 5043 audiuimus,
662 4986 747 5028 usum
771 4969 920 5048 explorare
945 4980 975 5029 et
990 4985 1084 5046 opere
1108 4970 1172 5047 ipsu
1196 4969 1321 5043 experiri
1343 4966 1495 5041 studuerit,
1518 4961 1596 5044 apud

246 5056 324 5117 bunc
345 5056 428 5116 nulla
449 5075 602 5133 superesse
625 5054 720 5133 possit
740 5057 907 5131 haesitatio,
931 5057 1001 5132 quin
1025 5072 1075 5132 per
1090 5071 1191 5115 omnes
1207 5055 1271 5130 ejus
1293 5056 1407 5129 specics
1421 5049 1598 5116 sufficienter
1633 5100 1638 5111 .

246 5147 353 5205 noscis
376 5145 614 5204 conclusionibus
637 5152 808 5204 attestatum
828 5161 947 5203 sensum
970 5142 1089 5202 auditus
1111 5138 1344 5217 deprehenderit.

332 5248 402 5299 Nota
418 5245 440 5299 1.
476 5244 544 5297 Cum
567 5244 708 5311 ambiguae
731 5243 786 5296 sint
809 5256 890 5297 voces
913 5256 1020 5309 genus
1044 5255 1151 5295 rernm
1175 5245 1203 5294 et
1219 5239 1260 5294 ria
1279 5254 1327 5295 sen
1345 5239 1499 5318 incultas
1517 5242 1596 5297 bar·

246 5323 378 5379 monica
404 5330 432 5377 et
459 5330 581 5376 natura
608 5320 949 5389 contemperationis
976 5318 1205 5389 harmonicae,
1233 5334 1288 5388 qua
1306 5312 1374 5376 voce
1399 5335 1451 5392 ego
1475 5322 1598 5392 expressi
1646 5321 1650 5329 '

246 5417 371 5470 graecam
394 5422 441 5455 m
458 5402 636 5478 ἢρμοσμυνου,
663 5400 727 5460 hinc
753 5399 922 5454 occasionem
950 5412 1002 5468 ego
1028 5396 1112 5453 sumsi
1139 5397 1343 5454 scribendarum
1370 5401 1489 5472 priorum
1514 5401 1601 5456 trium·

245 5479 292 5536 lib.
311 5481 357 5535 tv.
375 5480 505 5549 capitum.
541 5479 813 5550 Namcumqnaerit
830 5476 1020 5548 Ptolemaeus,
1046 5475 1079 5532 in
1107 5492 1172 5546 quo
1199 5477 1596 5551 genereportendsbar-
1697 5489 1703 5500 ·

246 5562 391 5630 monice,
418 5558 461 5613 vel
480 5561 514 5614 dc
530 5557 688 5616 definitione
705 5557 811 5628 quaerit
836 5555 1018 5622 harmoniam,
1046 5556 1111 5627 quia
1133 5571 1220 5625 genus
1238 5555 1421 5613 definitionem
1438 5551 1596 5628 inm-icitur,

247 5638 289 5693 rel
308 5640 341 5694 lo
360 5638 508 5708 subiectis,
535 5629 569 5695 in‘
582 5638 680 5707 quibus
698 5637 854 5692 barmoniae
880 5633 1085 5691 accidentaliter
1109 5635 1218 5702 insunt,
1245 5637 1284 5691 sic
1300 5642 1334 5692 ut
1349 5650 1439 5704 neque
1456 5635 1597 5746 barranum
