<?xml version="1.0" encoding="UTF-8"?>
<!DOCTYPE html PUBLIC "-//W3C//DTD XHTML 1.0 Transitional//EN"
    "http://www.w3.org/TR/xhtml1/DTD/xhtml1-transitional.dtd">
<html xmlns="http://www.w3.org/1999/xhtml" xml:lang="en" lang="en">
 <head>
  <title>
</title>
<meta http-equiv="Content-Type" content="text/html;charset=utf-8" />
  <meta name='ocr-system' content='tesseract 3.04.00' />
  <meta name='ocr-capabilities' content='ocr_page ocr_carea ocr_par ocr_line ocrx_word'/>
</head>
<body>
  <div class='ocr_page' id='page_1' title='image "./joanniskepleria09frisgoog/joanniskepleria09frisgoog_0109.png"; bbox 0 0 3684 7259; ppageno 0'>
   <div class='ocr_carea' id='block_1_1' title="bbox 1435 1206 3215 1313">
    <p class='ocr_par' dir='ltr' id='par_1_1' title="bbox 1435 1206 3215 1313">
     <span class='ocr_line' id='line_1_1' title="bbox 1435 1206 3215 1313; baseline 0 -50"><span class='ocrx_word' id='word_1_1' title='bbox 1435 1207 1919 1266; x_wconf 74' lang='lat' dir='ltr'>Demonstratione.</span> <span class='ocrx_word' id='word_1_2' title='bbox 1989 1208 2153 1266; x_wconf 82' lang='lat' dir='ltr'>Liber</span> <span class='ocrx_word' id='word_1_3' title='bbox 2184 1207 2228 1264; x_wconf 87' lang='lat'>1.</span> <span class='ocrx_word' id='word_1_4' title='bbox 2647 1297 2654 1304; x_wconf 30' lang='lat'>¹</span> <span class='ocrx_word' id='word_1_5' title='bbox 2745 1224 2749 1228; x_wconf 88' lang='lat'>·</span> <span class='ocrx_word' id='word_1_6' title='bbox 3081 1206 3162 1300; x_wconf 59' lang='lat'>99</span> <span class='ocrx_word' id='word_1_7' title='bbox 3193 1298 3215 1313; x_wconf 52' lang='grc'><strong>.</strong></span> 
     </span>
    </p>
   </div>
   <div class='ocr_carea' id='block_1_2' title="bbox 481 1381 3231 2882">
    <p class='ocr_par' dir='ltr' id='par_1_2' title="bbox 481 1381 3231 2882">
     <span class='ocr_line' id='line_1_2' title="bbox 654 1381 2134 1453; baseline 0.002 -17"><span class='ocrx_word' id='word_1_8' title='bbox 654 1381 819 1437; x_wconf 85' lang='lat' dir='ltr'>Secto</span> <span class='ocrx_word' id='word_1_9' title='bbox 854 1384 995 1439; x_wconf 87' lang='lat' dir='ltr'>enim</span> <span class='ocrx_word' id='word_1_10' title='bbox 1029 1384 1227 1452; x_wconf 80' lang='lat' dir='ltr'>angulo</span> <span class='ocrx_word' id='word_1_11' title='bbox 1266 1382 1412 1440; x_wconf 78' lang='lat' dir='ltr'>AFG</span> <span class='ocrx_word' id='word_1_12' title='bbox 1446 1382 1501 1439; x_wconf 90' lang='lat' dir='ltr'>in</span> <span class='ocrx_word' id='word_1_13' title='bbox 1529 1383 1673 1442; x_wconf 77' lang='lat' dir='ltr'>duas</span> <span class='ocrx_word' id='word_1_14' title='bbox 1719 1391 1902 1453; x_wconf 82' lang='lat' dir='ltr'>partes</span> <span class='ocrx_word' id='word_1_15' title='bbox 1938 1398 2134 1452; x_wconf 87' lang='lat' dir='ltr'>aequa·</span> 
     </span>
     <span class='ocr_line' id='line_1_3' title="bbox 481 1457 2146 1531; baseline 0.002 -18"><span class='ocrx_word' id='word_1_16' title='bbox 481 1457 561 1513; x_wconf 77' lang='lat' dir='ltr'>lea</span> <span class='ocrx_word' id='word_1_17' title='bbox 611 1476 713 1529; x_wconf 87' lang='lat' dir='ltr'>per</span> <span class='ocrx_word' id='word_1_18' title='bbox 747 1462 840 1519; x_wconf 85' lang='lat' dir='ltr'>FO</span> <span class='ocrx_word' id='word_1_19' title='bbox 889 1463 1084 1519; x_wconf 87' lang='lat' dir='ltr'>lineam</span> <span class='ocrx_word' id='word_1_20' title='bbox 1134 1462 1309 1531; x_wconf 86' lang='lat' dir='ltr'>(Eucl.</span> <span class='ocrx_word' id='word_1_21' title='bbox 1348 1463 1390 1517; x_wconf 90' lang='lat'>1.</span> <span class='ocrx_word' id='word_1_22' title='bbox 1440 1464 1520 1530; x_wconf 75' lang='lat'>9),</span> <span class='ocrx_word' id='word_1_23' title='bbox 1562 1469 1721 1518; x_wconf 86' lang='lat' dir='ltr'>eruut</span> <span class='ocrx_word' id='word_1_24' title='bbox 1764 1460 1941 1527; x_wconf 81' lang='lat' dir='ltr'>AFO,</span> <span class='ocrx_word' id='word_1_25' title='bbox 1995 1461 2146 1517; x_wconf 87' lang='lat' dir='ltr'>OFG</span> 
     </span>
     <span class='ocr_line' id='line_1_4' title="bbox 482 1541 2144 1611; baseline 0.004 -21"><span class='ocrx_word' id='word_1_26' title='bbox 482 1542 620 1598; x_wconf 85' lang='lat' dir='ltr'>inter</span> <span class='ocrx_word' id='word_1_27' title='bbox 667 1554 727 1594; x_wconf 89' lang='lat' dir='ltr'>se</span> <span class='ocrx_word' id='word_1_28' title='bbox 776 1542 1055 1608; x_wconf 74' lang='lat' dir='ltr'><strong>aequales,</strong></span> <span class='ocrx_word' id='word_1_29' title='bbox 1106 1549 1165 1597; x_wconf 90' lang='lat' dir='ltr'>et</span> <span class='ocrx_word' id='word_1_30' title='bbox 1197 1541 1421 1610; x_wconf 86' lang='lat' dir='ltr'>quilibet</span> <span class='ocrx_word' id='word_1_31' title='bbox 1461 1548 1528 1611; x_wconf 55' lang='grc' dir='ltr'>η,</span> <span class='ocrx_word' id='word_1_32' title='bbox 1564 1542 1725 1609; x_wconf 84' lang='lat' dir='ltr'>recti3</span> <span class='ocrx_word' id='word_1_33' title='bbox 1774 1550 2002 1611; x_wconf 88' lang='lat' dir='ltr'>uterque</span> <span class='ocrx_word' id='word_1_34' title='bbox 2048 1542 2144 1611; x_wconf 89' lang='lat' dir='ltr'>igi·</span> 
     </span>
     <span class='ocr_line' id='line_1_5' title="bbox 484 1618 2146 1691; baseline 0.004 -21"><span class='ocrx_word' id='word_1_35' title='bbox 484 1623 571 1672; x_wconf 82' lang='lat' dir='ltr'>tur</span> <span class='ocrx_word' id='word_1_36' title='bbox 603 1618 721 1687; x_wconf 81' lang='lat' dir='ltr'>‘ipsi</span> <span class='ocrx_word' id='word_1_37' title='bbox 756 1619 899 1676; x_wconf 80' lang='lat' dir='ltr'>FAO</span> <span class='ocrx_word' id='word_1_38' title='bbox 944 1621 1212 1691; x_wconf 82' lang='lat' dir='ltr'>aequalis,</span> <span class='ocrx_word' id='word_1_39' title='bbox 1265 1638 1432 1689; x_wconf 88' lang='lat' dir='ltr'>quare</span> <span class='ocrx_word' id='word_1_40' title='bbox 1477 1622 1660 1691; x_wconf 69' lang='lat' dir='ltr'>(Eucl.</span> <span class='ocrx_word' id='word_1_41' title='bbox 1697 1620 1787 1676; x_wconf 90' lang='lat' dir='ltr'>VI.</span> <span class='ocrx_word' id='word_1_42' title='bbox 1823 1623 1883 1691; x_wconf 88' lang='lat'>3)</span> <span class='ocrx_word' id='word_1_43' title='bbox 1940 1630 2000 1677; x_wconf 89' lang='lat' dir='ltr'>ut</span> <span class='ocrx_word' id='word_1_44' title='bbox 2051 1621 2146 1676; x_wconf 84' lang='lat' dir='ltr'>AF</span> 
     </span>
     <span class='ocr_line' id='line_1_6' title="bbox 485 1696 2148 1769; baseline 0.002 -15"><span class='ocrx_word' id='word_1_45' title='bbox 485 1696 554 1754; x_wconf 76' lang='lat' dir='ltr'>ad</span> <span class='ocrx_word' id='word_1_46' title='bbox 589 1696 686 1751; x_wconf 84' lang='lat' dir='ltr'>FG</span> <span class='ocrx_word' id='word_1_47' title='bbox 735 1699 815 1754; x_wconf 85' lang='lat' dir='ltr'>sic</span> <span class='ocrx_word' id='word_1_48' title='bbox 850 1700 948 1755; x_wconf 85' lang='lat' dir='ltr'>AO</span> <span class='ocrx_word' id='word_1_49' title='bbox 987 1700 1056 1755; x_wconf 86' lang='lat' dir='ltr'>ad</span> <span class='ocrx_word' id='word_1_50' title='bbox 1091 1699 1200 1754; x_wconf 90' lang='lat' dir='ltr'>OG.</span> <span class='ocrx_word' id='word_1_51' title='bbox 1274 1698 1414 1768; x_wconf 77' lang='lat' dir='ltr'>Quia</span> <span class='ocrx_word' id='word_1_52' title='bbox 1446 1713 1572 1755; x_wconf 75' lang='lat' dir='ltr'>vero</span> <span class='ocrx_word' id='word_1_53' title='bbox 1609 1700 1750 1755; x_wconf 86' lang='lat' dir='ltr'>OFG</span> <span class='ocrx_word' id='word_1_54' title='bbox 1787 1707 1873 1756; x_wconf 86' lang='lat' dir='ltr'>est</span> <span class='ocrx_word' id='word_1_55' title='bbox 1911 1701 1989 1769; x_wconf 55' lang='lat' dir='ltr'>&#39;lm</span> <span class='ocrx_word' id='word_1_56' title='bbox 2030 1709 2148 1758; x_wconf 87' lang='lat' dir='ltr'>erat</span> 
     </span>
     <span class='ocr_line' id='line_1_7' title="bbox 486 1771 2145 1850; baseline 0.005 -21"><span class='ocrx_word' id='word_1_57' title='bbox 486 1790 609 1831; x_wconf 80' lang='lat' dir='ltr'>vero</span> <span class='ocrx_word' id='word_1_58' title='bbox 645 1776 792 1832; x_wconf 87' lang='lat' dir='ltr'>OGF</span> <span class='ocrx_word' id='word_1_59' title='bbox 834 1788 1045 1849; x_wconf 85' lang='lat' dir='ltr'>(nempe</span> <span class='ocrx_word' id='word_1_60' title='bbox 1078 1780 1240 1839; x_wconf 83' lang='lat' dir='ltr'>AGF)</span> <span class='ocrx_word' id='word_1_61' title='bbox 1274 1781 1344 1850; x_wconf 66' lang='lat' dir='ltr'>⁴s⁵</span> <span class='ocrx_word' id='word_1_62' title='bbox 1365 1771 1388 1848; x_wconf 58' lang='grc' dir='ltr'><strong><em>ξ</em></strong></span> <span class='ocrx_word' id='word_1_63' title='bbox 1437 1780 1540 1835; x_wconf 83' lang='lat' dir='ltr'>erit</span> <span class='ocrx_word' id='word_1_64' title='bbox 1585 1780 1749 1849; x_wconf 89' lang='lat' dir='ltr'>igitur</span> <span class='ocrx_word' id='word_1_65' title='bbox 1793 1788 1850 1836; x_wconf 90' lang='lat' dir='ltr'>et</span> <span class='ocrx_word' id='word_1_66' title='bbox 1882 1780 1928 1835; x_wconf 88' lang='lat' dir='ltr'><strong>F</strong></span> <span class='ocrx_word' id='word_1_67' title='bbox 1930 1773 2027 1836; x_wconf 81' lang='lat' dir='ltr'>OG</span> <span class='ocrx_word' id='word_1_68' title='bbox 2064 1782 2145 1849; x_wconf 69' lang='lat' dir='ltr'>‘ls-</span> 
     </span>
     <span class='ocr_line' id='line_1_8' title="bbox 485 1856 2148 1929; baseline 0.003 -19"><span class='ocrx_word' id='word_1_69' title='bbox 485 1856 714 1924; x_wconf 82' lang='lat' dir='ltr'>Angulis</span> <span class='ocrx_word' id='word_1_70' title='bbox 762 1859 930 1927; x_wconf 85' lang='lat' dir='ltr'>igitur</span> <span class='ocrx_word' id='word_1_71' title='bbox 965 1859 1033 1914; x_wconf 84' lang='lat' dir='ltr'>ad</span> <span class='ocrx_word' id='word_1_72' title='bbox 1068 1858 1114 1913; x_wconf 93' lang='grc' dir='ltr'>Ο</span> <span class='ocrx_word' id='word_1_73' title='bbox 1150 1869 1206 1913; x_wconf 86' lang='lat' dir='ltr'>et</span> <span class='ocrx_word' id='word_1_74' title='bbox 1242 1859 1289 1914; x_wconf 89' lang='lat' dir='ltr'>G</span> <span class='ocrx_word' id='word_1_75' title='bbox 1325 1857 1672 1928; x_wconf 79' lang='lat' dir='ltr'>aequalibus,</span> <span class='ocrx_word' id='word_1_76' title='bbox 1720 1858 1896 1914; x_wconf 87' lang='lat' dir='ltr'>latera</span> <span class='ocrx_word' id='word_1_77' title='bbox 1931 1873 2148 1929; x_wconf 89' lang='lat' dir='ltr'>quoque</span> 
     </span>
     <span class='ocr_line' id='line_1_9' title="bbox 486 1933 2145 2006; baseline 0.003 -18"><span class='ocrx_word' id='word_1_78' title='bbox 486 1933 534 1988; x_wconf 86' lang='lat' dir='ltr'>F</span> <span class='ocrx_word' id='word_1_79' title='bbox 538 1934 608 1993; x_wconf 90' lang='lat' dir='ltr'>G.</span> <span class='ocrx_word' id='word_1_80' title='bbox 658 1936 752 1991; x_wconf 82' lang='lat' dir='ltr'>FO</span> <span class='ocrx_word' id='word_1_81' title='bbox 789 1938 1041 2006; x_wconf 88' lang='lat' dir='ltr'>aequalia</span> <span class='ocrx_word' id='word_1_82' title='bbox 1075 1938 1487 1994; x_wconf 71' lang='lat' dir='ltr'>subtenduntur.</span> <span class='ocrx_word' id='word_1_83' title='bbox 1559 1936 1767 1992; x_wconf 78' lang='lat' dir='ltr'>Eodem</span> <span class='ocrx_word' id='word_1_84' title='bbox 1801 1937 1962 1993; x_wconf 90' lang='lat' dir='ltr'>modo</span> <span class='ocrx_word' id='word_1_85' title='bbox 2000 1946 2054 1992; x_wconf 90' lang='lat' dir='ltr'>et</span> <span class='ocrx_word' id='word_1_86' title='bbox 2089 1939 2145 1993; x_wconf 88' lang='lat' dir='ltr'>in</span> 
     </span>
     <span class='ocr_line' id='line_1_10' title="bbox 486 2015 2148 2092; baseline 0.004 -24"><span class='ocrx_word' id='word_1_87' title='bbox 486 2015 758 2083; x_wconf 77' lang='lat' dir='ltr'>triangulo</span> <span class='ocrx_word' id='word_1_88' title='bbox 792 2017 965 2087; x_wconf 81' lang='lat' dir='ltr'>AOF,</span> <span class='ocrx_word' id='word_1_89' title='bbox 1015 2018 1143 2088; x_wconf 85' lang='lat' dir='ltr'>quia</span> <span class='ocrx_word' id='word_1_90' title='bbox 1176 2017 1315 2073; x_wconf 86' lang='lat' dir='ltr'>AFO</span> <span class='ocrx_word' id='word_1_91' title='bbox 1362 2025 1448 2092; x_wconf 80' lang='lat' dir='ltr'>est</span> <span class='ocrx_word' id='word_1_92' title='bbox 1485 2023 1579 2087; x_wconf 70' lang='lat' dir='ltr'>²s„</span> <span class='ocrx_word' id='word_1_93' title='bbox 1634 2025 1870 2087; x_wconf 86' lang='lat' dir='ltr'>quantus</span> <span class='ocrx_word' id='word_1_94' title='bbox 1923 2025 2041 2073; x_wconf 88' lang='lat' dir='ltr'>erat</span> <span class='ocrx_word' id='word_1_95' title='bbox 2092 2024 2148 2074; x_wconf 91' lang='lat' dir='ltr'>et</span> 
     </span>
     <span class='ocr_line' id='line_1_11' title="bbox 485 2090 2146 2167; baseline 0.004 -22"><span class='ocrx_word' id='word_1_96' title='bbox 485 2090 650 2146; x_wconf 82' lang='lat' dir='ltr'><strong>FAO:</strong></span> <span class='ocrx_word' id='word_1_97' title='bbox 690 2110 820 2164; x_wconf 87' lang='lat' dir='ltr'>ergo</span> <span class='ocrx_word' id='word_1_98' title='bbox 858 2104 914 2150; x_wconf 88' lang='lat' dir='ltr'>et</span> <span class='ocrx_word' id='word_1_99' title='bbox 937 2095 1033 2152; x_wconf 85' lang='lat' dir='ltr'>AO</span> <span class='ocrx_word' id='word_1_100' title='bbox 1070 2103 1125 2152; x_wconf 84' lang='lat' dir='ltr'>et</span> <span class='ocrx_word' id='word_1_101' title='bbox 1147 2096 1239 2152; x_wconf 88' lang='lat' dir='ltr'>FO</span> <span class='ocrx_word' id='word_1_102' title='bbox 1276 2096 1402 2164; x_wconf 87' lang='lat' dir='ltr'>(hoc</span> <span class='ocrx_word' id='word_1_103' title='bbox 1437 2104 1526 2151; x_wconf 75' lang='lat' dir='ltr'>est</span> <span class='ocrx_word' id='word_1_104' title='bbox 1558 2095 1653 2151; x_wconf 86' lang='lat' dir='ltr'>FG</span> <span class='ocrx_word' id='word_1_105' title='bbox 1690 2090 1856 2167; x_wconf 87' lang='lat' dir='ltr'>latus)</span> <span class='ocrx_word' id='word_1_106' title='bbox 1891 2097 2146 2165; x_wconf 73' lang='lat' dir='ltr'>aequales</span> 
     </span>
     <span class='ocr_line' id='line_1_12' title="bbox 487 2172 2150 2245; baseline 0.005 -22"><span class='ocrx_word' id='word_1_107' title='bbox 487 2178 660 2225; x_wconf 84' lang='lat' dir='ltr'>erunt.</span> <span class='ocrx_word' id='word_1_108' title='bbox 708 2172 800 2228; x_wconf 82' lang='lat' dir='ltr'>Ut·</span> <span class='ocrx_word' id='word_1_109' title='bbox 820 2190 944 2230; x_wconf 84' lang='lat' dir='ltr'>vero</span> <span class='ocrx_word' id='word_1_110' title='bbox 971 2175 1074 2242; x_wconf 56' lang='lat' dir='ltr'>AF,</span> <span class='ocrx_word' id='word_1_111' title='bbox 1103 2176 1174 2231; x_wconf 87' lang='lat' dir='ltr'>ad</span> <span class='ocrx_word' id='word_1_112' title='bbox 1207 2174 1321 2239; x_wconf 85' lang='lat' dir='ltr'>FG,</span> <span class='ocrx_word' id='word_1_113' title='bbox 1356 2173 1435 2229; x_wconf 90' lang='lat' dir='ltr'>sic</span> <span class='ocrx_word' id='word_1_114' title='bbox 1469 2173 1562 2229; x_wconf 83' lang='lat' dir='ltr'>Ao</span> <span class='ocrx_word' id='word_1_115' title='bbox 1583 2174 1652 2229; x_wconf 90' lang='lat' dir='ltr'>ad</span> <span class='ocrx_word' id='word_1_116' title='bbox 1676 2175 1790 2245; x_wconf 85' lang='lat' dir='ltr'>OG,</span> <span class='ocrx_word' id='word_1_117' title='bbox 1828 2182 1889 2231; x_wconf 96' lang='grc' dir='ltr'>ιιι</span> <span class='ocrx_word' id='word_1_118' title='bbox 1915 2176 2031 2245; x_wconf 88' lang='lat' dir='ltr'>jam</span> <span class='ocrx_word' id='word_1_119' title='bbox 2060 2176 2150 2232; x_wconf 86' lang='lat' dir='ltr'>de·</span> 
     </span>
     <span class='ocr_line' id='line_1_13' title="bbox 486 2253 2151 2327; baseline 0.005 -23"><span class='ocrx_word' id='word_1_120' title='bbox 486 2259 875 2316; x_wconf 74' lang='lat' dir='ltr'>monstratum;</span> <span class='ocrx_word' id='word_1_121' title='bbox 928 2270 1053 2324; x_wconf 88' lang='lat' dir='ltr'>ergo</span> <span class='ocrx_word' id='word_1_122' title='bbox 1092 2255 1251 2308; x_wconf 91' lang='lat' dir='ltr'>etiam</span> <span class='ocrx_word' id='word_1_123' title='bbox 1301 2263 1362 2309; x_wconf 88' lang='grc' dir='ltr'>ιιι</span> <span class='ocrx_word' id='word_1_124' title='bbox 1397 2253 1497 2307; x_wconf 85' lang='lat' dir='ltr'>AG</span> <span class='ocrx_word' id='word_1_125' title='bbox 1541 2254 1611 2310; x_wconf 88' lang='lat' dir='ltr'>ad</span> <span class='ocrx_word' id='word_1_126' title='bbox 1651 2253 1739 2310; x_wconf 83' lang='grc' dir='ltr'>ΔΟ</span> <span class='ocrx_word' id='word_1_127' title='bbox 1782 2261 2018 2327; x_wconf 86' lang='lat' dir='ltr'>partem,</span> <span class='ocrx_word' id='word_1_128' title='bbox 2072 2258 2151 2312; x_wconf 85' lang='lat' dir='ltr'>sie</span> 
     </span>
     <span class='ocr_line' id='line_1_14' title="bbox 487 2328 2150 2401; baseline 0.005 -17"><span class='ocrx_word' id='word_1_129' title='bbox 487 2328 624 2385; x_wconf 83' lang='lat' dir='ltr'>haec</span> <span class='ocrx_word' id='word_1_130' title='bbox 661 2331 734 2385; x_wconf 88' lang='lat' dir='ltr'>ad</span> <span class='ocrx_word' id='word_1_131' title='bbox 767 2332 863 2388; x_wconf 88' lang='lat' dir='ltr'>OG</span> <span class='ocrx_word' id='word_1_132' title='bbox 897 2334 1189 2389; x_wconf 86' lang='lat' dir='ltr'>residuum.</span> <span class='ocrx_word' id='word_1_133' title='bbox 1261 2332 1488 2389; x_wconf 85' lang='lat' dir='ltr'>Secatur</span> <span class='ocrx_word' id='word_1_134' title='bbox 1519 2333 1688 2401; x_wconf 86' lang='lat' dir='ltr'>igitur</span> <span class='ocrx_word' id='word_1_135' title='bbox 1730 2350 1854 2389; x_wconf 89' lang='lat' dir='ltr'>crus</span> <span class='ocrx_word' id='word_1_136' title='bbox 1889 2336 1988 2390; x_wconf 85' lang='lat' dir='ltr'>AG</span> <span class='ocrx_word' id='word_1_137' title='bbox 2024 2336 2080 2391; x_wconf 91' lang='lat' dir='ltr'>in</span> <span class='ocrx_word' id='word_1_138' title='bbox 2105 2336 2150 2392; x_wconf 94' lang='grc' dir='ltr'><strong>Ο</strong></span> 
     </span>
     <span class='ocr_line' id='line_1_15' title="bbox 488 2411 2151 2484; baseline 0.004 -22"><span class='ocrx_word' id='word_1_139' title='bbox 488 2411 980 2479; x_wconf 80' lang='lat' dir='ltr'>proportionaliter.</span> <span class='ocrx_word' id='word_1_140' title='bbox 1043 2413 1219 2484; x_wconf 80' lang='lat' dir='ltr'>Igitur</span> <span class='ocrx_word' id='word_1_141' title='bbox 1265 2412 1446 2480; x_wconf 78' lang='lat' dir='ltr'>(Eucl.</span> <span class='ocrx_word' id='word_1_142' title='bbox 1482 2411 1633 2468; x_wconf 89' lang='lat' dir='ltr'>XIII.</span> <span class='ocrx_word' id='word_1_143' title='bbox 1670 2414 1722 2480; x_wconf 80' lang='lat'>⁵)</span> <span class='ocrx_word' id='word_1_144' title='bbox 1781 2412 1875 2467; x_wconf 80' lang='grc' dir='ltr'>ΟΔ</span> <span class='ocrx_word' id='word_1_145' title='bbox 1921 2412 2005 2469; x_wconf 76' lang='lat' dir='ltr'>vel</span> <span class='ocrx_word' id='word_1_146' title='bbox 2058 2412 2151 2469; x_wconf 83' lang='lat' dir='ltr'>OF</span> 
     </span>
     <span class='ocr_line' id='line_1_16' title="bbox 485 2477 3172 2560; baseline -0.003 -20"><span class='ocrx_word' id='word_1_147' title='bbox 485 2488 801 2543; x_wconf 85' lang='lat' dir='ltr'>continuata</span> <span class='ocrx_word' id='word_1_148' title='bbox 836 2490 891 2552; x_wconf 85' lang='lat' dir='ltr'>in</span> <span class='ocrx_word' id='word_1_149' title='bbox 913 2492 967 2559; x_wconf 78' lang='lat'>,1‚</span> <span class='ocrx_word' id='word_1_150' title='bbox 1005 2500 1066 2550; x_wconf 87' lang='lat' dir='ltr'>ut</span> <span class='ocrx_word' id='word_1_151' title='bbox 1100 2492 1174 2547; x_wconf 92' lang='lat'>01</span> <span class='ocrx_word' id='word_1_152' title='bbox 1209 2492 1281 2548; x_wconf 84' lang='lat' dir='ltr'>sit</span> <span class='ocrx_word' id='word_1_153' title='bbox 1314 2491 1555 2560; x_wconf 84' lang='lat' dir='ltr'>aequalia</span> <span class='ocrx_word' id='word_1_154' title='bbox 1583 2492 1691 2546; x_wconf 89' lang='lat' dir='ltr'>-toti</span> <span class='ocrx_word' id='word_1_155' title='bbox 1726 2492 1850 2556; x_wconf 78' lang='lat' dir='ltr'>AG,</span> <span class='ocrx_word' id='word_1_156' title='bbox 1904 2494 2065 2552; x_wconf 83' lang='lat' dir='ltr'>etiam</span> <span class='ocrx_word' id='word_1_157' title='bbox 2102 2492 2175 2547; x_wconf 85' lang='lat' dir='ltr'>FI</span> <span class='ocrx_word' id='word_1_158' title='bbox 2211 2498 2360 2548; x_wconf 84' lang='lat' dir='ltr'>secta</span> <span class='ocrx_word' id='word_1_159' title='bbox 2395 2497 2479 2546; x_wconf 87' lang='lat' dir='ltr'>est</span> <span class='ocrx_word' id='word_1_160' title='bbox 2515 2483 2983 2560; x_wconf 75' lang='lat' dir='ltr'>proportionaliter</span> <span class='ocrx_word' id='word_1_161' title='bbox 3017 2482 3072 2536; x_wconf 90' lang='lat' dir='ltr'>in</span> <span class='ocrx_word' id='word_1_162' title='bbox 3109 2477 3172 2552; x_wconf 86' lang='grc' dir='ltr'>Ο,</span> 
     </span>
     <span class='ocr_line' id='line_1_17' title="bbox 486 2559 3175 2641; baseline -0.001 -20"><span class='ocrx_word' id='word_1_163' title='bbox 486 2574 543 2621; x_wconf 82' lang='lat' dir='ltr'>et</span> <span class='ocrx_word' id='word_1_164' title='bbox 578 2569 836 2624; x_wconf 79' lang='lat' dir='ltr'>connexis</span> <span class='ocrx_word' id='word_1_165' title='bbox 861 2572 927 2638; x_wconf 74' lang='lat' dir='ltr'>A,</span> <span class='ocrx_word' id='word_1_166' title='bbox 962 2572 991 2625; x_wconf 93' lang='lat'>1</span> <span class='ocrx_word' id='word_1_167' title='bbox 1025 2572 1215 2641; x_wconf 85' lang='lat' dir='ltr'>signis,</span> <span class='ocrx_word' id='word_1_168' title='bbox 1252 2573 1357 2626; x_wconf 90' lang='lat' dir='ltr'>erit</span> <span class='ocrx_word' id='word_1_169' title='bbox 1378 2569 1499 2624; x_wconf 84' lang='grc' dir='ltr'>ΔΙΟ</span> <span class='ocrx_word' id='word_1_170' title='bbox 1535 2569 1863 2640; x_wconf 78' lang='lat' dir='ltr'>triangulum</span> <span class='ocrx_word' id='word_1_171' title='bbox 1897 2587 2189 2641; x_wconf 90' lang='lat' dir='ltr'>congruum</span> <span class='ocrx_word' id='word_1_172' title='bbox 2217 2570 2410 2625; x_wconf 83' lang='lat' dir='ltr'>initiali</span> <span class='ocrx_word' id='word_1_173' title='bbox 2433 2568 2595 2636; x_wconf 88' lang='lat' dir='ltr'>FAG,</span> <span class='ocrx_word' id='word_1_174' title='bbox 2633 2580 2805 2635; x_wconf 91' lang='lat' dir='ltr'>eoque</span> <span class='ocrx_word' id='word_1_175' title='bbox 2827 2562 2950 2619; x_wconf 83' lang='grc' dir='ltr'>ΟΔΙ</span> <span class='ocrx_word' id='word_1_176' title='bbox 2978 2559 3175 2630; x_wconf 73' lang='lat' dir='ltr'>duplus</span> 
     </span>
     <span class='ocr_line' id='line_1_18' title="bbox 486 2638 3231 2720; baseline -0.003 -19"><span class='ocrx_word' id='word_1_177' title='bbox 486 2647 659 2715; x_wconf 88' lang='lat' dir='ltr'>ipsius</span> <span class='ocrx_word' id='word_1_178' title='bbox 684 2647 729 2700; x_wconf 88' lang='lat' dir='ltr'><strong>F</strong></span> <span class='ocrx_word' id='word_1_179' title='bbox 733 2648 843 2716; x_wconf 85' lang='lat' dir='ltr'>AO,</span> <span class='ocrx_word' id='word_1_180' title='bbox 880 2658 935 2704; x_wconf 88' lang='lat' dir='ltr'>et</span> <span class='ocrx_word' id='word_1_181' title='bbox 970 2649 1015 2702; x_wconf 88' lang='lat' dir='ltr'><strong>F</strong></span> <span class='ocrx_word' id='word_1_182' title='bbox 1018 2650 1093 2704; x_wconf 82' lang='lat' dir='ltr'>AI</span> <span class='ocrx_word' id='word_1_183' title='bbox 1128 2653 1210 2718; x_wconf 50' lang='grc' dir='ltr'>ηδ.</span> <span class='ocrx_word' id='word_1_184' title='bbox 1280 2650 1458 2718; x_wconf 82' lang='lat' dir='ltr'>Quare</span> <span class='ocrx_word' id='word_1_185' title='bbox 1494 2656 1677 2705; x_wconf 89' lang='lat' dir='ltr'>centro</span> <span class='ocrx_word' id='word_1_186' title='bbox 1714 2653 1778 2719; x_wconf 89' lang='lat' dir='ltr'>A,</span> <span class='ocrx_word' id='word_1_187' title='bbox 1816 2647 2096 2706; x_wconf 82' lang='lat' dir='ltr'>intervallo</span> <span class='ocrx_word' id='word_1_188' title='bbox 2133 2651 2227 2706; x_wconf 83' lang='lat' dir='ltr'>AG</span> <span class='ocrx_word' id='word_1_189' title='bbox 2264 2649 2465 2720; x_wconf 85' lang='lat' dir='ltr'>scripto</span> <span class='ocrx_word' id='word_1_190' title='bbox 2503 2643 2877 2716; x_wconf 48' lang='lat' dir='ltr'>circuloQFGl,</span> <span class='ocrx_word' id='word_1_191' title='bbox 2934 2642 3036 2698; x_wconf 87' lang='lat' dir='ltr'>erit</span> <span class='ocrx_word' id='word_1_192' title='bbox 3079 2638 3173 2696; x_wconf 81' lang='lat' dir='ltr'>FG</span> <span class='ocrx_word' id='word_1_193' title='bbox 3224 2681 3231 2692; x_wconf 86' lang='lat'>.</span> 
     </span>
     <span class='ocr_line' id='line_1_19' title="bbox 486 2716 3177 2807; baseline -0.002 -27"><span class='ocrx_word' id='word_1_194' title='bbox 486 2726 632 2783; x_wconf 70' lang='lat' dir='ltr'>latus</span> <span class='ocrx_word' id='word_1_195' title='bbox 667 2726 957 2798; x_wconf 75' lang='lat' dir='ltr'>decagoni,</span> <span class='ocrx_word' id='word_1_196' title='bbox 977 2745 1120 2798; x_wconf 81' lang='lat' dir='ltr'>,pars</span> <span class='ocrx_word' id='word_1_197' title='bbox 1155 2729 1326 2797; x_wconf 82' lang='lat' dir='ltr'>major</span> <span class='ocrx_word' id='word_1_198' title='bbox 1360 2727 1738 2785; x_wconf 71' lang='lat' dir='ltr'>semidiametri</span> <span class='ocrx_word' id='word_1_199' title='bbox 1772 2729 1872 2785; x_wconf 84' lang='lat' dir='ltr'>AG</span> <span class='ocrx_word' id='word_1_200' title='bbox 1904 2730 2382 2807; x_wconf 67' lang='lat' dir='ltr'>proportionaliter</span> <span class='ocrx_word' id='word_1_201' title='bbox 2415 2736 2622 2797; x_wconf 80' lang='lat' dir='ltr'>sectae,</span> <span class='ocrx_word' id='word_1_202' title='bbox 2676 2734 2731 2782; x_wconf 86' lang='lat' dir='ltr'>et</span> <span class='ocrx_word' id='word_1_203' title='bbox 2763 2724 2839 2780; x_wconf 90' lang='lat' dir='ltr'>FI</span> <span class='ocrx_word' id='word_1_204' title='bbox 2872 2724 3016 2778; x_wconf 84' lang='lat' dir='ltr'>latus</span> <span class='ocrx_word' id='word_1_205' title='bbox 3051 2716 3177 2776; x_wconf 85' lang='lat' dir='ltr'>stel-</span> 
     </span>
     <span class='ocr_line' id='line_1_20' title="bbox 489 2805 3014 2882; baseline -0.002 -21"><span class='ocrx_word' id='word_1_206' title='bbox 489 2806 600 2872; x_wconf 78' lang='lat' dir='ltr'>lae,</span> <span class='ocrx_word' id='word_1_207' title='bbox 638 2822 738 2863; x_wconf 86' lang='lat' dir='ltr'>seu</span> <span class='ocrx_word' id='word_1_208' title='bbox 773 2810 1033 2864; x_wconf 87' lang='lat' dir='ltr'>subtensa</span> <span class='ocrx_word' id='word_1_209' title='bbox 1066 2810 1187 2878; x_wconf 49' lang='lat'>³50,</span> <span class='ocrx_word' id='word_1_210' title='bbox 1224 2810 1525 2882; x_wconf 81' lang='lat' dir='ltr'>composita</span> <span class='ocrx_word' id='word_1_211' title='bbox 1558 2823 1627 2862; x_wconf 82' lang='lat' dir='ltr'>ex</span> <span class='ocrx_word' id='word_1_212' title='bbox 1664 2808 1757 2864; x_wconf 81' lang='lat' dir='ltr'>FO</span> <span class='ocrx_word' id='word_1_213' title='bbox 1793 2816 1850 2863; x_wconf 89' lang='lat' dir='ltr'>et</span> <span class='ocrx_word' id='word_1_214' title='bbox 1882 2809 1972 2877; x_wconf 90' lang='lat'>01,</span> <span class='ocrx_word' id='word_1_215' title='bbox 2007 2809 2178 2865; x_wconf 85' lang='lat' dir='ltr'>latere</span> <span class='ocrx_word' id='word_1_216' title='bbox 2215 2809 2475 2879; x_wconf 73' lang='lat' dir='ltr'>decagoni</span> <span class='ocrx_word' id='word_1_217' title='bbox 2511 2816 2568 2864; x_wconf 87' lang='lat' dir='ltr'>et</span> <span class='ocrx_word' id='word_1_218' title='bbox 2602 2805 3014 2873; x_wconf 73' lang='lat' dir='ltr'>semidiametro.</span> 
     </span>
    </p>
   </div>
   <div class='ocr_carea' id='block_1_3' title="bbox 413 2885 3217 4235">
    <p class='ocr_par' dir='ltr' id='par_1_3' title="bbox 413 2885 3178 2977">
     <span class='ocr_line' id='line_1_21' title="bbox 413 2885 3178 2977; baseline 0 -30"><span class='ocrx_word' id='word_1_219' title='bbox 413 2951 420 2958; x_wconf 68' lang='grc'><strong>,</strong></span> <span class='ocrx_word' id='word_1_220' title='bbox 664 2891 745 2948; x_wconf 92' lang='lat' dir='ltr'>Ob</span> <span class='ocrx_word' id='word_1_221' title='bbox 792 2896 933 2968; x_wconf 81' lang='lat' dir='ltr'>hanc</span> <span class='ocrx_word' id='word_1_222' title='bbox 978 2911 1194 2950; x_wconf 87' lang='lat' dir='ltr'>causam</span> <span class='ocrx_word' id='word_1_223' title='bbox 1228 2896 1363 2951; x_wconf 86' lang='lat' dir='ltr'>haec</span> <span class='ocrx_word' id='word_1_224' title='bbox 1410 2896 1614 2963; x_wconf 89' lang='lat' dir='ltr'>latera,</span> <span class='ocrx_word' id='word_1_225' title='bbox 1657 2894 1853 2965; x_wconf 86' lang='lat' dir='ltr'>&#39;juncta</span> <span class='ocrx_word' id='word_1_226' title='bbox 1899 2897 2292 2954; x_wconf 80' lang='lat' dir='ltr'>semidiametro</span> <span class='ocrx_word' id='word_1_227' title='bbox 2313 2938 2327 2966; x_wconf 95' lang='lat'>,</span> <span class='ocrx_word' id='word_1_228' title='bbox 2386 2901 2619 2967; x_wconf 73' lang='lat' dir='ltr'>possunt</span> <span class='ocrx_word' id='word_1_229' title='bbox 2666 2891 2939 2960; x_wconf 76' lang='lat' dir='ltr'>accenseri</span> <span class='ocrx_word' id='word_1_230' title='bbox 2988 2885 3178 2977; x_wconf 50' lang='lat' dir='ltr'>grathq</span> 
     </span>
    </p>

    <p class='ocr_par' dir='ltr' id='par_1_4' title="bbox 488 2968 3217 3518">
     <span class='ocr_line' id='line_1_22' title="bbox 490 2968 3179 3046; baseline -0.003 -19"><span class='ocrx_word' id='word_1_231' title='bbox 490 2973 708 3042; x_wconf 81' lang='lat' dir='ltr'>quai-to,</span> <span class='ocrx_word' id='word_1_232' title='bbox 754 2989 853 3041; x_wconf 89' lang='lat' dir='ltr'>per</span> <span class='ocrx_word' id='word_1_233' title='bbox 886 2974 971 3028; x_wconf 72' lang='lat'>25.</span> <span class='ocrx_word' id='word_1_234' title='bbox 1007 2974 1184 3043; x_wconf 86' lang='lat' dir='ltr'>hujus.</span> <span class='ocrx_word' id='word_1_235' title='bbox 1258 2976 1499 3045; x_wconf 82' lang='lat' dir='ltr'>Cumque</span> <span class='ocrx_word' id='word_1_236' title='bbox 1544 2974 1646 3030; x_wconf 85' lang='lat' dir='ltr'>AG</span> <span class='ocrx_word' id='word_1_237' title='bbox 1692 2984 1841 3031; x_wconf 83' lang='lat' dir='ltr'>secta</span> <span class='ocrx_word' id='word_1_238' title='bbox 1888 2976 1960 3031; x_wconf 88' lang='lat' dir='ltr'>sit</span> <span class='ocrx_word' id='word_1_239' title='bbox 2005 2976 2234 3032; x_wconf 78' lang='lat' dir='ltr'>effabilis</span> <span class='ocrx_word' id='word_1_240' title='bbox 2279 2974 2610 3044; x_wconf 79' lang='lat' dir='ltr'>longitudine</span> <span class='ocrx_word' id='word_1_241' title='bbox 2647 2980 2703 3046; x_wconf 81' lang='lat' dir='ltr'>et</span> <span class='ocrx_word' id='word_1_242' title='bbox 2736 2971 2882 3026; x_wconf 84' lang='lat' dir='ltr'>latus</span> <span class='ocrx_word' id='word_1_243' title='bbox 2919 2968 3179 3036; x_wconf 75' lang='lat' dir='ltr'>decagoni</span> 
     </span>
     <span class='ocr_line' id='line_1_23' title="bbox 489 3042 3179 3128; baseline 0.002 -23"><span class='ocrx_word' id='word_1_244' title='bbox 489 3068 618 3121; x_wconf 85' lang='lat' dir='ltr'>pars</span> <span class='ocrx_word' id='word_1_245' title='bbox 654 3052 772 3119; x_wconf 84' lang='lat' dir='ltr'>ejus</span> <span class='ocrx_word' id='word_1_246' title='bbox 808 3053 996 3121; x_wconf 73' lang='lat' dir='ltr'>major,</span> <span class='ocrx_word' id='word_1_247' title='bbox 1031 3054 1174 3110; x_wconf 84' lang='lat' dir='ltr'>latus</span> <span class='ocrx_word' id='word_1_248' title='bbox 1210 3054 1414 3128; x_wconf 83' lang='lat' dir='ltr'>stellae,</span> <span class='ocrx_word' id='word_1_249' title='bbox 1451 3055 1748 3126; x_wconf 83' lang='lat' dir='ltr'>composita</span> <span class='ocrx_word' id='word_1_250' title='bbox 1785 3071 1853 3111; x_wconf 85' lang='lat' dir='ltr'>ex</span> <span class='ocrx_word' id='word_1_251' title='bbox 1888 3063 2005 3111; x_wconf 83' lang='lat' dir='ltr'>tota</span> <span class='ocrx_word' id='word_1_252' title='bbox 2029 3065 2085 3111; x_wconf 89' lang='lat' dir='ltr'>et</span> <span class='ocrx_word' id='word_1_253' title='bbox 2117 3064 2281 3127; x_wconf 88' lang='lat' dir='ltr'>parte·</span> <span class='ocrx_word' id='word_1_254' title='bbox 2306 3056 2527 3124; x_wconf 64' lang='lat' dir='ltr'>majore,</span> <span class='ocrx_word' id='word_1_255' title='bbox 2562 3066 2732 3122; x_wconf 81' lang='lat' dir='ltr'>quare</span> <span class='ocrx_word' id='word_1_256' title='bbox 2764 3065 2863 3119; x_wconf 87' lang='lat' dir='ltr'>per</span> <span class='ocrx_word' id='word_1_257' title='bbox 2896 3048 2981 3103; x_wconf 76' lang='lat'>27·</span> <span class='ocrx_word' id='word_1_258' title='bbox 3015 3042 3179 3111; x_wconf 63' lang='lat' dir='ltr'><strong>hujm</strong></span> 
     </span>
     <span class='ocr_line' id='line_1_24' title="bbox 488 3118 3217 3205; baseline 0 -22"><span class='ocrx_word' id='word_1_259' title='bbox 488 3128 625 3184; x_wconf 88' lang='lat' dir='ltr'>illud</span> <span class='ocrx_word' id='word_1_260' title='bbox 650 3139 734 3185; x_wconf 87' lang='lat' dir='ltr'>est</span> <span class='ocrx_word' id='word_1_261' title='bbox 757 3140 1022 3201; x_wconf 86' lang='lat' dir='ltr'>apotome,</span> <span class='ocrx_word' id='word_1_262' title='bbox 1059 3134 1162 3189; x_wconf 87' lang='lat' dir='ltr'>hoc</span> <span class='ocrx_word' id='word_1_263' title='bbox 1184 3134 1483 3204; x_wconf 86' lang='lat' dir='ltr'>binominis,</span> <span class='ocrx_word' id='word_1_264' title='bbox 1520 3141 1805 3205; x_wconf 83' lang='lat' dir='ltr'>utrumqne</span> <span class='ocrx_word' id='word_1_265' title='bbox 1825 3143 2051 3205; x_wconf 83' lang='lat' dir='ltr'>quartae</span> <span class='ocrx_word' id='word_1_266' title='bbox 2085 3135 2312 3205; x_wconf 85' lang='lat' dir='ltr'>speciei:</span> <span class='ocrx_word' id='word_1_267' title='bbox 2349 3136 2453 3189; x_wconf 85' lang='lat' dir='ltr'>hoc</span> <span class='ocrx_word' id='word_1_268' title='bbox 2474 3139 2724 3202; x_wconf 86' lang='lat' dir='ltr'>respectu</span> <span class='ocrx_word' id='word_1_269' title='bbox 2759 3135 2886 3184; x_wconf 88' lang='lat' dir='ltr'>sunt</span> <span class='ocrx_word' id='word_1_270' title='bbox 2917 3126 2976 3181; x_wconf 88' lang='lat' dir='ltr'>in</span> <span class='ocrx_word' id='word_1_271' title='bbox 3011 3118 3182 3194; x_wconf 66' lang='lat' dir='ltr'>gradu</span> <span class='ocrx_word' id='word_1_272' title='bbox 3211 3177 3217 3184; x_wconf 94' lang='lat'>.</span> 
     </span>
     <span class='ocr_line' id='line_1_25' title="bbox 493 3200 3179 3285; baseline 0.001 -20"><span class='ocrx_word' id='word_1_273' title='bbox 493 3210 752 3266; x_wconf 74' lang='lat' dir='ltr'>scientiae</span> <span class='ocrx_word' id='word_1_274' title='bbox 801 3221 1021 3281; x_wconf 74' lang='lat' dir='ltr'>octavo,</span> <span class='ocrx_word' id='word_1_275' title='bbox 1075 3214 1320 3283; x_wconf 86' lang='lat' dir='ltr'>proxime</span> <span class='ocrx_word' id='word_1_276' title='bbox 1360 3221 1487 3284; x_wconf 87' lang='lat' dir='ltr'>post</span> <span class='ocrx_word' id='word_1_277' title='bbox 1535 3214 1677 3270; x_wconf 88' lang='lat' dir='ltr'>latus</span> <span class='ocrx_word' id='word_1_278' title='bbox 1726 3214 2065 3285; x_wconf 57' lang='lat' dir='ltr'>undecagoni,</span> <span class='ocrx_word' id='word_1_279' title='bbox 2093 3222 2149 3269; x_wconf 89' lang='lat' dir='ltr'>et</span> <span class='ocrx_word' id='word_1_280' title='bbox 2191 3213 2381 3271; x_wconf 81' lang='lat' dir='ltr'>stellae</span> <span class='ocrx_word' id='word_1_281' title='bbox 2420 3227 2550 3269; x_wconf 88' lang='lat' dir='ltr'>suae</span> <span class='ocrx_word' id='word_1_282' title='bbox 2585 3210 2856 3281; x_wconf 81' lang='lat' dir='ltr'>planeque</span> <span class='ocrx_word' id='word_1_283' title='bbox 2893 3207 2951 3260; x_wconf 84' lang='lat' dir='ltr'>in</span> <span class='ocrx_word' id='word_1_284' title='bbox 2987 3200 3179 3257; x_wconf 64' lang='lat' dir='ltr'>eodem</span> 
     </span>
     <span class='ocr_line' id='line_1_26' title="bbox 491 3283 3183 3369; baseline -0.002 -24"><span class='ocrx_word' id='word_1_285' title='bbox 491 3289 681 3345; x_wconf 86' lang='lat' dir='ltr'>ordine</span> <span class='ocrx_word' id='word_1_286' title='bbox 715 3307 838 3346; x_wconf 83' lang='lat' dir='ltr'>cum</span> <span class='ocrx_word' id='word_1_287' title='bbox 873 3290 1042 3346; x_wconf 87' lang='lat' dir='ltr'>latere</span> <span class='ocrx_word' id='word_1_288' title='bbox 1076 3293 1327 3363; x_wconf 90' lang='lat' dir='ltr'>octogoni</span> <span class='ocrx_word' id='word_1_289' title='bbox 1362 3300 1418 3348; x_wconf 88' lang='lat' dir='ltr'>et</span> <span class='ocrx_word' id='word_1_290' title='bbox 1452 3292 1642 3349; x_wconf 86' lang='lat' dir='ltr'>stellae</span> <span class='ocrx_word' id='word_1_291' title='bbox 1676 3309 1821 3349; x_wconf 84' lang='lat' dir='ltr'>suae.</span> <span class='ocrx_word' id='word_1_292' title='bbox 1884 3293 1959 3349; x_wconf 89' lang='lat' dir='ltr'>Et</span> <span class='ocrx_word' id='word_1_293' title='bbox 1992 3308 2090 3363; x_wconf 88' lang='lat' dir='ltr'>per</span> <span class='ocrx_word' id='word_1_294' title='bbox 2111 3294 2196 3351; x_wconf 82' lang='grc'>28.</span> <span class='ocrx_word' id='word_1_295' title='bbox 2233 3293 2397 3363; x_wconf 77' lang='lat' dir='ltr'>hujus</span> <span class='ocrx_word' id='word_1_296' title='bbox 2431 3291 2594 3347; x_wconf 87' lang='lat' dir='ltr'>etiam</span> <span class='ocrx_word' id='word_1_297' title='bbox 2627 3286 2848 3343; x_wconf 87' lang='lat' dir='ltr'>residua</span> <span class='ocrx_word' id='word_1_298' title='bbox 2879 3283 2976 3340; x_wconf 88' lang='lat' dir='ltr'>OG</span> <span class='ocrx_word' id='word_1_299' title='bbox 3010 3292 3183 3369; x_wconf 67' lang='lat' dir='ltr'>eoque</span> 
     </span>
     <span class='ocr_line' id='line_1_27' title="bbox 492 3364 3182 3446; baseline -0.002 -24"><span class='ocrx_word' id='word_1_300' title='bbox 492 3370 657 3423; x_wconf 87' lang='lat' dir='ltr'>etiam</span> <span class='ocrx_word' id='word_1_301' title='bbox 708 3369 826 3437; x_wconf 84' lang='lat' dir='ltr'>ejus</span> <span class='ocrx_word' id='word_1_302' title='bbox 875 3369 1092 3426; x_wconf 84' lang='lat' dir='ltr'>dimidia</span> <span class='ocrx_word' id='word_1_303' title='bbox 1138 3372 1238 3427; x_wconf 87' lang='lat' dir='ltr'>NG</span> <span class='ocrx_word' id='word_1_304' title='bbox 1285 3382 1370 3428; x_wconf 85' lang='lat' dir='ltr'>est</span> <span class='ocrx_word' id='word_1_305' title='bbox 1418 3381 1671 3444; x_wconf 88' lang='lat' dir='ltr'>apotoma</span> <span class='ocrx_word' id='word_1_306' title='bbox 1710 3375 1919 3445; x_wconf 87' lang='lat' dir='ltr'>primae</span> <span class='ocrx_word' id='word_1_307' title='bbox 1965 3373 2180 3443; x_wconf 82' lang='lat' dir='ltr'>speciei.</span> <span class='ocrx_word' id='word_1_308' title='bbox 2253 3372 2359 3428; x_wconf 87' lang='lat' dir='ltr'>Sed</span> <span class='ocrx_word' id='word_1_309' title='bbox 2382 3385 2532 3446; x_wconf 40' lang='lat' dir='ltr'>,cave</span> <span class='ocrx_word' id='word_1_310' title='bbox 2565 3375 2754 3437; x_wconf 82' lang='lat' dir='ltr'>putes,</span> <span class='ocrx_word' id='word_1_311' title='bbox 2810 3364 3029 3419; x_wconf 89' lang='lat' dir='ltr'>nomina</span> <span class='ocrx_word' id='word_1_312' title='bbox 3062 3369 3182 3426; x_wconf 79' lang='lat' dir='ltr'>eJu⁸</span> 
     </span>
     <span class='ocr_line' id='line_1_28' title="bbox 493 3450 1664 3518; baseline 0.008 -17"><span class='ocrx_word' id='word_1_313' title='bbox 493 3459 632 3515; x_wconf 67' lang='lat' dir='ltr'>ctae,</span> <span class='ocrx_word' id='word_1_314' title='bbox 668 3452 845 3518; x_wconf 80' lang='lat' dir='ltr'>majus</span> <span class='ocrx_word' id='word_1_315' title='bbox 878 3450 991 3515; x_wconf 75' lang='lat' dir='ltr'>AG,</span> <span class='ocrx_word' id='word_1_316' title='bbox 1029 3452 1205 3507; x_wconf 81' lang='lat' dir='ltr'>minbs</span> <span class='ocrx_word' id='word_1_317' title='bbox 1240 3453 1356 3508; x_wconf 78' lang='lat' dir='ltr'>AN.</span> <span class='ocrx_word' id='word_1_318' title='bbox 1658 3453 1664 3460; x_wconf 82' lang='lat'>&#39;</span> 
     </span>
    </p>

    <p class='ocr_par' dir='ltr' id='par_1_5' title="bbox 496 3518 3185 3760">
     <span class='ocr_line' id='line_1_29' title="bbox 669 3518 3183 3612; baseline 0.001 -29"><span class='ocrx_word' id='word_1_319' title='bbox 669 3530 930 3612; x_wconf 79' lang='lat' dir='ltr'>Denique,</span> <span class='ocrx_word' id='word_1_320' title='bbox 965 3531 1320 3600; x_wconf 88' lang='lat' dir='ltr'>per-eandem</span> <span class='ocrx_word' id='word_1_321' title='bbox 1357 3532 1438 3588; x_wconf 82' lang='lat'>27.</span> <span class='ocrx_word' id='word_1_322' title='bbox 1476 3532 1656 3600; x_wconf 74' lang='lat' dir='ltr'>hujus,</span> <span class='ocrx_word' id='word_1_323' title='bbox 1688 3531 1864 3588; x_wconf 85' lang='lat' dir='ltr'>latera</span> <span class='ocrx_word' id='word_1_324' title='bbox 1900 3530 1994 3587; x_wconf 86' lang='lat' dir='ltr'>GF</span> <span class='ocrx_word' id='word_1_325' title='bbox 2029 3530 2115 3586; x_wconf 83' lang='lat' dir='ltr'>vel</span> <span class='ocrx_word' id='word_1_326' title='bbox 2152 3528 2244 3585; x_wconf 85' lang='lat' dir='ltr'>OF</span> <span class='ocrx_word' id='word_1_327' title='bbox 2275 3534 2331 3585; x_wconf 87' lang='lat' dir='ltr'>et</span> <span class='ocrx_word' id='word_1_328' title='bbox 2364 3528 2438 3583; x_wconf 90' lang='lat' dir='ltr'>FI</span> <span class='ocrx_word' id='word_1_329' title='bbox 2471 3543 2583 3583; x_wconf 91' lang='lat' dir='ltr'>non</span> <span class='ocrx_word' id='word_1_330' title='bbox 2615 3541 2736 3582; x_wconf 88' lang='lat' dir='ltr'>cum</span> <span class='ocrx_word' id='word_1_331' title='bbox 2769 3518 3183 3585; x_wconf 66' lang='lat' dir='ltr'>semidiametro,</span> 
     </span>
     <span class='ocr_line' id='line_1_30' title="bbox 496 3597 3185 3686; baseline -0.004 -26"><span class='ocrx_word' id='word_1_332' title='bbox 496 3604 591 3660; x_wconf 87' lang='lat' dir='ltr'>aed</span> <span class='ocrx_word' id='word_1_333' title='bbox 628 3623 812 3662; x_wconf 87' lang='lat' dir='ltr'>secum</span> <span class='ocrx_word' id='word_1_334' title='bbox 849 3608 969 3678; x_wconf 88' lang='lat' dir='ltr'>ipsa</span> <span class='ocrx_word' id='word_1_335' title='bbox 997 3609 1201 3679; x_wconf 82' lang='lat' dir='ltr'>juncta,</span> <span class='ocrx_word' id='word_1_336' title='bbox 1239 3610 1365 3679; x_wconf 88' lang='lat' dir='ltr'>quia</span> <span class='ocrx_word' id='word_1_337' title='bbox 1389 3618 1458 3667; x_wconf 88' lang='lat' dir='ltr'>et·</span> <span class='ocrx_word' id='word_1_338' title='bbox 1477 3627 1739 3667; x_wconf 84' lang='lat' dir='ltr'>summam</span> <span class='ocrx_word' id='word_1_339' title='bbox 1774 3611 2159 3681; x_wconf 79' lang='lat' dir='ltr'>quadratorum</span> <span class='ocrx_word' id='word_1_340' title='bbox 2183 3616 2242 3663; x_wconf 85' lang='lat' dir='ltr'>et</span> <span class='ocrx_word' id='word_1_341' title='bbox 2261 3623 2540 3663; x_wconf 88' lang='lat' dir='ltr'>commune</span> <span class='ocrx_word' id='word_1_342' title='bbox 2574 3597 3185 3686; x_wconf 29' lang='lat' dir='ltr'>rectangulumnhabent</span> 
     </span>
     <span class='ocr_line' id='line_1_31' title="bbox 496 3681 1735 3760; baseline 0.004 -23"><span class='ocrx_word' id='word_1_343' title='bbox 496 3681 751 3754; x_wconf 80' lang='lat' dir='ltr'>effabilia,</span> <span class='ocrx_word' id='word_1_344' title='bbox 788 3695 915 3743; x_wconf 86' lang='lat' dir='ltr'>sunt</span> <span class='ocrx_word' id='word_1_345' title='bbox 949 3687 1004 3742; x_wconf 90' lang='lat' dir='ltr'>in</span> <span class='ocrx_word' id='word_1_346' title='bbox 1039 3685 1207 3757; x_wconf 71' lang='lat' dir='ltr'>gradu</span> <span class='ocrx_word' id='word_1_347' title='bbox 1244 3691 1500 3746; x_wconf 81' lang='lat' dir='ltr'>scientiae</span> <span class='ocrx_word' id='word_1_348' title='bbox 1534 3690 1735 3760; x_wconf 89' lang='lat' dir='ltr'>quinto.</span> 
     </span>
    </p>

    <p class='ocr_par' dir='ltr' id='par_1_6' title="bbox 493 3756 3184 4061">
     <span class='ocr_line' id='line_1_32' title="bbox 670 3756 3183 3841; baseline -0 -22"><span class='ocrx_word' id='word_1_349' title='bbox 670 3764 983 3835; x_wconf 89' lang='lat' dir='ltr'>Composita</span> <span class='ocrx_word' id='word_1_350' title='bbox 1016 3768 1196 3835; x_wconf 81' lang='lat' dir='ltr'>-igitur</span> <span class='ocrx_word' id='word_1_351' title='bbox 1246 3768 1394 3824; x_wconf 84' lang='lat' dir='ltr'>latus</span> <span class='ocrx_word' id='word_1_352' title='bbox 1440 3768 1703 3841; x_wconf 76' lang='lat' dir='ltr'>decagoni</span> <span class='ocrx_word' id='word_1_353' title='bbox 1737 3784 1860 3823; x_wconf 89' lang='lat' dir='ltr'>cum</span> <span class='ocrx_word' id='word_1_354' title='bbox 1894 3767 2066 3823; x_wconf 86' lang='lat' dir='ltr'>latere</span> <span class='ocrx_word' id='word_1_355' title='bbox 2101 3781 2234 3823; x_wconf 89' lang='lat' dir='ltr'>suae</span> <span class='ocrx_word' id='word_1_356' title='bbox 2270 3766 2458 3821; x_wconf 86' lang='lat' dir='ltr'>stellae</span> <span class='ocrx_word' id='word_1_357' title='bbox 2478 3809 2492 3835; x_wconf 91' lang='lat'>,</span> <span class='ocrx_word' id='word_1_358' title='bbox 2544 3764 2752 3833; x_wconf 73' lang='lat' dir='ltr'>faciunt</span> <span class='ocrx_word' id='word_1_359' title='bbox 2786 3756 3054 3820; x_wconf 68' lang='lat' dir='ltr'>affabilem</span> <span class='ocrx_word' id='word_1_360' title='bbox 3088 3769 3183 3828; x_wconf 79' lang='lat' dir='ltr'>po·</span> 
     </span>
     <span class='ocr_line' id='line_1_33' title="bbox 494 3840 3183 3918; baseline 0 -23"><span class='ocrx_word' id='word_1_361' title='bbox 494 3843 667 3918; x_wconf 75' lang='lat' dir='ltr'>tentia</span> <span class='ocrx_word' id='word_1_362' title='bbox 702 3843 834 3909; x_wconf 87' lang='lat' dir='ltr'>sola,</span> <span class='ocrx_word' id='word_1_363' title='bbox 869 3852 1145 3913; x_wconf 85' lang='lat' dir='ltr'>potentem</span> <span class='ocrx_word' id='word_1_364' title='bbox 1182 3845 1248 3915; x_wconf 60' lang='grc' dir='ltr'>Ἃ</span> <span class='ocrx_word' id='word_1_365' title='bbox 1287 3847 1354 3903; x_wconf 89' lang='lat' dir='ltr'>de</span> <span class='ocrx_word' id='word_1_366' title='bbox 1388 3849 1633 3918; x_wconf 85' lang='lat' dir='ltr'>potentia</span> <span class='ocrx_word' id='word_1_367' title='bbox 1666 3847 2064 3916; x_wconf 76' lang='lat' dir='ltr'>semidiametri,</span> <span class='ocrx_word' id='word_1_368' title='bbox 2102 3860 2241 3914; x_wconf 86' lang='lat' dir='ltr'>quae</span> <span class='ocrx_word' id='word_1_369' title='bbox 2274 3844 2331 3899; x_wconf 88' lang='lat' dir='ltr'>in</span> <span class='ocrx_word' id='word_1_370' title='bbox 2366 3843 2639 3906; x_wconf 74' lang='lat' dir='ltr'>schemate</span> <span class='ocrx_word' id='word_1_371' title='bbox 2673 3842 3033 3914; x_wconf 86' lang='lat' dir='ltr'>praecedente</span> <span class='ocrx_word' id='word_1_372' title='bbox 3056 3840 3183 3897; x_wconf 77' lang='lat' dir='ltr'>Nro.</span> 
     </span>
     <span class='ocr_line' id='line_1_34' title="bbox 493 3921 3184 3998; baseline 0 -22"><span class='ocrx_word' id='word_1_373' title='bbox 493 3921 543 3976; x_wconf 87' lang='lat'>8.</span> <span class='ocrx_word' id='word_1_374' title='bbox 578 3930 667 3976; x_wconf 80' lang='lat' dir='ltr'>eat</span> <span class='ocrx_word' id='word_1_375' title='bbox 699 3922 812 3989; x_wconf 79' lang='lat' dir='ltr'>Px,</span> <span class='ocrx_word' id='word_1_376' title='bbox 866 3926 1164 3994; x_wconf 82' lang='lat' dir='ltr'>composita</span> <span class='ocrx_word' id='word_1_377' title='bbox 1197 3942 1267 3981; x_wconf 84' lang='lat' dir='ltr'>ex</span> <span class='ocrx_word' id='word_1_378' title='bbox 1302 3928 1396 3983; x_wconf 80' lang='grc' dir='ltr'>ΡΑ</span> <span class='ocrx_word' id='word_1_379' title='bbox 1431 3926 1671 3998; x_wconf 84' lang='lat' dir='ltr'>(aequali</span> <span class='ocrx_word' id='word_1_380' title='bbox 1705 3927 1810 3997; x_wconf 86' lang='lat' dir='ltr'>ipsi</span> <span class='ocrx_word' id='word_1_381' title='bbox 1848 3926 1971 3995; x_wconf 81' lang='grc' dir='ltr'>ΟΔ)</span> <span class='ocrx_word' id='word_1_382' title='bbox 2007 3934 2064 3981; x_wconf 89' lang='lat' dir='ltr'>et</span> <span class='ocrx_word' id='word_1_383' title='bbox 2094 3925 2228 3993; x_wconf 84' lang='lat' dir='ltr'>AX,</span> <span class='ocrx_word' id='word_1_384' title='bbox 2282 3924 2423 3980; x_wconf 89' lang='lat' dir='ltr'>inter</span> <span class='ocrx_word' id='word_1_385' title='bbox 2457 3938 2591 3993; x_wconf 80' lang='lat' dir='ltr'>quaa</span> <span class='ocrx_word' id='word_1_386' title='bbox 2629 3930 2713 3978; x_wconf 87' lang='lat' dir='ltr'>est</span> <span class='ocrx_word' id='word_1_387' title='bbox 2747 3922 2929 3979; x_wconf 89' lang='lat' dir='ltr'>media</span> <span class='ocrx_word' id='word_1_388' title='bbox 2960 3933 3184 3990; x_wconf 80' lang='lat' dir='ltr'>propor-</span> 
     </span>
     <span class='ocr_line' id='line_1_35' title="bbox 494 3997 2726 4061; baseline 0.006 -8"><span class='ocrx_word' id='word_1_389' title='bbox 494 3998 713 4056; x_wconf 69' lang='lat' dir='ltr'>fiomin·</span> <span class='ocrx_word' id='word_1_390' title='bbox 749 4001 852 4057; x_wconf 64' lang='lat' dir='ltr'>Ga</span> <span class='ocrx_word' id='word_1_391' title='bbox 882 4002 1128 4061; x_wconf 77' lang='lat' dir='ltr'>effabilis.</span> <span class='ocrx_word' id='word_1_392' title='bbox 2720 3997 2726 4006; x_wconf 89' lang='lat'>&#39;</span> 
     </span>
    </p>

    <p class='ocr_par' dir='ltr' id='par_1_7' title="bbox 495 4075 3183 4235">
     <span class='ocr_line' id='line_1_36' title="bbox 671 4075 3183 4162; baseline 0.001 -30"><span class='ocrx_word' id='word_1_393' title='bbox 671 4079 919 4138; x_wconf 77' lang='lat' dir='ltr'>vicissim</span> <span class='ocrx_word' id='word_1_394' title='bbox 972 4082 1301 4142; x_wconf 85' lang='lat' dir='ltr'>abstractum</span> <span class='ocrx_word' id='word_1_395' title='bbox 1338 4083 1600 4154; x_wconf 84' lang='lat' dir='ltr'>decagoni</span> <span class='ocrx_word' id='word_1_396' title='bbox 1641 4084 1787 4141; x_wconf 79' lang='lat' dir='ltr'>latua</span> <span class='ocrx_word' id='word_1_397' title='bbox 1823 4085 1916 4141; x_wconf 82' lang='lat' dir='ltr'>OF</span> <span class='ocrx_word' id='word_1_398' title='bbox 1964 4099 1997 4139; x_wconf 89' lang='lat' dir='ltr'>a</span> <span class='ocrx_word' id='word_1_399' title='bbox 2028 4084 2200 4140; x_wconf 86' lang='lat' dir='ltr'>latere</span> <span class='ocrx_word' id='word_1_400' title='bbox 2250 4082 2442 4143; x_wconf 75' lang='lat' dir='ltr'>stellae</span> <span class='ocrx_word' id='word_1_401' title='bbox 2476 4082 2549 4137; x_wconf 89' lang='lat' dir='ltr'>FI</span> <span class='ocrx_word' id='word_1_402' title='bbox 2563 4123 2576 4148; x_wconf 90' lang='lat'>‚</span> <span class='ocrx_word' id='word_1_403' title='bbox 2629 4080 2885 4151; x_wconf 88' lang='lat' dir='ltr'>relinquit</span> <span class='ocrx_word' id='word_1_404' title='bbox 2919 4075 3183 4162; x_wconf 52' lang='lat' dir='ltr'>effabilm</span> 
     </span>
     <span class='ocr_line' id='line_1_37' title="bbox 495 4154 2068 4235; baseline 0.004 -24"><span class='ocrx_word' id='word_1_405' title='bbox 495 4154 581 4221; x_wconf 90' lang='lat'>01,</span> <span class='ocrx_word' id='word_1_406' title='bbox 615 4173 698 4230; x_wconf 74' lang='lat' dir='ltr'>ac.</span> <span class='ocrx_word' id='word_1_407' title='bbox 733 4159 1203 4217; x_wconf 79' lang='lat' dir='ltr'>semidiametrnm.</span> <span class='ocrx_word' id='word_1_408' title='bbox 1276 4163 1361 4218; x_wconf 85' lang='lat' dir='ltr'>Ita</span> <span class='ocrx_word' id='word_1_409' title='bbox 1396 4179 1495 4235; x_wconf 89' lang='lat' dir='ltr'>per</span> <span class='ocrx_word' id='word_1_410' title='bbox 1526 4165 1621 4220; x_wconf 89' lang='lat' dir='ltr'>illa</span> <span class='ocrx_word' id='word_1_411' title='bbox 1657 4164 1792 4221; x_wconf 84' lang='lat' dir='ltr'>nihil</span> <span class='ocrx_word' id='word_1_412' title='bbox 1828 4163 1893 4219; x_wconf 83' lang='lat' dir='ltr'>fit</span> <span class='ocrx_word' id='word_1_413' title='bbox 1928 4162 2068 4219; x_wconf 79' lang='lat' dir='ltr'>novi.</span> 
     </span>
    </p>
   </div>
   <div class='ocr_carea' id='block_1_4' title="bbox 2243 1365 3124 2401">
    <p class='ocr_par' dir='ltr' id='par_1_8' title="bbox 2243 1365 3124 2401">
     <span class='ocr_line' id='line_1_38' title="bbox 2243 1365 3124 2401; baseline 0 0"><span class='ocrx_word' id='word_1_414' title='bbox 2243 1365 3124 2401; x_wconf 95' lang='lat' dir='ltr'> </span> 
     </span>
    </p>
   </div>
   <div class='ocr_carea' id='block_1_5' title="bbox 496 4261 3183 4455">
    <p class='ocr_par' dir='ltr' id='par_1_9' title="bbox 496 4261 3183 4455">
     <span class='ocr_line' id='line_1_39' title="bbox 667 4261 3183 4368; baseline -0.001 -22"><span class='ocrx_word' id='word_1_415' title='bbox 667 4283 867 4349; x_wconf 86' lang='lat' dir='ltr'>XLII.</span> <span class='ocrx_word' id='word_1_416' title='bbox 915 4261 1379 4366; x_wconf 33' lang='lat' dir='ltr'>Proposi-tio.</span> <span class='ocrx_word' id='word_1_417' title='bbox 1457 4291 1670 4354; x_wconf 84' lang='lat' dir='ltr'>Latera</span> <span class='ocrx_word' id='word_1_418' title='bbox 1715 4291 2036 4368; x_wconf 82' lang='lat' dir='ltr'>pentagoni</span> <span class='ocrx_word' id='word_1_419' title='bbox 2080 4299 2140 4350; x_wconf 87' lang='lat' dir='ltr'>et</span> <span class='ocrx_word' id='word_1_420' title='bbox 2182 4287 2389 4351; x_wconf 83' lang='lat' dir='ltr'>stellae</span> <span class='ocrx_word' id='word_1_421' title='bbox 2419 4290 2843 4365; x_wconf 82' lang='lat' dir='ltr'>pentagouicae</span> <span class='ocrx_word' id='word_1_422' title='bbox 2889 4302 2996 4346; x_wconf 83' lang='lat' dir='ltr'>seu</span> <span class='ocrx_word' id='word_1_423' title='bbox 3038 4279 3183 4344; x_wconf 80' lang='lat' dir='ltr'>sub-</span> 
     </span>
     <span class='ocr_line' id='line_1_40' title="bbox 496 4369 3183 4455; baseline 0 -24"><span class='ocrx_word' id='word_1_424' title='bbox 496 4380 663 4432; x_wconf 86' lang='lat' dir='ltr'>tensa</span> <span class='ocrx_word' id='word_1_425' title='bbox 707 4369 942 4437; x_wconf 85' lang='lat' dir='ltr'>duabus</span> <span class='ocrx_word' id='word_1_426' title='bbox 984 4378 1201 4452; x_wconf 85' lang='lat' dir='ltr'>quintis</span> <span class='ocrx_word' id='word_1_427' title='bbox 1246 4380 1510 4455; x_wconf 85' lang='lat' dir='ltr'>partibus</span> <span class='ocrx_word' id='word_1_428' title='bbox 1566 4380 1799 4453; x_wconf 84' lang='lat' dir='ltr'>circuli,</span> <span class='ocrx_word' id='word_1_429' title='bbox 1864 4378 2311 4455; x_wconf 79' lang='lat' dir='ltr'>descriptionem</span> <span class='ocrx_word' id='word_1_430' title='bbox 2374 4376 2591 4437; x_wconf 87' lang='lat' dir='ltr'>habent</span> <span class='ocrx_word' id='word_1_431' title='bbox 2646 4376 3055 4453; x_wconf 83' lang='lat' dir='ltr'>geometricam</span> <span class='ocrx_word' id='word_1_432' title='bbox 3112 4386 3183 4432; x_wconf 85' lang='lat' dir='ltr'>ex</span> 
     </span>
    </p>
   </div>
   <div class='ocr_carea' id='block_1_6' title="bbox 493 4454 3183 4623">
    <p class='ocr_par' dir='ltr' id='par_1_10' title="bbox 493 4454 3183 4623">
     <span class='ocr_line' id='line_1_41' title="bbox 495 4454 3183 4607; baseline -0 -88"><span class='ocrx_word' id='word_1_433' title='bbox 495 4460 728 4607; x_wconf 57' lang='grc' dir='ltr'>ιιιςὲιΙὶε</span> <span class='ocrx_word' id='word_1_434' title='bbox 773 4471 1025 4540; x_wconf 81' lang='lat' dir='ltr'>suntque</span> <span class='ocrx_word' id='word_1_435' title='bbox 1069 4454 1338 4541; x_wconf 57' lang='lat' dir='ltr'>scibilim.</span> <span class='ocrx_word' id='word_1_436' title='bbox 1362 4466 1598 4545; x_wconf 80' lang='lat' dir='ltr'>singula</span> <span class='ocrx_word' id='word_1_437' title='bbox 1642 4475 1856 4526; x_wconf 84' lang='lat' dir='ltr'>octavo</span> <span class='ocrx_word' id='word_1_438' title='bbox 1907 4463 2111 4542; x_wconf 87' lang='lat' dir='ltr'>gradu,</span> <span class='ocrx_word' id='word_1_439' title='bbox 2151 4466 2357 4541; x_wconf 89' lang='lat' dir='ltr'>juncta</span> <span class='ocrx_word' id='word_1_440' title='bbox 2402 4472 2522 4525; x_wconf 87' lang='lat' dir='ltr'>tam</span> <span class='ocrx_word' id='word_1_441' title='bbox 2568 4471 2733 4524; x_wconf 82' lang='lat' dir='ltr'>sexto</span> <span class='ocrx_word' id='word_1_442' title='bbox 2769 4478 2941 4538; x_wconf 86' lang='lat' dir='ltr'>quam</span> <span class='ocrx_word' id='word_1_443' title='bbox 2975 4465 3183 4537; x_wconf 83' lang='lat' dir='ltr'>quarto</span> 
     </span>
     <span class='ocr_line' id='line_1_42' title="bbox 493 4552 2963 4623; baseline 0.007 -17"><span class='ocrx_word' id='word_1_444' title='bbox 493 4564 595 4623; x_wconf 87' lang='lat' dir='ltr'>gra</span> <span class='ocrx_word' id='word_1_445' title='bbox 639 4567 680 4609; x_wconf 88' lang='lat' dir='ltr'>u</span> <span class='ocrx_word' id='word_1_446' title='bbox 724 4552 1023 4612; x_wconf 79' lang='lat' dir='ltr'>scientiae.</span> <span class='ocrx_word' id='word_1_447' title='bbox 2938 4557 2963 4590; x_wconf 82' lang='grc'>·“</span> 
     </span>
    </p>
   </div>
   <div class='ocr_carea' id='block_1_7' title="bbox 489 4646 3242 5753">
    <p class='ocr_par' dir='ltr' id='par_1_11' title="bbox 489 4646 3242 5354">
     <span class='ocr_line' id='line_1_43' title="bbox 666 4646 3181 4720; baseline -0.001 -17"><span class='ocrx_word' id='word_1_448' title='bbox 666 4648 973 4720; x_wconf 84' lang='lat' dir='ltr'>Descriptio</span> <span class='ocrx_word' id='word_1_449' title='bbox 1010 4661 1164 4710; x_wconf 85' lang='lat' dir='ltr'>extra</span> <span class='ocrx_word' id='word_1_450' title='bbox 1187 4654 1444 4708; x_wconf 88' lang='lat' dir='ltr'>circulum</span> <span class='ocrx_word' id='word_1_451' title='bbox 1470 4659 1556 4708; x_wconf 84' lang='lat' dir='ltr'>est</span> <span class='ocrx_word' id='word_1_452' title='bbox 1578 4653 1728 4708; x_wconf 82' lang='lat' dir='ltr'>talis:</span> <span class='ocrx_word' id='word_1_453' title='bbox 1767 4653 1814 4708; x_wconf 81' lang='lat' dir='ltr'>si</span> <span class='ocrx_word' id='word_1_454' title='bbox 1850 4651 1993 4709; x_wconf 83' lang='lat' dir='ltr'>latus</span> <span class='ocrx_word' id='word_1_455' title='bbox 2029 4652 2272 4707; x_wconf 81' lang='lat' dir='ltr'>futurum</span> <span class='ocrx_word' id='word_1_456' title='bbox 2288 4649 2456 4706; x_wconf 74' lang='lat' dir='ltr'>detur</span> <span class='ocrx_word' id='word_1_457' title='bbox 2491 4648 2840 4719; x_wconf 85' lang='lat' dir='ltr'>longitudine,</span> <span class='ocrx_word' id='word_1_458' title='bbox 2878 4646 3181 4702; x_wconf 71' lang='lat' dir='ltr'>secabimu·</span> 
     </span>
     <span class='ocr_line' id='line_1_44' title="bbox 491 4724 3185 4804; baseline -0.001 -22"><span class='ocrx_word' id='word_1_459' title='bbox 491 4725 627 4784; x_wconf 85' lang='lat' dir='ltr'>illud</span> <span class='ocrx_word' id='word_1_460' title='bbox 665 4726 1158 4797; x_wconf 76' lang='lat' dir='ltr'>proportionaliter,</span> <span class='ocrx_word' id='word_1_461' title='bbox 1192 4747 1295 4804; x_wconf 87' lang='lat' dir='ltr'>per</span> <span class='ocrx_word' id='word_1_462' title='bbox 1327 4734 1395 4788; x_wconf 90' lang='lat'>11.</span> <span class='ocrx_word' id='word_1_463' title='bbox 1423 4734 1507 4788; x_wconf 78' lang='lat'>11.</span> <span class='ocrx_word' id='word_1_464' title='bbox 1542 4733 1629 4787; x_wconf 83' lang='lat' dir='ltr'>vel</span> <span class='ocrx_word' id='word_1_465' title='bbox 1657 4733 1756 4788; x_wconf 76' lang='lat' dir='ltr'>VI.</span> <span class='ocrx_word' id='word_1_466' title='bbox 1784 4733 1852 4789; x_wconf 82' lang='lat'>30</span> <span class='ocrx_word' id='word_1_467' title='bbox 1896 4731 2067 4801; x_wconf 84' lang='lat' dir='ltr'>Eucl.‚</span> <span class='ocrx_word' id='word_1_468' title='bbox 2106 4730 2261 4800; x_wconf 86' lang='lat' dir='ltr'>eique</span> <span class='ocrx_word' id='word_1_469' title='bbox 2298 4731 2650 4800; x_wconf 84' lang='lat' dir='ltr'>adjungemus</span> <span class='ocrx_word' id='word_1_470' title='bbox 2687 4737 2896 4800; x_wconf 71' lang='lat' dir='ltr'>partem</span> <span class='ocrx_word' id='word_1_471' title='bbox 2931 4724 3185 4782; x_wconf 73' lang='lat' dir='ltr'>sectionis</span> 
     </span>
     <span class='ocr_line' id='line_1_45' title="bbox 489 4808 3186 4879; baseline -0.001 -17"><span class='ocrx_word' id='word_1_472' title='bbox 489 4809 779 4876; x_wconf 80' lang='lat' dir='ltr'>majorem:</span> <span class='ocrx_word' id='word_1_473' title='bbox 818 4816 874 4863; x_wconf 90' lang='lat' dir='ltr'>et</span> <span class='ocrx_word' id='word_1_474' title='bbox 908 4808 1066 4864; x_wconf 80' lang='lat' dir='ltr'>factis</span> <span class='ocrx_word' id='word_1_475' title='bbox 1101 4810 1314 4868; x_wconf 81' lang='lat' dir='ltr'>duobus</span> <span class='ocrx_word' id='word_1_476' title='bbox 1339 4810 1602 4876; x_wconf 70' lang='lat' dir='ltr'>cruribuS,</span> <span class='ocrx_word' id='word_1_477' title='bbox 1641 4809 1980 4879; x_wconf 84' lang='lat' dir='ltr'>compositae</span> <span class='ocrx_word' id='word_1_478' title='bbox 2015 4809 2334 4879; x_wconf 84' lang='lat' dir='ltr'>aequalibus</span> <span class='ocrx_word' id='word_1_479' title='bbox 2363 4809 2602 4878; x_wconf 79' lang='lat' dir='ltr'>singulis,</span> <span class='ocrx_word' id='word_1_480' title='bbox 2641 4823 2709 4862; x_wconf 88' lang='lat' dir='ltr'>ex</span> <span class='ocrx_word' id='word_1_481' title='bbox 2745 4808 3025 4876; x_wconf 83' lang='lat' dir='ltr'>proposita</span> <span class='ocrx_word' id='word_1_482' title='bbox 3058 4816 3186 4859; x_wconf 81' lang='lat' dir='ltr'>vero</span> 
     </span>
     <span class='ocr_line' id='line_1_46' title="bbox 490 4886 3184 4961; baseline -0.003 -19"><span class='ocrx_word' id='word_1_483' title='bbox 490 4887 635 4942; x_wconf 68' lang='lat' dir='ltr'>taeta</span> <span class='ocrx_word' id='word_1_484' title='bbox 670 4887 808 4955; x_wconf 74' lang='lat' dir='ltr'>basi,</span> <span class='ocrx_word' id='word_1_485' title='bbox 843 4888 1172 4959; x_wconf 86' lang='lat' dir='ltr'>triangulum</span> <span class='ocrx_word' id='word_1_486' title='bbox 1207 4898 1508 4947; x_wconf 82' lang='lat' dir='ltr'>statuemus</span> <span class='ocrx_word' id='word_1_487' title='bbox 1542 4889 1854 4961; x_wconf 87' lang='lat' dir='ltr'>pentagonii</span> <span class='ocrx_word' id='word_1_488' title='bbox 1890 4889 2147 4944; x_wconf 86' lang='lat' dir='ltr'>intimum.</span> <span class='ocrx_word' id='word_1_489' title='bbox 2219 4890 2301 4950; x_wconf 64' lang='grc' dir='ltr'>ςῦι</span> <span class='ocrx_word' id='word_1_490' title='bbox 2337 4893 2418 4941; x_wconf 80' lang='lat' dir='ltr'>hic</span> <span class='ocrx_word' id='word_1_491' title='bbox 2455 4892 2547 4951; x_wconf 76' lang='lat' dir='ltr'>FB,</span> <span class='ocrx_word' id='word_1_492' title='bbox 2588 4889 2675 4938; x_wconf 79' lang='grc' dir='ltr'>ΒΗ</span> <span class='ocrx_word' id='word_1_493' title='bbox 2702 4903 2856 4952; x_wconf 65' lang='lat' dir='ltr'>crura,</span> <span class='ocrx_word' id='word_1_494' title='bbox 2894 4886 2988 4936; x_wconf 80' lang='lat' dir='ltr'>FH</span> <span class='ocrx_word' id='word_1_495' title='bbox 3008 4887 3184 4945; x_wconf 72' lang='lat' dir='ltr'>buta.)</span> 
     </span>
     <span class='ocr_line' id='line_1_47' title="bbox 495 4957 3189 5040; baseline -0.002 -20"><span class='ocrx_word' id='word_1_496' title='bbox 495 4957 627 5020; x_wconf 74' lang='lat' dir='ltr'>Cum</span> <span class='ocrx_word' id='word_1_497' title='bbox 664 4967 809 5021; x_wconf 86' lang='lat' dir='ltr'>enim</span> <span class='ocrx_word' id='word_1_498' title='bbox 845 4984 969 5023; x_wconf 87' lang='lat' dir='ltr'>crus</span> <span class='ocrx_word' id='word_1_499' title='bbox 1005 4971 1359 5038; x_wconf 73' lang='lat' dir='ltr'>compositum</span> <span class='ocrx_word' id='word_1_500' title='bbox 1397 4978 1610 5025; x_wconf 83' lang='lat' dir='ltr'>constet</span> <span class='ocrx_word' id='word_1_501' title='bbox 1644 4985 1712 5024; x_wconf 82' lang='lat' dir='ltr'>ex</span> <span class='ocrx_word' id='word_1_502' title='bbox 1748 4976 1866 5025; x_wconf 89' lang='lat' dir='ltr'>tota</span> <span class='ocrx_word' id='word_1_503' title='bbox 1910 4970 2192 5040; x_wconf 79' lang='lat' dir='ltr'>proposita</span> <span class='ocrx_word' id='word_1_504' title='bbox 2240 4969 2465 5036; x_wconf 85' lang='lat' dir='ltr'>ejusque</span> <span class='ocrx_word' id='word_1_505' title='bbox 2513 4974 2665 5037; x_wconf 84' lang='lat' dir='ltr'>parte</span> <span class='ocrx_word' id='word_1_506' title='bbox 2699 4964 2890 5033; x_wconf 85' lang='lat' dir='ltr'>majori</span> <span class='ocrx_word' id='word_1_507' title='bbox 2926 4960 3189 5018; x_wconf 65' lang='lat' dir='ltr'>sectionis</span> 
     </span>
     <span class='ocr_line' id='line_1_48' title="bbox 494 5040 3186 5129; baseline -0.002 -30"><span class='ocrx_word' id='word_1_508' title='bbox 494 5043 735 5115; x_wconf 63' lang='lat' dir='ltr'>divinae,</span> <span class='ocrx_word' id='word_1_509' title='bbox 790 5048 952 5129; x_wconf 70' lang='lat' dir='ltr'>etiam</span> <span class='ocrx_word' id='word_1_510' title='bbox 1000 5050 1298 5119; x_wconf 85' lang='lat' dir='ltr'>composita</span> <span class='ocrx_word' id='word_1_511' title='bbox 1344 5049 1423 5105; x_wconf 87' lang='lat' dir='ltr'>sic</span> <span class='ocrx_word' id='word_1_512' title='bbox 1472 5050 1756 5108; x_wconf 82' lang='lat' dir='ltr'>etit-secta</span> <span class='ocrx_word' id='word_1_513' title='bbox 1776 5092 1789 5118; x_wconf 94' lang='lat'>,</span> <span class='ocrx_word' id='word_1_514' title='bbox 1841 5050 2069 5120; x_wconf 86' lang='lat' dir='ltr'>ejusque</span> <span class='ocrx_word' id='word_1_515' title='bbox 2120 5063 2264 5128; x_wconf 46' lang='lat' dir='ltr'>pars·</span> <span class='ocrx_word' id='word_1_516' title='bbox 2296 5047 2467 5115; x_wconf 88' lang='lat' dir='ltr'>major</span> <span class='ocrx_word' id='word_1_517' title='bbox 2509 5046 2611 5099; x_wconf 87' lang='lat' dir='ltr'>erit</span> <span class='ocrx_word' id='word_1_518' title='bbox 2658 5045 2800 5099; x_wconf 81' lang='lat' dir='ltr'>latus</span> <span class='ocrx_word' id='word_1_519' title='bbox 2846 5040 3186 5113; x_wconf 76' lang='lat' dir='ltr'>propositum</span> 
     </span>
     <span class='ocr_line' id='line_1_49' title="bbox 495 5118 3185 5199; baseline -0.004 -15"><span class='ocrx_word' id='word_1_520' title='bbox 495 5138 672 5191; x_wconf 80' lang='lat' dir='ltr'>eoque</span> <span class='ocrx_word' id='word_1_521' title='bbox 706 5125 963 5197; x_wconf 86' lang='lat' dir='ltr'>trianguli</span> <span class='ocrx_word' id='word_1_522' title='bbox 998 5128 1163 5198; x_wconf 81' lang='lat' dir='ltr'>hujus</span> <span class='ocrx_word' id='word_1_523' title='bbox 1200 5127 1432 5199; x_wconf 87' lang='lat' dir='ltr'>angulus</span> <span class='ocrx_word' id='word_1_524' title='bbox 1470 5129 1539 5185; x_wconf 91' lang='lat' dir='ltr'>ad</span> <span class='ocrx_word' id='word_1_525' title='bbox 1575 5128 1730 5185; x_wconf 79' lang='lat' dir='ltr'>baain</span> <span class='ocrx_word' id='word_1_526' title='bbox 1768 5128 1967 5197; x_wconf 87' lang='lat' dir='ltr'>duplus</span> <span class='ocrx_word' id='word_1_527' title='bbox 2004 5128 2106 5184; x_wconf 87' lang='lat' dir='ltr'>erit</span> <span class='ocrx_word' id='word_1_528' title='bbox 2141 5126 2258 5194; x_wconf 83' lang='lat' dir='ltr'>ejus</span> <span class='ocrx_word' id='word_1_529' title='bbox 2292 5125 2361 5180; x_wconf 86' lang='lat' dir='ltr'>ad</span> <span class='ocrx_word' id='word_1_530' title='bbox 2399 5124 2667 5192; x_wconf 84' lang='lat' dir='ltr'>verticem,</span> <span class='ocrx_word' id='word_1_531' title='bbox 2706 5134 2766 5180; x_wconf 89' lang='lat' dir='ltr'>ut</span> <span class='ocrx_word' id='word_1_532' title='bbox 2802 5138 2970 5193; x_wconf 86' lang='lat' dir='ltr'>supra</span> <span class='ocrx_word' id='word_1_533' title='bbox 3002 5121 3058 5182; x_wconf 85' lang='lat' dir='ltr'>in</span> <span class='ocrx_word' id='word_1_534' title='bbox 3094 5118 3185 5174; x_wconf 81' lang='lat' dir='ltr'>de-</span> 
     </span>
     <span class='ocr_line' id='line_1_50' title="bbox 495 5199 3187 5277; baseline -0.002 -17"><span class='ocrx_word' id='word_1_535' title='bbox 495 5218 726 5272; x_wconf 85' lang='lat' dir='ltr'>cagono:</span> <span class='ocrx_word' id='word_1_536' title='bbox 764 5207 849 5261; x_wconf 89' lang='lat' dir='ltr'>cui</span> <span class='ocrx_word' id='word_1_537' title='bbox 887 5223 1051 5277; x_wconf 85' lang='lat' dir='ltr'>super</span> <span class='ocrx_word' id='word_1_538' title='bbox 1089 5209 1301 5264; x_wconf 87' lang='lat' dir='ltr'>duobus</span> <span class='ocrx_word' id='word_1_539' title='bbox 1339 5207 1495 5262; x_wconf 83' lang='lat' dir='ltr'>dictis</span> <span class='ocrx_word' id='word_1_540' title='bbox 1532 5206 1776 5262; x_wconf 87' lang='lat' dir='ltr'>cruribus</span> <span class='ocrx_word' id='word_1_541' title='bbox 1800 5213 1863 5260; x_wconf 92' lang='lat' dir='ltr'>ut</span> <span class='ocrx_word' id='word_1_542' title='bbox 1887 5205 2108 5262; x_wconf 85' lang='lat' dir='ltr'>basibus</span> <span class='ocrx_word' id='word_1_543' title='bbox 2144 5205 2453 5273; x_wconf 75' lang='lat' dir='ltr'>adjiciemus</span> <span class='ocrx_word' id='word_1_544' title='bbox 2479 5205 2586 5260; x_wconf 89' lang='lat' dir='ltr'>duo</span> <span class='ocrx_word' id='word_1_545' title='bbox 2609 5202 2879 5274; x_wconf 89' lang='lat' dir='ltr'>triangula</span> <span class='ocrx_word' id='word_1_546' title='bbox 2903 5199 3187 5265; x_wconf 78' lang='lat' dir='ltr'>exteriora,</span> 
     </span>
     <span class='ocr_line' id='line_1_51' title="bbox 496 5278 3242 5354; baseline -0 -20"><span class='ocrx_word' id='word_1_547' title='bbox 496 5281 571 5346; x_wconf 82' lang='lat' dir='ltr'>(ut</span> <span class='ocrx_word' id='word_1_548' title='bbox 604 5287 685 5338; x_wconf 71' lang='lat' dir='ltr'>hic</span> <span class='ocrx_word' id='word_1_549' title='bbox 731 5290 861 5344; x_wconf 76' lang='lat' dir='ltr'>FDB</span> <span class='ocrx_word' id='word_1_550' title='bbox 898 5299 1047 5352; x_wconf 68' lang='lat' dir='ltr'>super</span> <span class='ocrx_word' id='word_1_551' title='bbox 1082 5292 1161 5339; x_wconf 82' lang='lat' dir='ltr'>FB</span> <span class='ocrx_word' id='word_1_552' title='bbox 1198 5296 1244 5339; x_wconf 74' lang='grc' dir='ltr'>οι</span> <span class='ocrx_word' id='word_1_553' title='bbox 1278 5291 1417 5339; x_wconf 78' lang='grc' dir='ltr'>ΒΗΚ</span> <span class='ocrx_word' id='word_1_554' title='bbox 1454 5303 1603 5353; x_wconf 78' lang='lat' dir='ltr'>super</span> <span class='ocrx_word' id='word_1_555' title='bbox 1637 5290 1774 5354; x_wconf 79' lang='lat' dir='ltr'>BH),</span> <span class='ocrx_word' id='word_1_556' title='bbox 1807 5300 2035 5353; x_wconf 89' lang='lat' dir='ltr'>quorum</span> <span class='ocrx_word' id='word_1_557' title='bbox 2071 5299 2229 5339; x_wconf 89' lang='lat' dir='ltr'>crura</span> <span class='ocrx_word' id='word_1_558' title='bbox 2266 5283 2376 5336; x_wconf 87' lang='lat' dir='ltr'>siut</span> <span class='ocrx_word' id='word_1_559' title='bbox 2413 5279 2673 5350; x_wconf 79' lang='lat' dir='ltr'>aequalia&#39;</span> <span class='ocrx_word' id='word_1_560' title='bbox 2694 5281 2975 5352; x_wconf 83' lang='lat' dir='ltr'>proposito</span> <span class='ocrx_word' id='word_1_561' title='bbox 3012 5278 3185 5336; x_wconf 69' lang='lat' dir='ltr'>lateri.</span> <span class='ocrx_word' id='word_1_562' title='bbox 3235 5283 3242 5292; x_wconf 89' lang='lat'>&#39;</span> 
     </span>
    </p>

    <p class='ocr_par' dir='ltr' id='par_1_12' title="bbox 497 5355 3187 5670">
     <span class='ocr_line' id='line_1_52' title="bbox 666 5355 3186 5434; baseline -0.004 -14"><span class='ocrx_word' id='word_1_563' title='bbox 666 5364 957 5434; x_wconf 80' lang='lat' dir='ltr'>Inscriptio</span> <span class='ocrx_word' id='word_1_564' title='bbox 996 5367 1051 5420; x_wconf 89' lang='lat' dir='ltr'>in</span> <span class='ocrx_word' id='word_1_565' title='bbox 1087 5366 1347 5422; x_wconf 89' lang='lat' dir='ltr'>circulum</span> <span class='ocrx_word' id='word_1_566' title='bbox 1380 5363 1636 5420; x_wconf 58' lang='lat' dir='ltr'>&amp;cillima</span> <span class='ocrx_word' id='word_1_567' title='bbox 1680 5369 1765 5417; x_wconf 86' lang='lat' dir='ltr'>est</span> <span class='ocrx_word' id='word_1_568' title='bbox 1798 5379 1899 5431; x_wconf 87' lang='lat' dir='ltr'>per</span> <span class='ocrx_word' id='word_1_569' title='bbox 1935 5362 2079 5416; x_wconf 86' lang='lat' dir='ltr'>latus</span> <span class='ocrx_word' id='word_1_570' title='bbox 2116 5360 2392 5429; x_wconf 86' lang='lat' dir='ltr'>decagoni.</span> <span class='ocrx_word' id='word_1_571' title='bbox 2468 5362 2601 5417; x_wconf 84' lang='lat' dir='ltr'>Cum</span> <span class='ocrx_word' id='word_1_572' title='bbox 2636 5363 2777 5417; x_wconf 90' lang='lat' dir='ltr'>enim</span> <span class='ocrx_word' id='word_1_573' title='bbox 2813 5361 2881 5416; x_wconf 82' lang='lat' dir='ltr'>do</span> <span class='ocrx_word' id='word_1_574' title='bbox 2919 5362 2989 5417; x_wconf 87' lang='lat'>10</span> <span class='ocrx_word' id='word_1_575' title='bbox 3022 5355 3186 5413; x_wconf 73' lang='lat' dir='ltr'>semis</span> 
     </span>
     <span class='ocr_line' id='line_1_53' title="bbox 497 5435 3184 5514; baseline -0.003 -17"><span class='ocrx_word' id='word_1_576' title='bbox 497 5441 568 5496; x_wconf 79' lang='lat' dir='ltr'>ait</span> <span class='ocrx_word' id='word_1_577' title='bbox 601 5445 650 5512; x_wconf 74' lang='lat'>5,</span> <span class='ocrx_word' id='word_1_578' title='bbox 688 5443 919 5500; x_wconf 84' lang='lat' dir='ltr'>duorum</span> <span class='ocrx_word' id='word_1_579' title='bbox 955 5445 1119 5514; x_wconf 86' lang='lat' dir='ltr'>igitur</span> <span class='ocrx_word' id='word_1_580' title='bbox 1156 5443 1415 5513; x_wconf 84' lang='lat' dir='ltr'>decagoni</span> <span class='ocrx_word' id='word_1_581' title='bbox 1449 5441 1695 5510; x_wconf 86' lang='lat' dir='ltr'>laterum,</span> <span class='ocrx_word' id='word_1_582' title='bbox 1730 5440 1842 5510; x_wconf 84' lang='lat' dir='ltr'>FG,</span> <span class='ocrx_word' id='word_1_583' title='bbox 1882 5439 1983 5495; x_wconf 85' lang='lat' dir='ltr'>GH</span> <span class='ocrx_word' id='word_1_584' title='bbox 2020 5440 2393 5507; x_wconf 84' lang='lat' dir='ltr'>contiguorum</span> <span class='ocrx_word' id='word_1_585' title='bbox 2426 5439 2479 5493; x_wconf 92' lang='lat' dir='ltr'>in</span> <span class='ocrx_word' id='word_1_586' title='bbox 2511 5439 2557 5494; x_wconf 88' lang='lat' dir='ltr'>G</span> <span class='ocrx_word' id='word_1_587' title='bbox 2593 5440 2850 5494; x_wconf 85' lang='lat' dir='ltr'>terminos</span> <span class='ocrx_word' id='word_1_588' title='bbox 2875 5438 2939 5508; x_wconf 78' lang='lat' dir='ltr'>F,</span> <span class='ocrx_word' id='word_1_589' title='bbox 2973 5435 3026 5492; x_wconf 87' lang='grc' dir='ltr'>Η</span> <span class='ocrx_word' id='word_1_590' title='bbox 3061 5449 3184 5490; x_wconf 89' lang='lat' dir='ltr'>con·</span> 
     </span>
     <span class='ocr_line' id='line_1_54' title="bbox 498 5512 3187 5593; baseline -0.002 -17"><span class='ocrx_word' id='word_1_591' title='bbox 498 5530 800 5593; x_wconf 80' lang='lat' dir='ltr'>nectemus,</span> <span class='ocrx_word' id='word_1_592' title='bbox 845 5524 1098 5593; x_wconf 87' lang='lat' dir='ltr'>lineaque</span> <span class='ocrx_word' id='word_1_593' title='bbox 1134 5525 1231 5593; x_wconf 76' lang='lat' dir='ltr'>FII</span> <span class='ocrx_word' id='word_1_594' title='bbox 1269 5524 1371 5578; x_wconf 87' lang='lat' dir='ltr'>erit</span> <span class='ocrx_word' id='word_1_595' title='bbox 1406 5522 1547 5578; x_wconf 81' lang='lat' dir='ltr'>latus</span> <span class='ocrx_word' id='word_1_596' title='bbox 1584 5519 1908 5591; x_wconf 85' lang='lat' dir='ltr'>pentagoni.</span> <span class='ocrx_word' id='word_1_597' title='bbox 1959 5517 2037 5571; x_wconf 89' lang='lat' dir='ltr'>sic</span> <span class='ocrx_word' id='word_1_598' title='bbox 2072 5523 2128 5572; x_wconf 89' lang='lat' dir='ltr'>et</span> <span class='ocrx_word' id='word_1_599' title='bbox 2161 5518 2299 5585; x_wconf 79' lang='lat' dir='ltr'>HK3</span> <span class='ocrx_word' id='word_1_600' title='bbox 2337 5524 2394 5575; x_wconf 86' lang='lat' dir='ltr'>et</span> <span class='ocrx_word' id='word_1_601' title='bbox 2428 5520 2686 5575; x_wconf 84' lang='lat' dir='ltr'>connexis</span> <span class='ocrx_word' id='word_1_602' title='bbox 2720 5519 2803 5588; x_wconf 80' lang='lat' dir='ltr'>F,</span> <span class='ocrx_word' id='word_1_603' title='bbox 2835 5518 2886 5573; x_wconf 90' lang='lat' dir='ltr'><strong>K</strong></span> <span class='ocrx_word' id='word_1_604' title='bbox 2922 5512 3187 5579; x_wconf 72' lang='lat' dir='ltr'>terminis,</span> 
     </span>
     <span class='ocr_line' id='line_1_55' title="bbox 499 5590 3184 5670; baseline -0.003 -16"><span class='ocrx_word' id='word_1_605' title='bbox 499 5598 640 5656; x_wconf 84' lang='lat' dir='ltr'>linea</span> <span class='ocrx_word' id='word_1_606' title='bbox 673 5600 773 5657; x_wconf 73' lang='grc' dir='ltr'>ΕΚ</span> <span class='ocrx_word' id='word_1_607' title='bbox 809 5603 914 5657; x_wconf 89' lang='lat' dir='ltr'>erit</span> <span class='ocrx_word' id='word_1_608' title='bbox 950 5602 1095 5658; x_wconf 81' lang='lat' dir='ltr'>latus</span> <span class='ocrx_word' id='word_1_609' title='bbox 1131 5603 1334 5658; x_wconf 87' lang='lat' dir='ltr'>stellae.</span> <span class='ocrx_word' id='word_1_610' title='bbox 1408 5602 1490 5658; x_wconf 85' lang='lat' dir='ltr'>Sit</span> <span class='ocrx_word' id='word_1_611' title='bbox 1522 5601 1688 5670; x_wconf 85' lang='lat' dir='ltr'>igitur</span> <span class='ocrx_word' id='word_1_612' title='bbox 1743 5600 2083 5669; x_wconf 75' lang='lat' dir='ltr'>pentagonus</span> <span class='ocrx_word' id='word_1_613' title='bbox 2118 5595 2370 5670; x_wconf 78' lang='lat' dir='ltr'><strong>BDFHK</strong></span> <span class='ocrx_word' id='word_1_614' title='bbox 2417 5607 2474 5654; x_wconf 88' lang='lat' dir='ltr'>et</span> <span class='ocrx_word' id='word_1_615' title='bbox 2522 5596 2684 5654; x_wconf 85' lang='lat' dir='ltr'>stella</span> <span class='ocrx_word' id='word_1_616' title='bbox 2719 5597 2841 5666; x_wconf 75' lang='lat' dir='ltr'>eins</span> <span class='ocrx_word' id='word_1_617' title='bbox 2868 5590 3184 5651; x_wconf 81' lang='lat' dir='ltr'>BFKDHB.</span> 
     </span>
    </p>

    <p class='ocr_par' dir='ltr' id='par_1_13' title="bbox 667 5669 3186 5753">
     <span class='ocr_line' id='line_1_56' title="bbox 667 5669 3186 5753; baseline -0.005 -17"><span class='ocrx_word' id='word_1_618' title='bbox 667 5681 1021 5738; x_wconf 84' lang='lat' dir='ltr'>Demonstrat</span> <span class='ocrx_word' id='word_1_619' title='bbox 1052 5684 1216 5753; x_wconf 86' lang='lat' dir='ltr'>igitur</span> <span class='ocrx_word' id='word_1_620' title='bbox 1252 5682 1507 5739; x_wconf 89' lang='lat' dir='ltr'>Euclides</span> <span class='ocrx_word' id='word_1_621' title='bbox 1530 5679 1682 5735; x_wconf 85' lang='lat' dir='ltr'>XIII.</span> <span class='ocrx_word' id='word_1_622' title='bbox 1715 5682 1824 5749; x_wconf 88' lang='lat'>10.,</span> <span class='ocrx_word' id='word_1_623' title='bbox 1863 5675 2007 5747; x_wconf 87' lang='lat' dir='ltr'>quod</span> <span class='ocrx_word' id='word_1_624' title='bbox 2042 5675 2141 5733; x_wconf 75' lang='lat' dir='ltr'>FB</span> <span class='ocrx_word' id='word_1_625' title='bbox 2176 5676 2319 5733; x_wconf 81' lang='lat' dir='ltr'>latus</span> <span class='ocrx_word' id='word_1_626' title='bbox 2355 5676 2646 5748; x_wconf 78' lang='lat' dir='ltr'>pentagoni</span> <span class='ocrx_word' id='word_1_627' title='bbox 2678 5676 2853 5747; x_wconf 80' lang='lat' dir='ltr'>possit</span> <span class='ocrx_word' id='word_1_628' title='bbox 2885 5674 3058 5732; x_wconf 82' lang='lat' dir='ltr'>latera</span> <span class='ocrx_word' id='word_1_629' title='bbox 3089 5669 3186 5727; x_wconf 78' lang='lat' dir='ltr'>Fa</span> 
     </span>
    </p>
   </div>
   <div class='ocr_carea' id='block_1_8' title="bbox 2778 5767 2876 5829">
    <p class='ocr_par' dir='ltr' id='par_1_14' title="bbox 2778 5767 2876 5829">
     <span class='ocr_line' id='line_1_57' title="bbox 2778 5767 2876 5829; baseline 0 -25"><span class='ocrx_word' id='word_1_630' title='bbox 2778 5767 2876 5829; x_wconf 54' lang='lat' dir='ltr'>7ss</span> 
     </span>
    </p>
   </div>
  </div>
 </body>
</html>
