3684 7259
608 1192 753 1265 Appendix
782 1194 832 1264 ad¹
939 1157 944 1166 ι
1001 1192 1230 1250 Harmonicornm.
1266 1222 1268 1228 ·
1527 1192 1590 1255 88⁹

242 1370 438 1433 Bohemicum
461 1373 599 1448 ricinum,
623 1389 683 1448 quo
705 1379 735 1433 et
756 1374 861 1433 itinera
881 1381 951 1435 sunt
972 1372 1112 1450 impedita
1135 1379 1165 1434 et
1179 1373 1305 1450 operarii
1318 1370 1592 1448 plsrlqna‘nomios

246 1459 417 1540 profitentur
437 1458 568 1520 militiae.
612 1461 717 1536 ltaque
737 1464 863 1537 primum
885 1479 939 1522 nos
962 1479 1101 1540 papyrus,
1124 1459 1227 1520 deinde
1251 1469 1280 1520 st
1295 1476 1400 1537 operae
1422 1457 1514 1536 praeli
1536 1455 1591 1516 ad·

245 1549 396 1607 ministrae
418 1547 598 1620 deiecemnt,
628 1556 742 1624 tempus
766 1548 893 1626 denique
915 1541 1157 1634 fastidiosissimis
1180 1549 1267 1607 moris
1294 1548 1383 1607 nimio
1407 1551 1591 1624 protractum.

247 1634 363 1711 Quibus
385 1635 600 1713 impedimentis
634 1639 778 1696 excitatus
806 1639 857 1696 vix
880 1627 1074 1724 momnis
1101 1639 1214 1712 respexi
1244 1652 1399 1711 meumque
1429 1634 1592 1692 institutum

246 1724 382 1799 corripui,
406 1726 457 1797 qui
480 1724 586 1782 librum
608 1725 737 1783 auctoris
752 1726 855 1803 optimi
868 1714 1074 1802 Ptole'a'rssasa'l‘dt
1089 1725 1325 1784 commentatoris
1340 1721 1502 1800 Porphyrii,
1525 1736 1592 1778 nru-

245 1810 330 1872 tilata
353 1810 512 1888 particulae
536 1811 680 1885 editione,
711 1821 824 1872 tanturn
846 1829 905 1872 non
929 1815 1104 1902 expoliatam
1131 1813 1305 1889 ponitusque
1326 1810 1489 1881 abolerem,
1521 1808 1591 1883 quin
1654 1856 1662 1866 .

251 1901 351 1976 potins
374 1900 462 1975 igitur
484 1899 627 1974 reliquum
650 1916 757 1977 operae
780 1900 931 1959 dimidium
945 1901 1139 1960 inmersione
1163 1898 1381 1976 Porphyricoae
1404 1896 1594 1975 expositionis

245 1985 457 2063 impenderem,
480 1995 566 2046 notas
587 1990 616 2044 in
640 1990 737 2064 capita
759 1987 809 2047 tib.
825 1987 865 2046 IL
889 1997 919 2048 et
935 1988 990 2050 Ill.
1013 1986 1129 2047 residua
1152 1977 1363 2047 coniertbaram
1385 1992 1415 2045 et
1436 2001 1502 2044 cum
1518 1982 1593 2042 Por·

246 2074 398 2151 phyrianis
421 2090 546 2149 cumque
568 2076 618 2148 iis,
649 2092 723 2149 quas
747 2075 810 2151 jam
832 2074 929 2135 habeo
960 2077 1139 2153 conscriptae
1167 2073 1285 2133 inxlibr.
1308 2073 1363 2132 Ill.
1391 2089 1466 2151 pens
1489 2077 1592 2143 totum,

247 2161 471 2238 conjungerem,
496 2171 529 2219 ut
551 2165 593 2221 ita
615 2179 690 2238 opos
711 2164 871 2239 integretur
893 2173 922 2222 et
944 2180 1004 2239 qua
1025 2170 1109 2239 parta
1132 2169 1237 2234 exstat,
1260 2160 1498 2221 Graecolatinum
1520 2156 1593 2217 eda·

247 2248 316 2307 turi
360 2248 455 2324 Quam
486 2249 523 2308 ad
551 2249 708 2310 editionem
739 2250 820 2310 aliud
849 2258 965 2328 tempus
995 2251 1130 2327 aliusque
1156 2249 1240 2309 locus
1270 2251 1425 2325 requiritur
1452 2256 1482 2306 st
1503 2254 1592 2324 typo·

245 2336 375 2413 graphas
397 2336 530 2396 idonens.

333 2421 378 2483 Ne
402 2442 471 2484 raro
494 2423 565 2500 quid
587 2441 696 2498 eorum,
720 2441 796 2502 quae
817 2441 906 2503 supra
928 2440 993 2486 sum
1015 2424 1175 2503 pollicitus,
1203 2425 1320 2501 penitus
1337 2421 1499 2484 desiderari
1522 2437 1593 2499 pos·
1697 2444 1700 2449 ·

246 2520 291 2571 set
313 2528 332 2570 a
354 2511 477 2584 lectore,
507 2521 539 2571 ut
561 2529 597 2572 ne
620 2512 668 2571 rel
691 2514 721 2570 in
743 2513 799 2572 hac
822 2512 925 2573 ultima
948 2518 1029 2592 parto
1052 2511 1166 2572 deesset
1194 2511 1305 2588 aliquid
1334 2511 1372 2571 ad
1396 2510 1593 2584 integritatem

246 2615 299 2659 sen
321 2599 359 2658 ad
383 2599 542 2658 faciliorem
572 2599 753 2659 intellectum
782 2603 877 2677 operis
909 2601 1174 2672 mei-Harmonici,
1206 2616 1261 2677 aga
1283 2602 1418 2679 ‘capitum
1448 2596 1515 2656 libri
1537 2595 1592 2655 ΙΙΙ.

246 2686 409 2747 Ptolemaei
437 2687 537 2746 titulos
561 2688 724 2748 exscribam
753 2705 877 2764 cumque
899 2688 973 2748 locis
995 2689 1057 2748 suia
1087 2690 1116 2745 in
1139 2703 1226 2764 opero
1248 2702 1313 2747 meo
1336 2684 1529 2763 comparabo,
1564 2693 1594 2743 et

247 2774 317 2853 qnid
340 2776 370 2832 in
394 2777 471 2834 notis
493 2775 566 2834 meis
589 2777 673 2848 insit,
696 2778 853 2835 summaria
875 2778 988 2836 ratione
1012 2775 1201 2836 conscribam.
1256 2795 1258 2800 ·

332 2862 461 2920 Primum
477 2868 561 2938 'quae
584 2862 773 2923 Ptolemaeus
795 2862 877 2923 libris
891 2863 915 2922 I.
941 2863 979 2921 ll.
1003 2870 1033 2922 et
1054 2865 1137 2921 initio
1161 2863 1238 2921 tertii
1260 2860 1297 2920 ds
1318 2859 1488 2918 harmonica
1503 2855 1593 2916 disci·

246 2949 328 3029 plina
351 2949 480 3021 tradidit,
504 2950 555 3007 illa
577 2967 632 3027 ogo
655 2949 794 3009 methodo
817 2951 886 3023 alia,
909 2950 988 3009 iraud
1011 2950 1101 3029 paulo
1118 2948 1340 3027 strematico
1356 2946 1490 3007 meolll.
1512 2961 1594 3003 eom·
1693 3010 1700 3018 ,

246 3037 349 3115 plexos
372 3056 446 3096 snm.
492 3036 566 3095 Cum
589 3045 686 3098 antem
711 3037 898 3097 Ptolemaeus
921 3038 1137 3097 harmoniarum
1159 3037 1301 3113 principia
1324 3052 1359 3094 ex
1382 3035 1508 3093 numeris
1524 3032 1595 3092 ahs·
1719 3113 1722 3122 Ι

246 3128 347 3184 tractis
370 3133 451 3203 petat
473 3141 538 3182 cum
561 3125 724 3197 veteribus,
748 3143 804 3201 ego
827 3133 943 3198 contra,
968 3128 1027 3184 vim
1049 3126 1176 3185 numeris
1200 3132 1232 3182 ut
1254 3122 1475 3192 numerantibus
1497 3122 1594 3179 mesas

245 3229 375 3289 negans,
407 3229 458 3289 pro
482 3215 518 3268 iis
548 3230 684 3272 numeros
713 3221 896 3284 numeratos,
928 3213 957 3271 id
981 3222 1026 3274 eat
1048 3231 1093 3272 res
1116 3215 1195 3289 ipsas
1226 3212 1353 3271 numeris
1377 3212 1411 3267 iia
1433 3207 1592 3283 subjectas,

247 3300 355 3375 figuras
378 3317 418 3359 sc.
441 3300 546 3376 planas
570 3300 719 3376 regulares
747 3309 777 3360 st
799 3299 899 3361 circuli
923 3300 1083 3360 divisiones
1106 3301 1142 3359 iis'
1163 3296 1424 3370 administrandas,
1453 3296 1598 3373 principia

245 3396 378 3447 statuens
401 3387 643 3462 harmonicorum,
668 3390 832 3447 necessario
856 3388 947 3449 libros
969 3388 993 3452 1.
1015 3396 1045 3448 st
1067 3387 1106 3447 ΙΙ.
1139 3388 1176 3446 de
1198 3386 1299 3462 figuris
1323 3384 1498 3444 harmonicis
1528 3398 1594 3442 meo
1670 3427 1683 3447 ι

246 3475 321 3535 libro
345 3475 399 3532 Ill.
422 3476 569 3551 praemisi.
1450 3472 1455 3482 '

332 3562 401 3622 Jsm
414 3561 604 3620 Ptolemaeus
626 3562 701 3621 libro
725 3564 809 3621 tertio
833 3580 897 3639 cap.
922 3564 951 3621 3.
976 3564 1072 3639 operis
1094 3565 1139 3621 sui
1162 3562 1348 3641 praescripsit
1371 3554 1593 3619 hunctitulnm:

246 3650 310 3709 διὸ
340 3650 423 3726 qnod
447 3663 543 3724 penus
568 3668 673 3708 rerum
702 3650 863 3726 referendo
880 3653 930 3716 ¹sit
956 3658 1073 3710 notnrn
1103 3668 1155 3713 seu
1184 3652 1227 3708 ois
1257 3648 1437 3709 harmonico
1473 3648 1596 3720 &terque

246 3740 384 3809 scientio,
415 3735 584 3810 ostendens,
617 3736 696 3812 qnod
725 3740 762 3795 sit
785 3736 905 3814 aliquod
934 3740 1107 3816 principium
1139 3733 1270 3810 causale,
1300 3734 1438 3806 formale,
1469 3731 1595 3794 mentale

246 3825 380 3899 adeoque
405 3824 549 3896 divinum,
582 3824 661 3899 qood
684 3827 771 3883 rebus
795 3825 930 3884 conciliet
961 3826 1135 3885 harmonias.
1182 3824 1253 3901 Cap.
1279 3825 1307 3882 t.
1345 3822 1434 3901 Quod
1455 3824 1501 3880 os's
1521 3820 1597 3879 bor·

245 3916 384 3972 monicae
404 3915 688 3987 connumerationis
709 3913 849 3972 omnibns
870 3913 960 3972 redas
980 3917 1067 3988 s'nss't,
1089 3931 1224 3989 quornm
1246 3917 1380 3971 notnroe
1401 3910 1504 3969 altiori
1524 3925 1596 3981 per·

244 4002 379 4077 senionis
400 4000 501 4075 produ
523 4003 705 4072 manent,
729 4008 757 4058 et
779 4000 861 4075 quod
881 4001 914 4059 s‘d
935 4006 1069 4061 mommo
1090 4006 1242 4077 apparent
1260 4002 1295 4056 in
1316 3998 1463 4056 haimonis
1484 3996 1596 4055 oreimis

232 4091 338 4164 iraque
360 4088 529 4147 mebsttbos
550 4088 799 4147 recoiuts'onr'bna.
844 4085 903 4147 Ubi
927 4092 1111 4165 partitionem
1127 4087 1209 4146 rides
1225 4103 1334 4155 eorum,
1357 4101 1433 4160 quae
1448 4082 1599 4142 restabant

247 4174 417 4233 Ptolemaeo
441 4171 581 4247 dicenda3
609 4177 736 4251 primurn
758 4192 799 4234 sc.
824 4174 860 4234 dc
881 4175 1042 4235 harmoniis
1072 4177 1227 4235 inanimis
1250 4174 1457 4242 existentibus,
1488 4179 1595 4229 acono·

247 4263 316 4322 dum
340 4261 376 4321 de
400 4262 559 4320 harmoniis
591 4263 619 4320 in
643 4262 718 4323 coeli
741 4263 879 4323 motibus.
916 4264 961 4321 lit
990 4263 1141 4341 deprimo
1164 4261 1281 4336 quidem
1306 4268 1468 4336 sequnntur
1499 4258 1597 4334 capita
1670 4268 1675 4277 ’

248 4352 321 4422 iria,
346 4349 382 4408 de
406 4350 536 4408 secondo
558 4348 676 4409 residua
698 4354 796 4427 capita
817 4367 934 4409 novem.
980 4350 1052 4428 (lap.
1073 4351 1100 4409 5.
1126 4349 1340 4409 consonantias
1363 4346 1493 4424 singulas
1515 4361 1598 4424 com·

245 4447 332 4516 porat
354 4455 419 4495 cum
444 4436 633 4496 facultatibus
656 4440 772 4496 animae
795 4436 946 4496 rationalis
968 4437 1106 4514 singulis,
1138 4436 1226 4513 idque
1248 4436 1364 4495 concise
1389 4453 1441 4513 por
1463 4431 1597 4494 subdiri·

246 4528 344 4584 aiones
368 4527 519 4601 utriusque
543 4541 637 4583 rerum
660 4532 901 4602 comparatamm.
948 4524 1019 4603 Cap.
1045 4528 1073 4585 6.
1105 4523 1221 4585 Genera
1243 4522 1458 4583 harmoniarum
1479 4519 1598 4595 singula

247 4631 313 4673 corn
337 4611 461 4685 singulis
484 4612 639 4685 generibus
661 4624 714 4672 seu
737 4611 881 4671 classibus
904 4613 1044 4672 virtutum
1066 4619 1222 4689 comparat
1268 4610 1340 4690 (lap.
1366 4615 1394 4670 i.
1417 4610 1597 4671 Mutationes

246 4709 383 4759 tonorum
407 4716 473 4758 cum
495 4700 704 4759 mutationibus
727 4699 888 4764 studiorum
911 4701 1095 4776 publicorum
1124 4718 1177 4777 par
1196 4709 1360 4777 temporum
1383 4693 1597 4758 dissimilitudi—

244 4805 312 4847 nem
347 4788 482 4861 adeoque
521 4789 609 4846 stiam
643 4803 708 4847 cum
743 4788 955 4848 mutationibus
990 4789 1145 4849 affectuum
1184 4789 1211 4845 in
1245 4788 1349 4846 animia
1380 4787 1597 4846 anhltsrreorum
1742 4777 1744 4782 ’

246 4883 405 4951 comparat.

206 5005 211 5016 .
334 4963 368 5020 ln
400 4962 456 5021 hac
478 4970 562 5037 parte
589 4962 682 5021 nmlta
702 4931 813 5038 'conns
835 4961 1040 5036 Ptolemaeum
1064 4962 1198 5040 disputo,
1229 4958 1436 5040 symbolismos
1458 4978 1498 5020 sc.
1531 4959 1598 5019 illos
1754 5026 1757 5033 ¹

248 5052 403 5129 potissima
426 5057 509 5126 parte
530 5066 588 5108 non
613 5067 678 5109 esse
700 5052 892 5122 necessarios,
914 5067 969 5109 nec
992 5050 1125 5110 causales
1148 5067 1201 5109 nec
1211 5048 1369 5121 naturales,
1392 5047 1444 5108 sed
1468 5051 1598 5126 poiticos

202 5203 207 5212 ,
246 5141 347 5218 potina
369 5144 398 5195 et
422 5140 580 5211 oratorios3
614 5137 786 5210 camillas,
817 5155 894 5213 quae
917 5139 946 5195 in
969 5139 1075 5197 animis
1103 5135 1400 5213 insunt„iacultatss
1422 5145 1451 5195 ct
1475 5138 1597 5196 virtutes

247 5224 394 5304 speciales
415 5241 474 5281 non
498 5227 594 5282 sortiri
618 5240 671 5283 nec
693 5224 790 5284 ideam
812 5242 867 5284 nec
888 5241 1025 5284 numeros
1047 5225 1262 5285 constitutionis
1283 5240 1355 5283 suae
1382 5241 1417 5283 ex
1441 5223 1599 5283 harmoniis
1682 5241 1693 5252 ·
1726 5236 1729 5240 ·

249 5322 392 5389 mnqnam
416 5329 450 5370 er
474 5312 642 5388 archetypo,
667 5312 718 5370 ssd
742 5310 850 5372 habere
874 5328 980 5370 causas
1003 5310 1077 5370 alins
1100 5312 1249 5371 consessas
1271 5318 1324 5370 ant
1339 5309 1503 5380 evidentes,
1528 5313 1598 5387 quin

246 5418 283 5461 ne
310 5398 429 5477 quidem
460 5400 634 5476 respondere
665 5398 702 5458 ad
735 5413 902 5471 numemm,
932 5398 983 5457 sed
1012 5398 1099 5474 longa
1121 5402 1257 5473 quamita
1288 5406 1340 5457 aut
1361 5398 1439 5457 malo
1461 5398 1598 5458 affectata

222 5505 336 5566 opera
366 5488 494 5564 speciem
525 5489 560 5544 iis
591 5487 740 5545 conciliari
771 5484 926 5543 divisionis
954 5484 1235 5563 sequemnltiplicis3
1271 5484 1379 5545 multas
1413 5484 1597 5546 abundantes

247 5584 300 5634 ant
320 5576 452 5635 vicissim
476 5573 606 5635 deiectus
631 5572 824 5647 dissimulatis
856 5571 1019 5648 quaedam,
1053 5589 1129 5650 quac
1152 5575 1246 5632 minus
1269 5572 1450 5646 succedant,
1466 5573 1597 5633 crinibus

247 5663 337 5742 trahi3
372 5661 498 5738 deniqne
526 5678 602 5738 quaa
630 5663 758 5721 maxima
786 5670 817 5721 et
840 5659 1016 5721 dexterrime
1040 5662 1165 5743 iqmcsm
1198 5659 1389 5740 respondent,
1418 5677 1477 5722 non
1499 5668 1598 5723 tannen
