3684 7259
611 1212 698 1303 so
1363 1205 1648 1277 Epistulae
1678 1205 1904 1280 Kepleri
1935 1199 2270 1288 aiiq'mnque
2302 1210 2521 1265 mutuae
2964 1230 3095 1354 32⁷?
3098 1259 3169 1315 ἡ

815 1385 886 1446 Ιιι
928 1385 1043 1447 fine
1082 1382 1379 1446 literarum
1421 1386 1592 1464 ponis
1635 1382 1994 1468 ἐτηχιιρημα,
2058 1393 2176 1449 tres
2228 1387 2486 1467 parietes
2538 1403 2658 1450 una
2709 1386 2907 1452 tidelia
2952 1333 3294 1452 dealitandl.

610 1472 954 1535 Laudabilis
997 1480 1057 1540 et
1099 1470 1539 1576 philosophicus
1580 1473 1755 1553 plane
1799 1481 2044 1536 conatus
2089 1494 2162 1537 ex
2202 1477 2405 1555 paucis
2449 1475 2745 1555 principiis
2787 1476 2974 1539 multa
3006 1476 3298 1555 probandi

609 1560 959 1642 Platonique
1014 1560 1263 1621 maxime
1321 1559 1616 1640 probatus.
1704 1561 1823 1624 Sed
1877 1561 2072 1623 deficit
2126 1565 2178 1622 is
2243 1566 2302 1623 in
2361 1565 2547 1627 tertio.
2633 1563 2853 1625 Verum
2906 1564 3145 1642 quidem
3189 1572 3296 1639 est,

610 1652 1040 1729 apogaeitatem
1096 1654 1155 1708 et
1211 1649 1566 1709 anomaliam
1619 1648 1782 1710 illam
1837 1649 2039 1711 Lunae
2097 1650 2174 1710 ab
2236 1649 2441 1711 eodem
2496 1650 2747 1730 pendere
2809 1652 3125 1732 principio:
3193 1651 3296 1713 sed

612 1736 867 1799 elevatio
909 1736 1031 1816 poli
1074 1751 1191 1796 non
1234 1737 1350 1797 huc
1392 1736 1658 1814 quadrat.
1757 1737 1850 1796 Ibi
1895 1739 2050 1798 enim
2092 1752 2210 1797 non
2255 1737 2609 1817 disputatur,
2674 1756 2850 1817 quam
2893 1755 3077 1819 prope
3117 1740 3300 1801 Terra

610 1824 853 1885 accedat
892 1824 971 1884 ad
1011 1827 1465 1903 septentrionem
1518 1822 1609 1905 (ut
1649 1831 1715 1884 tu
1763 1825 1853 1884 vis
1895 1823 2201 1904 perpendi,
2249 1827 2309 1884 in
2353 1822 2433 1908 ὓ
2487 1835 2706 1905 quanto
2765 1830 2843 1887 sit
2884 1829 3119 1907 propior
3157 1827 3298 1906 polo

612 1928 788 1989 quam
830 1914 889 1971 in
941 1911 1075 1988 ὲ)
1092 1953 1107 1984 ,
1172 1912 1277 1973 sed
1335 1919 1618 1990 quantum
1672 1912 1980 1973 inclinetur
2019 1911 2247 1974 medius
2291 1912 2503 1974 Terrae
2548 1913 2798 1975 circulus
2847 1915 2926 1974 ad
2968 1916 3295 1976 zodiacum.

609 1998 875 2061 Summa:
922 1998 1192 2077 quaestio
1237 2007 1327 2061 est
1368 1998 1777 2077 geographica,
1822 2016 1939 2059 non
1984 2002 2404 2077 astronomica,
2449 2010 2731 2078 quantum
2775 2001 3058 2063 hactenns
3103 2015 3298 2064 astro·

608 2090 810 2154 nomia
868 2088 1278 2163 quaestionum
1341 2095 1432 2147 est
1493 2086 1779 2165 amplexa.
1882 2085 2124 2147 Nullum
2188 2089 2371 2149 enim·
2394 2090 2566 2149 infert
2622 2092 2976 2168 apparentiis
3035 2093 3179 2169 ipsis
3239 2093 3299 2149 in

609 2177 773 2237 cneio
817 2177 1166 2237 varietatem
1206 2176 1452 2234 mutatio
1497 2173 1675 2250 coeli,
1738 2172 1844 2235 sed
1890 2173 2103 2235 Terrae
2162 2177 2360 2254 potius
2410 2175 2730 2237 secundnm
2773 2163 3036 2238 diversas
3077 2185 3296 2256 partes,

586 2281 765 2341 ,fluas
805 2281 1018 2325 numen
1062 2261 1278 2325 hahent
1321 2261 1690 2336 historicum,
1757 2270 1824 2322 ut
1869 2262 2032 2337 Asia,
2079 2260 2360 2339 Graecia,
2419 2262 2680 2325 Rhodus.
2768 2264 2938 2325 Alias
2995 2271 3295 2346 utcunque

708 2353 866 2413 tetm·
902 2349 1094 2430 peius,
1138 2366 1364 2429 semper
1406 2347 1613 2410 eadem
1655 2365 1894 2411 numero
1923 2357 2161 2411 manent
2186 2350 2441 2423 climata,
2486 2354 2754 2429 quamvis
2778 2370 2897 2413 non
2927 2370 3030 2431 per
3059 2352 3298 2414 easdem

301 2436 306 2441 ’
391 2453 392 2456 ’
430 2329 815 2810 goffia
846 2441 1222 2497 transeuntia.
1324 2436 1474 2497 Vale
1531 2438 1619 2496 vir
1669 2436 1984 2515 Magnifice
2037 2445 2096 2499 et
2149 2437 2510 2514 doctissime,
2571 2448 2631 2500 et
2687 2440 2800 2501 hoc
2855 2439 3142 2519 quidquid
3187 2450 3298 2514 est,

793 2525 1050 2593 consule.
1146 2529 1246 2585 14.
1287 2524 1448 2605 Sept.
1493 2542 1647 2602 anno
1694 2526 1795 2587 99.
1899 2523 2100 2604 Magn.
2142 2525 2312 2587 Tuae
2356 2526 2747 2588 deditissimus

2158 2699 2389 2781 Styrlae
2419 2612 3211 2764 gdissmKffzssemficm·

813 2821 1074 2892 Epistulas
1118 2821 1364 2870 Ηιι-πιι-ιι
1413 2820 1560 2870 datae
1607 2818 1687 2874 17.
1724 2819 1867 2885 Sept.
1913 2826 1965 2873 et
2005 2819 2092 2875 14.
2128 2823 2252 2875 Dec.
2291 2821 2425 2877 1⁵99
2467 2824 2654 2887 (comp.
2689 2826 2757 2877 n.
2799 2821 2928 2886 815)
2977 2826 3299 2888 praemissam

613 2893 817 2953 Eeplsrt
854 2889 1114 2953 epistolam
1150 2893 1347 2941 silentio
1383 2895 1663 2957 transeunt,
1698 2905 1857 2955 pauca
1889 2892 2155 2944 referentes
2188 2893 2251 2943 de
2283 2893 2536 2956 ‘ry-chunis
2570 2896 2741 2945 Lunae
2775 2895 2965 2946 theoria
3013 2895 3157 2962 („ich
3191 2910 3298 2946 ver·

585 2965 717 3037 *hoff
753 2965 801 3009 in
842 2965 1038 3011 knrzem
1074 2961 1358 3025 derewegeu
1394 2964 1542 3012 einen
1572 2960 1875 3024 gedruckten
1900 2963 2099 3013 Tractat
2133 2978 2196 3015 au
2230 2964 2539 3033 bokommen,
2575 2979 2632 3016 so
2655 2966 2736 3016 ich
2761 2964 2873 3015 dem
2897 2965 3064 3016 Herru
3088 2965 3296 3015 alsdann

611 3037 736 3082 auch
781 3033 1167 3082 communiciren
1201 3028 1382 3096 will“)
1431 3037 1481 3081 et
1517 3032 1578 3082 de
1613 3032 1864 3093 Tyehonis
1898 3048 2036 3083 mora
2068 3036 2123 3083 in
2177 3033 2415 3085 Bohemia
2457 3031 2569 3101 (,‚A
2604 3034 2667 3087 D.
2704 3035 2937 3098 Tychone
2973 3036 3132 3086 Brahe
3168 3036 3298 3084 nihil

610 3102 824 3165 mplius
858 3103 1112 3152 literarum
1161 3103 1355 3169 accepi,
1407 3104 1536 3152 ratio
1572 3107 1670 3163 est,
1723 3104 1842 3164 quia
1887 3106 1950 3153 ob
1995 3104 2374 3154 incalescentem
2424 3110 2613 3168 pestem
2662 3105 3014 3156 discedendum
3054 3107 3101 3155 ei
3135 3105 3234 3155 fnit
3268 3119 3299 3154 a

609 3173 835 3223 venetiis
872 3173 1150 3234 [Benatica]
1187 3173 1291 3222 illis
1315 3173 1613 3236 Bohemicis,
1647 3174 1719 3222 ita
1754 3174 1887 3222 enim
1923 3179 2127 3224 vocatur
2163 3175 2320 3239 locus,
2356 3189 2504 3238 quem
2538 3176 2810 3239 Imperator
2842 3177 2890 3226 ei
2914 3190 3004 3239 pro
3026 3176 3299 3225 residentia

611 3240 972 3309 deputaverat).
1041 3243 1288 3306 Keplerua
1334 3257 1449 3293 vero
1495 3242 1626 3293 redit
1673 3243 1737 3293 ad
1771 3242 2166 3305 „Harmoniam“
2209 3259 2348 3295 suam
2394 3248 2450 3295 ιιι
2495 3246 2653 3296 literis
2698 3247 2745 3297 d.
2783 3246 2829 3296 d.
2874 3244 2961 3299 14.
2997 3245 3120 3297 Dec.
3163 3242 3298 3299 1599

608 3312 796 3451 ἒιοτέιιιῐ,
849 3314 1135 3451 ρὸιῖἒιίιιιιιι
1171 3314 1343 3378 paucis
1379 3313 1441 3364 de
1475 3314 1619 3364 libris
1653 3315 1715 3364 ab
1752 3312 2012 3365 Herwarto
2047 3316 2148 3378 ipsi
2190 3316 2301 3367 loco
2335 3316 2585 3379 'tychonis
2630 3318 2949 3381 epistolarum
2990 3316 3294 3368 transmissis

823 3473 951 3552 Ego
1008 3475 1120 3535 etsi
1176 3474 1289 3555 hoc
1359 3470 1851 3553 periculosissimo
1906 3479 2061 3535 statu
2119 3473 2294 3536 valde
2353 3475 2686 3552 perturbor,
2752 3473 3036 3536 adornavi
3093 3482 3295 3536 tamen

598 3560 727 3639 jam
768 3560 1109 3622 methodum
1154 3568 1213 3622 et
1253 3562 1442 3641 prima
1483 3560 1835 3622 lineamenta
1877 3560 2082 3636 libelli,
2129 3564 2225 3622 cui
2268 3561 2500 3623 titulum
2542 3562 2752 3622 tactam
2801 3562 2912 3640 „de
2938 3560 3295 3624 Harmonice

605 3647 846 3710 mundi“
898 3649 1228 3709 dissertatio
1274 3649 1769 3727 cosmographica.
1869 3647 2112 3723 Libelli,
2155 3666 2260 3711 seu
2305 3651 2499 3728 capita
2543 3657 2710 3710 erunt
2753 3654 3040 3729 quinque:
3113 3650 3174 3729 1)
3221 3650 3295 3711 de

604 3735 805 3815 figuris
852 3735 1419 3812 demonstrabilibus,
1465 3737 1872 3817 geometricus.
1940 3737 2010 3812 2)
2058 3736 2148 3797 De
2173 3738 2496 3798 rationibus
2524 3736 2729 3798 solidis
2758 3772 2845 3784 —
2874 3738 3291 3802 arithmeticus.
3398 3755 3403 3760 ·

607 3825 677 3901 8)
723 3825 815 3886 De
860 3826 1053 3886 causis
1096 3823 1529 3885 harmoniarum
1574 3859 1655 3869 —
1701 3826 1981 3884 musicus.
2085 3825 2153 3901 4)
2213 3824 2304 3885 De
2349 3826 2542 3886 causis
2586 3833 2924 3905 aspectuum
2971 3860 3048 3871 —
3097 3834 3294 3887 astro-

604 3910 854 3991 ldgicus.
925 3912 987 3989 5)
1034 3911 1126 3972 De
1156 3914 1349 3973 causis
1378 3920 1642 3973 motuum
1668 3909 2094 3991 periodicorum
2123 3944 2206 3955 —-
2231 3913 2670 3974 astronomicus.
2735 3912 2945 3992 Itaque
2975 3915 3293 3975 etiamnum

606 4017 818 4062 moneo
865 3998 937 4061 de
983 3998 1306 4062 Ptolemaei
1354 3998 1615 4075 Musicis,
1663 4018 1739 4061 an
1784 4000 1856 4059 iis
1892 3998 2095 4075 juvari
2139 4001 2377 4078 possim.

812 4086 986 4149 Mitto
1025 4086 1127 4162 hic
1170 4096 1230 4149 et
1272 4086 1739 4167 Prognosticum,
1783 4086 1952 4164 cujus
1996 4087 2415 4166 praefationem
2454 4086 2619 4166 leges
2663 4094 2724 4149 et
2765 4090 3052 4151 censebis.

799 4174 966 4237 ‘Vale
1008 4174 1117 4235 Vir
1158 4174 1473 4255 Magnifice
1515 4192 1726 4254 meque
1768 4174 1879 4235 tihi
1932 4173 2399 4248 commendatum
2450 4175 2625 4239 habe.
2710 4174 2912 4255 Magn.
2959 4183 3020 4238 et
3060 4174 3295 4237 Nobili-

605 4264 746 4325 tatis
788 4269 927 4325 tuae
973 4262 1368 4326 deditissimus
2477 4262 2564 4324 M.
2607 4262 2843 4326 Joann.
2889 4263 3206 4343 Keptenu.

812 4401 895 4450 Ad
940 4400 1215 4452 Ptolemaei
1263 4396 1594 4469 „“,musicam
1639 4415 1667 4451 e
1711 4413 1810 4463 qua
1856 4401 2125 4464 plurimum
2166 4401 2345 4452 auxilii
2390 4401 2658 4465 petendum
2704 4401 2802 4449 sibi
2838 4414 2944 4449 esse
2979 4402 3298 4464 exspectabat

607 4471 672 4523 ad
705 4470 1058 4536 perficiendam
1093 4481 1233 4523 suam
1263 4436 1429 4535 ’ipsius
1466 4470 1805 4538 Harmoniam,
1841 4472 1971 4522 redit
1992 4473 2239 4536 Keplerns
2268 4473 2323 4521 in
2345 4472 2503 4530 literis
2528 4471 2591 4521 ad
2615 4470 2926 4534 Herwartum
2953 4471 3082 4522 datie
3107 4471 3298 4521 Grastii

607 4543 668 4596 d-
692 4538 779 4595 12.
815 4542 945 4593 Julii
986 4540 1141 4606 1600,
1177 4556 1300 4605 quaa
1335 4541 1651 4593 exhibuimus
1685 4542 1786 4593 vol.
1825 4543 1917 4597 111.
1952 4556 2003 4607 p.
2040 4540 2108 4597 23
2144 4557 2237 4610 ιι.,
2287 4543 2377 4592 ubi
2411 4542 2586 4591 itidem
2622 4540 2770 4590 refert
2804 4542 3043 4601 quaedam
3081 4541 3144 4591 de
3178 4542 3303 4591 har-

607 4615 794 4664 moniis
826 4615 953 4677 suia,
1000 4627 1125 4675 quae
1172 4618 1283 4664 tum
1316 4613 1555 4676 temporis
1588 4613 1747 4675 magis
1783 4614 1950 4663 animo
1986 4616 2212 4665 versabat
2247 4626 2395 4675 quam
2431 4611 2671 4661 theoriam
2711 4608 2901 4661 Martis.
2965 4611 3172 4660 Librum
3208 4611 3296 4661 diu

606 4683 787 4734 flustra
810 4685 1090 4766 quaesitum
1112 4688 1344 4737 mutuum
1365 4684 1575 4752 accepit,
1591 4697 1618 4733 e
1632 4680 1937 4735 bibliotheca
1953 4683 2291 4735 Monachiensi
2311 4682 2588 4731 desumtum
2613 4681 2675 4729 ab
2695 4678 3170 4747 Herwarto(cfr.111.
3191 4678 3298 4747 28).

607 4753 747 4806 Hinc
781 4769 869 4819 per
902 4751 1094 4817 aliquot
1126 4767 1283 4806 annos
1320 4761 1588 4818 occupatus
1623 4755 1804 4806 studiis
1839 4770 1970 4805 mere
2003 4753 2348 4807 astronomicis
2382 4752 2550 4800 omisit
2585 4750 2827 4813 Keplerus
2864 4752 3195 4819 harmoniam,
3232 4750 3297 4801 ad

609 4839 761 4888 quam
795 4840 928 4877 anno
963 4826 1161 4877 demum
1201 4822 1334 4880 1607
1368 4825 1544 4892 rediit,
1581 4831 1745 4876 motus
1782 4823 1861 4877 his
1894 4825 2143 4877 Herwarti
2177 4823 2369 4872 verbis.
2421 4819 2537 4886 „die
2571 4820 2871 4871 Harmonica
2905 4822 3205 4887 Ptolemaei,
3240 4835 3297 4871 ao

608 4896 871 4948 lateinisch
917 4911 1199 4958 ausgangen
1248 4910 1370 4958 seyn
1425 4895 1611 4962 cellen,
1661 4897 1757 4948 hab
1806 4898 1891 4946 ich
1933 4898 2012 4946 nit
2053 4896 2344 4944 bekommen
2390 4856 2833 4944 k'tiunen.w01t
2867 4893 2940 4942 sie
2972 4906 3092 4954 gern
3127 4892 3295 4959 sehon,

607 4968 759 5017 sowie
794 4968 918 5018 auch
956 4965 1374 5018 Commentariun
1397 4967 1674 5030 Porphyrii.
1734 4967 1829 5016 Am
1854 4968 2068 5016 liebeten
2091 4966 2208 5013 aber
2232 4961 2315 5011 het
2350 4962 2430 5011 ich
2467 4975 2586 5022 gern
2610 4961 2966 5013 Wieseuschafl
3001 4976 3098 5011 von
3134 4962 3298 5013 einem

607 5038 839 5101 authore,
893 5038 981 5089 der
1013 5051 1068 5088 es
1103 5031 1417 5089 familiariter
1449 5042 1502 5088 et
1534 5036 1815 5087 methodice
1851 5041 2001 5098 atque
2037 5034 2292 5099 perspicue
2329 5031 2572 5101 metiret,
2623 5032 2688 5083 da
2737 5032 2937 5082 ander-st
2986 5031 3299 5093 dergieichen

609 5106 967 5172 aussgangen.“
1052 5109 1301 5174 Keplerus
1346 5108 1412 5159 ad
1456 5109 1727 5170 marginem
1772 5107 1922 5169 huius
1964 5105 2202 5168 epistolae
2252 5102 2324 5166 (d.
2364 5099 2445 5156 16.
2474 5102 2594 5154 Jan.
2629 5100 2796 5169 1607)
2841 5103 2964 5153 haec
3006 5102 3297 5165 adscripsit·

608 5181 695 5241 Tu
728 5184 846 5257 ipse
879 5185 1011 5242 mihi
1044 5184 1213 5242 latina
1234 5182 1532 5241 Ptolemaei
1555 5180 1884 5239 Harmonice
1919 5194 1989 5235 ex
2024 5176 2351 5238 bibliotheca
2372 5179 2635 5236 Bavarica
2669 5177 3027 5236 transmisisti.
3085 5176 3299 5234 Multus

609 5268 696 5319 est
716 5262 773 5319 in
798 5263 1145 5321 distinctione
1180 5277 1439 5335 generum
1466 5260 1795 5332 chromatici,
1831 5258 2105 5328 diatonici,
2143 5257 2517 5315 enharmonii
2499 5274 2664 5330 mque
2689 5256 3005 5315 differentiis
3029 5265 3298 5326 tonorum,

607 5350 672 5400 ut
692 5351 825 5415 puto
853 5325 938 5401 1'0.
1000 5343 1348 5415 Scripserunt
1380 5344 1449 5400 de
1483 5339 1792 5399 Harmouiis
1825 5338 1946 5395 Jac.
1968 5338 2149 5396 Faber
2184 5336 2519 5412 stapulensis
2556 5346 2612 5395 et
2633 5339 2669 5394 J
2670 5337 2942 5395 ornandus
2977 5345 3034 5395 et
3055 5337 3299 5396 Boethus

608 5421 804 5495 aliqua.
873 5422 1079 5480 Nostra
1112 5429 1294 5479 aetate
1329 5421 1386 5478 S.
1424 5420 1715 5493 Calvisius,
1750 5425 1946 5476 cantor
1977 5418 2304 5491 Lipsiensis,
2339 5419 2508 5477 Italus
2542 5418 2738 5489 aliquis
2772 5418 2830 5475 in
2866 5417 3107 5489 dialogis.

816 5514 877 5564 Iu
909 5515 1235 5578 responsione
1267 5501 1490 5577 Kepleri,
1526 5515 1668 5576 ciuus
1702 5515 1895 5576 partem
1926 5512 2279 5596 proposuimus
2311 5512 2411 5567 vol.
2437 5510 2530 5564 111.
2563 5522 2618 5574 p.
2643 5506 2764 5578 454,
2797 5509 2921 5562 haec
2950 5506 3204 5573 leguntur·

814 5602 908 5665 De
964 5601 1335 5664 Harmonicis
1389 5599 1565 5664 valde
1620 5600 1797 5664 mit-or
1854 5598 2056 5662 literas
2110 5598 2311 5679 Magn.
2355 5598 2522 5662 'ruas
2579 5603 2640 5659 et
2696 5598 2896 5661 nescio
2952 5596 3098 5678 quid
3150 5598 3299 5660 mihi

608 5688 879 5755 videatur
906 5688 1349 5770 conjiciendum,
1391 5687 1556 5771 quod
1579 5690 1698 5767 ais,
1725 5686 1817 5760 ci.
1845 5685 2174 5754 Ptolemaei
2198 5687 2556 5760 Humoniea
2595 5703 2892 5768 nunquam
2932 5692 2995 5751 te
3033 5688 3296 5752 nanchci
