3684 7259
623 1258 799 1315 Harmouids.
834 1258 916 1315 Liber
932 1258 985 1315 IIL·
999 1259 1087 1328 ceput
1103 1258 1162 1315 XV.
1249 1264 1251 1268 ’
1352 1272 1354 1277 ’
1500 1261 1574 1321 189Ὶ

227 1443 256 1495 et
278 1442 384 1510 quarto
402 1431 625 1508 ecclesiasticis,
656 1438 706 1510 qui
729 1436 848 1514 Phrygii
870 1439 1033 1510 veteribus,
1064 1454 1148 1496 verso
1170 1441 1290 1494 naturae
1314 1433 1427 1505 ordine,
1455 1450 1564 1510 queru-

223 1523 292 1595 lum,
316 1522 437 1581 fractum
461 1531 490 1582 et
511 1522 697 1581 lamentabile
720 1526 868 1601 quippiam
884 1528 984 1585 sonari
998 1533 1221 1584 consentaneum
1238 1530 1290 1581 est.
1335 1523 1377 1579 At
1392 1539 1457 1580 curn
1472 1524 1561 1581 semi·

226 1612 336 1668 ionium
359 1612 403 1669 est
424 1611 489 1668 loco
511 1608 616 1683 medio,
639 1610 751 1669 medius
774 1621 819 1670 est
840 1613 961 1672 effeetus
984 1612 1209 1688 tranquillitatis,
1232 1610 1430 1682 humanitatis,
1454 1610 1562 1684 jucun·
1653 1676 1656 1684 ,

226 1697 324 1755 ditatis
346 1714 383 1755 ex
402 1697 558 1772 colloquiis
581 1706 611 1756 et
632 1699 861 1774 narrationibus3
885 1702 991 1775 quibus
1013 1702 1073 1776 apti
1096 1701 1204 1775 primus
1226 1706 1255 1755 et
1274 1696 1564 1771 secundus,'generls

226 1802 267 1843 sc
289 1784 386 1842 mollis
409 1792 436 1842 et
459 1785 597 1856 feminini,
621 1801 694 1859 quos
716 1785 822 1844 Darios
845 1787 914 1844 olim
937 1786 1030 1846 dictos
1052 1795 1165 1864 putant.
1209 1785 1330 1843 Dorium
1352 1801 1423 1843 sane
1445 1786 1488 1842 sic
1511 1782 1563 1842 de-

226 1872 326 1929 scribit
348 1872 518 1930 Vincentius
541 1869 706 1944 Galileeus‚
731 1873 810 1948 quod
833 1877 870 1931 sit
892 1882 995 1932 natura
1017 1873 1147 1946 stabilis,
1172 1873 1299 1948 quietus,
1330 1874 1392 1930 sine
1415 1870 1563 1943 violentia,

228 1966 313 2034 aptus
337 1958 374 2017 ad
396 1961 570 2034 gravitatem
602 1969 631 2017 et
654 1962 854 2034 severitatem;
882 1960 960 2035 quod
990 1960 1026 2019 de
1050 1961 1162 2019 duobus
1183 1960 1264 2017 bisce
1291 1958 1449 2018 secundum
1471 1959 1565 2034 magis

228 2054 256 2105 et
278 2047 372 2104 miuus
395 2063 495 2104 verum
519 2056 571 2105 est.
615 2046 690 2104 Nam
711 2064 825 2125 semper
852 2047 998 2107 molliores
1020 2057 1133 2125 oportet
1156 2063 1219 2105 esse
1245 2054 1329 2104 tonos
1359 2048 1422 2121 pari
1445 2062 1564 2104 numero

228 2131 335 2204 dictos,
358 2133 466 2209 quippe
489 2132 701 2208 plagalessuis
724 2135 880 2205 authentis,
904 2136 941 2193 eb
965 2137 1066 2211 imperi
1090 2132 1289 2206 denominatis,
1313 2150 1466 2210 excausa,
1488 2148 1564 2208 qnae

228 2218 315 2296 paulo
338 2229 426 2278 autea
446 2220 500 2278 Nn.
524 2220 577 2278 IV.
600 2219 690 2279 allata
711 2221 775 2280 init.
820 2222 922 2297 ltaque
946 2225 1033 2281 etiam
1057 2220 1206 2281 Galilaeus
1236 2220 1366 2297 plagium
1387 2223 1472 2295 primi
1494 2221 1564 2278 iacit

228 2306 406 2382 languidum,
429 2306 563 2379 flebilem,
587 2306 809 2381 meticulosum
830 2318 940 2366 motum
963 2312 1039 2368 cuim
1061 2327 1162 2368 sersus
1184 2310 1286 2385 gravia
1308 2308 1471 2383 languoris,
1496 2323 1562 2366 vera·
1648 2365 1653 2375 ,

229 2412 279 2452 sus
299 2401 387 2452 acuta
410 2386 614 2468 vigoris’esse.
659 2395 723 2452 Etsi
744 2396 845 2453 malim
866 2414 932 2471 egos
945 2406 974 2455 et
996 2405 1155 2472 temperare
1170 2398 1231 2454 ‘ista
1247 2395 1427 2472 epithetum
1448 2411 1565 2454 censam

232 2480 418 2557 distinguere.
463 2481 528 2539 Non
550 2489 595 2540 est
615 2498 642 2538 n.
666 2481 822 2541 Doriorum
844 2485 1005 2561 proprietas
1028 2484 1158 2560 languor,
1181 2483 1265 2541 fletus
1288 2491 1317 2541 et
1335 2489 1438 2555 metus,
1460 2480 1512 2540 sed
1537 2484 1583 2538 in.

233 2585 337 2644 genere
360 2585 532 2626 excursuum
555 2567 593 2627 ad
615 2573 717 2644 gravia
739 2576 769 2628 et
791 2570 947 2629 descensus
972 2572 1062 2631 crebri
1086 2571 1160 2629 inira
1182 2570 1315 2628 redicem.

317 2654 374 2712 IX.
405 2653 555 2715 Hactenus
584 2651 619 2713 de
650 2658 708 2714 situ
737 2658 899 2731 semitonii3
938 2658 1061 2716 necdum
1096 2668 1192 2717 tamen
1223 2657 1355 2715 omnibus
1386 2657 1463 2714 tonis
1496 2672 1564 2713 snas
1616 2685 1622 2698 ·

233 2743 446 2816 assignavimus
468 2743 666 2819 proprietates.
712 2741 847 2820 Sequitur
875 2746 978 2819 igitur,
1010 2752 1039 2802 ut
1061 2748 1149 2803 etiam
1181 2744 1222 2803 de
1239 2745 1436 2805 consonantiis
1458 2745 1564 2819 imper-

233 2830 314 2887 fectis
338 2838 367 2887 et
389 2828 559 2888 adulterinis
581 2829 725 2903 dieamus,
748 2832 855 2906 quibus
876 2832 1066 2889 articulsutur
1087 2826 1209 2890 scelete'
1224 2838 1401 2891 omavmum.
1446 2829 1482 2887 Et
1505 2831 1564 2906 pri-

227 2933 306 2973 mum
321 2915 438 2991 quidem
454 2916 569 2975 illarum
581 2917 672 2975 veluti
685 2920 811 2977 essentie
822 2921 876 2977 erit
886 2919 1074 2995 inspicienda,
1098 2926 1202 2996 postea
1221 2916 1328 2977 locatio
1346 2920 1376 2975 in
1391 2924 1559 2995 systemate.
1581 2951 1588 2981 ,

311 3003 385 3060 Cum
415 3005 502 3078 igitur
528 3004 668 3061 naturalis
691 3014 720 3062 et
739 3008 891 3082 'primaeva
921 3014 965 3064 est
987 3008 1155 3083 systematis
1186 3015 1309 3065 octavae
1337 3005 1518 3082 dispositio„
1535 3006 1563 3061 iu

228 3108 286 3164 qua
308 3086 372 3174 cum
396 3092 454 3149 ime
476 3090 584 3150 chorda
607 3091 729 3168 perfecte
753 3100 894 3152 consonat
915 3095 1014 3165 tertia,
1039 3101 1156 3169 quarta,
1185 3094 1283 3167 quinte
1306 3099 1451 3151 etsexta:
1480 3099 1565 3149 tonus

141 3179 143 3183 ‘
227 3177 293 3235 telis
316 3179 413 3236 omnia
435 3177 487 3236 illa
508 3180 537 3234 in
560 3180 656 3236 animo
680 3181 745 3252 ciet,
768 3197 843 3255 qnae
866 3179 975 3238 habent
989 3180 1149 3239 secundum
1168 3187 1311 3248 naturam,
1334 3178 1431 3237 mollis
1448 3176 1564 3253 quidem

227 3265 392 3341 passiones,
421 3264 510 3322 durus
533 3267 662 3325 actiones
692 3265 739 3325 vel
769 3267 888 3326 allectus
917 3269 952 3324 iis
984 3275 1079 3343 aptos.
1123 3266 1206 3325 Haec
1236 3268 1396 3343 proprietas
1426 3268 1564 3341 competit

228 3354 318 3427 primo
341 3359 370 3410 et
393 3361 497 3410 octavo
521 3371 556 3412 ex
582 3351 608 3410 G
631 3354 833 3428 surgentibus,
863 3371 921 3429 quo
945 3357 1061 3412 nomine
1089 3370 1146 3412 non
1175 3353 1281 3428 injuria
1304 3351 1455 3412 Galileeus
1484 3351 1563 3410 albr-

228 3440 359 3511 maverit,
383 3447 518 3497 octavum
541 3442 720 3517 cumprime
743 3440 920 3514 coincidere;
944 3441 1073 3516 intellige
1088 3448 1196 3518 muron,
1219 3446 1337 3499 servata
1355 3442 1461 3515 cuique
1477 3455 1564 3498 sexus
1593 3502 1595 3507 s

228 3543 278 3584 seu
301 3528 415 3601 generis
437 3529 632 3603 proprietate
665 3527 712 3587 Ita
733 3526 838 3606 duplici
861 3529 977 3586 nomine
1000 3530 1139 3605 septimus
1162 3538 1192 3586 et
1209 3535 1331 3587 octavus
1353 3530 1456 3588 ceteris
1478 3543 1565 3604 pree·
1598 3582 1601 3585 ,

232 3621 297 3686 stat,
322 3622 380 3670 tam
403 3614 441 3671 ob
464 3614 551 3671 situm
572 3615 726 3687 semitonii,
750 3632 838 3690 quam
860 3616 948 3675 etiam
971 3616 1008 3675 ob
1032 3616 1246 3692 perlectionem.
1523 3608 1526 3612 ’
1600 3682 1603 3686 v

316 3699 341 3757 l]
364 3702 515 3775 connerio,
544 3703 662 3777 quintus
686 3709 715 3760 et
737 3711 846 3775 sextus,
870 3704 972 3761 tertius
994 3711 1023 3762 et
1038 3710 1157 3778 quartus
1178 3702 1372 3762 consonantiis
1389 3701 1463 3759 inira
1478 3710 1566 3759 utun-

235 3794 278 3843 tur
306 3786 476 3846 adulterinis
503 3795 532 3846 et
562 3790 676 3860 auctis,
704 3788 754 3846 ille
778 3788 974 3861 diatessaron,
1005 3790 1052 3848 hic
1081 3789 1229 3867 diapente3
1259 3805 1401 3866 quaeres
1431 3791 1488 3845 vim
1512 3788 1568 3846 illis

234 3873 368 3932 conciliet
389 3876 551 3933 moestitiae
574 3883 603 3934 et
624 3875 776 3935 affectuum
799 3876 837 3935 ab
859 3876 988 3936 bumana
1011 3880 1218 3955 temperatione
1234 3875 1452 3936 discedentium.
1490 3875 1566 3933 Nem
1677 3941 1679 3945 ,

233 3962 261 4016 in
284 3962 388 4035 quinto
412 3970 441 4020 et
463 3971 545 4021 sexto
569 3961 747 4021 diatessaron
771 3962 888 4037 quidem
918 3972 963 4023 est
986 3959 1100 4041 ὄρθιον,
1132 3964 1255 4023 naturali
1284 3966 1341 4022 situ
1367 3963 1513 4020 semitonii
1537 3963 1567 4018 in

233 4063 353 4120 summo,
377 4065 433 4106 non
456 4052 551 4107 minus
573 4067 658 4125 quam
681 4052 709 4107 in
733 4052 855 4127 septimo
878 4058 908 4109 et
930 4060 1052 4125 octavo,
1076 4057 1106 4110 at
1128 4051 1186 4109 duo
1208 4052 1333 4126 meJores
1350 4052 1410 4107 toni
1432 4059 1499 4106 sunt
1521 4051 1568 4104 in-

234 4133 300 4193 fimo
320 4134 409 4211 loco,
441 4144 508 4212 post
535 4153 586 4196 eos
613 4139 813 4211 semitonium,
845 4154 880 4196 ex
909 4139 1013 4212 quibus
1043 4138 1184 4197 confletur
1217 4138 1395 4197 diatessaron
1427 4144 1568 4199 commate

233 4221 394 4280 abundans.
439 4222 534 4297 Quare
557 4224 785 4300 magnitudinem
809 4227 895 4283 etiam
918 4226 939 4281 ii
962 4224 1039 4284 modi
1062 4234 1233 4302 promouent
1256 4226 1392 4294 affectus,
1424 4231 1451 4281 ut
1465 4221 1568 4283 ,devo-

235 4310 349 4382 tionem,
373 4308 604 4388 admirationem,
626 4303 889 4389 amplificationem,
913 4311 1059 4384 dolorem3
1082 4330 1192 4371 rursum
1207 4330 1297 4390 spem,
1318 4310 1462 4382 fiduciam,
1486 4311 1568 4385 quasi

235 4395 425 4456 elevationem
447 4400 551 4456 mentis
573 4416 661 4476 supra
683 4407 789 4458 sortem
811 4407 1000 4475 praesentem.
1045 4399 1078 4457 In
1102 4403 1187 4459 tertio
1210 4418 1279 4459 vero
1306 4410 1335 4459 et
1357 4405 1459 4474 quarto
1481 4414 1568 4473 prae·

236 4490 277 4542 ter
299 4487 388 4561 ipsius
420 4483 600 4545 diatesseron
630 4485 751 4548 formam
779 4488 924 4544 inversam
952 4487 1064 4546 accedit
1093 4489 1181 4546 etiam
1209 4488 1282 4547 baec
1312 4486 1566 4545 consonantiarum

237 4570 416 4630 fermentatio
438 4580 582 4648 augetque
600 4575 749 4631 tristitiem
772 4580 801 4631 et
822 4572 977 4648 languores
1000 4576 1097 4632 ammi.
1194 4602 1197 4609 ·

282 4716 286 4723 .
320 4657 428 4732 Quodsi
451 4659 518 4717 licet
541 4659 706 4735 analogiam
728 4661 864 4736 prosequi
884 4659 962 4719 ultre
983 4668 1068 4719 tonos
1091 4663 1221 4734 usitatos,
1246 4658 1284 4717 ad
1306 4660 1432 4736 speciem
1454 4657 1509 4716 111.
1532 4674 1569 4718 ex
1657 4656 1659 4661 ’

234 4747 314 4817 meis,
337 4753 437 4803 cantus
458 4745 563 4819 mollis,
587 4764 622 4806 ex
644 4750 672 4804 Α
695 4746 882 4822 descriptam,
907 4750 974 4823 quia
995 4745 1047 4806 illa
1060 4749 1244 4807 semitonium
1267 4746 1479 4822 quideminira,
1503 4744 1569 4808 dis·

237 4839 366 4891 tessaron
387 4849 457 4891 vero
480 4834 634 4910 perfectum
656 4834 759 4907 babet,
791 4833 865 4894 hauc
888 4836 974 4908 igitur
996 4852 1051 4937 ego
1071 4836 1214 4939 jucundae
1245 4835 1380 4892 tristitiae
1400 4850 1568 4892 accommo-

234 4916 345 4993 darem3
374 4927 403 4978 ut
425 4937 488 4979 cnm
510 4921 594 4979 uobis
617 4919 762 4998 placemus
793 4924 822 4979 iu
844 4922 966 4981 mollitie
988 4925 1095 5002 animi,
1124 4925 1154 4982 in
1175 4923 1319 4980 amoribus
1349 4927 1378 4980 et
1406 4919 1567 4993 desiderils,
1623 4987 1626 4998 ,

238 5015 288 5063 aut
310 5023 375 5065 curn
398 5006 540 5065 lacrumas
562 5008 698 5082 gaudium
721 5011 862 5086 exprimit

285 5092 401 5153 Hace
424 5094 459 5153 de
482 5097 679 5154 consonantiis
700 5099 812 5155 ratione
834 5099 894 5170 sui;
923 5115 997 5157 nunc
1018 5104 1134 5157 ratione
1150 5097 1207 5156 loci
1239 5098 1268 5153 in
1291 5101 1464 5171 systemate,
1496 5047 1567 5171 quid
1670 5166 1672 5173 s

236 5137 378 5252 eliciant,
402 5180 561 5242 videamus.

321 5266 391 5326 Cum
413 5270 497 5344 igitur
520 5290 585 5345 ιοιη
608 5271 638 5327 et
660 5291 773 5330 ιιιιτεια
795 5270 872 5327 circa
894 5276 1024 5344 quartam
1053 5277 1082 5330 et
1103 5277 1215 5328 sextam
1242 5231 1364 5327 chordas
1387 5270 1568 5344 potissimum

236 5361 418 5431 occupantur,
441 5357 483 5413 sio
504 5363 537 5413 ut
558 5365 704 5432 appareat,
727 5354 906 5414 diatessaron
929 5354 1022 5415 loeo
1015 5373 1072 5415 nmo
1095 5356 1163 5414 ab
1155 5358 1191 5415 ris
1214 5357 1320 5428 stetui,
1352 5360 1422 5431 quia
1442 5356 1499 5416 hoc
1521 5364 1568 5418 est

234 5440 406 5500 tetrachordi
429 5442 620 5515 intervallum,
644 5443 723 5519 quod
745 5458 844 5502 omnes
866 5450 931 5501 tres.
947 5446 1152 5521 continuorum
1182 5444 1293 5521 species
1316 5450 1360 5501 cst
1383 5435 1593 5521 complexum'

235 5544 325 5605 eoque
346 5530 538 5606 praecipuum
562 5538 606 5588 est
633 5531 663 5587 in
691 5530 746 5590 hac
768 5538 901 5589 tonorum
923 5531 1116 5603 animatione,
1146 5539 1215 5590 tuuc
1243 5529 1316 5591 haee
1337 5530 1430 5591 forma
1452 5540 1570 5591 centuni

236 5613 271 5672 ed
292 5614 483 5676 humilitatem
505 5618 623 5689 invitat,
656 5635 692 5677 ex
714 5634 801 5677 caum
823 5616 924 5676 eadem
950 5626 1037 5693 quam
1063 5634 1151 5696 snpra
1171 5618 1227 5677 No.
1249 5617 1303 5677 IV.
1326 5620 1472 5696 usurpavi.
1516 5619 1568 5681 Sin

237 5711 407 5780 occupentur
428 5704 484 5764 bae
507 5712 603 5781 partes
626 5712 729 5765 cautus
755 5707 832 5766 circe
852 5702 967 5765 tertiam
987 5712 1018 5767 ct
1039 5706 1183 5783 quintam,
1205 5712 1365 5767 statuentes
1388 5705 1568 5769 &tasum
