3684 7259
248 1222 286 1281 la
829 1219 999 1278 Prooemium

166 1408 170 1444 ἱ
252 1414 363 1475 vapore
390 1398 457 1459 ierit
487 1415 572 1458 nares
598 1398 779 1477 odoratuque
810 1402 981 1479 percipitur,
1018 1418 1082 1462 cum
1110 1402 1247 1479 strepitus
1277 1402 1340 1478 ejus
1367 1398 1495 1476 auditur,
1526 1418 1591 1461 cnm

248 1485 373 1545 videtur.
429 1487 495 1546 Hae
527 1488 639 1563 species
667 1486 820 1548 sensibiles
850 1490 1029 1549 aiensibus
1062 1490 1238 1565 recipiuntur
1265 1491 1419 1549 introrsum
1447 1506 1499 1567 per
1529 1492 1589 1548 vim

248 1578 526 1649 repraesentativum
557 1591 609 1635 sen
640 1575 867 1652 phantasticam,
906 1583 1121 1653 cognoscuntur
1158 1594 1210 1653 per
1249 1593 1366 1637 sensum
1398 1592 1588 1651 communem,

247 1660 371 1737 denique
401 1680 453 1739 per
479 1678 644 1739 supremam
666 1665 781 1722 animae
802 1663 970 1723 facultatem
993 1666 1067 1724 inter
1088 1680 1120 1724 se
1143 1671 1359 1741 comparantur,
1391 1662 1470 1739 quod
1489 1662 1589 1723 itidem

247 1755 292 1807 est
318 1750 396 1823 puli
451 1748 507 1808 His
537 1748 576 1808 ad
603 1748 768 1810 harmonias
796 1750 943 1811 translatis
973 1749 1167 1826 concluditur,
1198 1768 1262 1812 esse
1293 1768 1342 1811 eas
1372 1765 1417 1813 res
1448 1751 1485 1810 ab
1518 1752 1590 1827 ipsis

249 1834 464 1911 quodammodo
486 1838 573 1896 rebus
595 1837 770 1907 abstractas,
802 1845 946 1914 qnatenus
969 1841 1081 1916 species
1104 1856 1198 1898 rerum
1230 1856 1282 1916 per
1308 1853 1411 1898 sensus
1443 1840 1589 1914 ingressae

245 1921 342 1998 adque
363 1921 490 1985 tribunal
513 1926 627 1986 animae
648 1924 805 2002 perductae
827 1925 898 1985 flant
920 1927 1033 1986 termini
1056 1927 1250 2003 proportionis
1264 1926 1449 1986 harmonicae
1463 1926 1588 1985 sensilis.

245 2009 320 2069 Sunt
350 2027 419 2070 vero
447 2011 583 2085 eaedem,
617 2014 725 2088 inquit,
755 2017 921 2087 honustae,
954 2022 984 2074 et
1011 2014 1161 2090 quisbue
1189 2016 1302 2091 species
1322 2031 1417 2073 rerum
1439 2011 1590 2074 sensilium

245 2104 314 2156 sunt
336 2098 486 2173 qualitatis
508 2099 623 2159 sensilis
652 2096 698 2182 (in
721 2116 809 2173 suno,
840 2100 949 2160 lumine
972 2098 1044 2184 etc.)
1077 2109 1106 2161 et
1128 2108 1196 2178 quia
1217 2108 1278 2160 tum
1301 2100 1417 2161 demum
1430 2102 1467 2168 ,iu
1491 2102 1588 2160 animo

245 2184 414 2261 clarescunt,
439 2204 528 2262 quum
550 2203 597 2246 res
618 2188 700 2263 ipsae
723 2193 839 2246 emtam
860 2196 889 2248 et
910 2196 1037 2250 manent.
1068 2189 1228 2248 Discrimen
1252 2190 1327 2249 inter
1348 2187 1402 2247 has
1422 2186 1589 2247 humanius

246 2279 382 2332 etseras
406 2273 646 2351 „archetypicas“
676 2276 705 2332 in
729 2291 764 2334 eo
794 2281 846 2348 est,
870 2274 949 2352 quod
972 2277 1069 2337 iubis
1092 2278 1204 2337 termini
1228 2283 1296 2336 sunt
1319 2292 1354 2335 ex
1376 2275 1588 2336 mathematicis
1640 2338 1646 2345 ,

244 2360 407 2436 generibus,
431 2360 538 2421 circulo
553 2369 583 2422 et
597 2378 675 2436 arcu,
698 2369 778 2422 certo
801 2361 888 2422 modo
910 2363 1049 2437 formatis,
1073 2363 1132 2423 illis
1154 2370 1254 2423 contra
1275 2363 1332 2423 huc
1353 2363 1493 2439 singulari
1515 2362 1588 2422 sub-

241 2448 321 2524 jecto
343 2464 402 2508 nou
424 2465 498 2525 opus
521 2455 579 2523 est,
611 2449 662 2508 sed
691 2451 806 2509 nonnisi
832 2466 863 2509 re
894 2449 995 2527 aliqua
1022 2451 1129 2510 sensili.
1182 2450 1228 2509 Ad
1258 2451 1314 2511 boc
1345 2456 1442 2510 autem
1469 2452 1497 2507 in
1529 2448 1588 2509 illis

244 2535 399 2611 requiritur
413 2553 459 2596 res
473 2553 573 2613 agens,
595 2535 708 2596 scilicet
726 2553 817 2609 mens,
841 2537 975 2614 subjecta
991 2537 1164 2614 dijudicans.
1194 2538 1298 2614 ltaque
1321 2537 1444 2597 circulus
1466 2538 1588 2613 ejusque

245 2635 342 2695 arcus,
377 2621 503 2700 regulari
531 2623 674 2683 divisione
701 2623 783 2695 laeti,
814 2632 881 2683 sunt
910 2626 1074 2701 subjectum
1101 2625 1269 2686 harmoniae
1298 2622 1503 2702 inquirendae3
1534 2623 1588 2683 has

246 2712 424 2785 quantitates
456 2717 553 2771 mente
586 2718 637 2770 ant
667 2713 845 2771 extrinsecus
873 2720 1005 2789 receptas
1035 2720 1091 2784 uruit=
1112 2713 1150 2772 ab
1179 2715 1262 2772 initio
1290 2715 1322 2771 in
1351 2729 1387 2771 ea
1413 2718 1529 2772 etcum
1552 2728 1588 2770 ea

147 2843 150 2854 .
245 2803 357 2857 creatas
380 2814 443 2857 esse
465 2815 584 2858 necesse
607 2803 652 2858 est
673 2805 703 2858 et
725 2801 765 2858 ita
787 2797 912 2875 quidem,
944 2807 977 2860 ut
1005 2799 1129 2861 circulus
1160 2800 1283 2877 ejusque
1305 2816 1388 2859 mnus
1411 2800 1588 2859 exhibueras

245 2888 275 2943 in
293 2891 423 2945 mentem
445 2888 559 2961 possint
579 2902 644 2947 esse
665 2884 749 2960 illati,
772 2884 824 2945 sed
837 2888 911 2946 ratio
927 2890 1001 2947 inter
1015 2888 1153 2948 cheulum
1172 2888 1293 2964 ejusque
1316 2903 1400 2946 meus
1421 2885 1589 2946 harmonica

246 2973 378 3048 aprime
400 2974 484 3033 initio
506 2975 596 3033 menti
618 2976 656 3032 sit
678 2975 773 3048 insitu,
797 2990 851 3034 nec
864 2976 962 3051 imago
984 2977 1024 3035 sit
1045 2977 1106 3035 veri
1128 2976 1174 3033 sui
1187 2974 1404 3052 paradigmatis,
1426 2972 1478 3035 sed
1492 2976 1588 3050 ipsum

245 3060 338 3119 ueluti
366 3059 546 3137 paradigma.
591 3060 646 3120 His
676 3060 761 3121 dictis
792 3060 937 3139 Keplerns
971 3064 1118 3123 examinat
1138 3069 1268 3122 veterum
1289 3060 1529 3139 philosophorum
1551 3060 1588 3120 de

245 3148 397 3207 hmmoniu
412 3150 578 3223 sententias,
602 3150 691 3209 citato
704 3149 831 3208 maxime
845 3148 941 3210 Procli
956 3149 1021 3210 luco
1044 3150 1220 3225 (Commeat.
1236 3152 1265 3207 in
1280 3150 1330 3209 lib.
1340 3149 1363 3207 i.
1381 3148 1471 3207 Elem.
1487 3143 1587 3229 Eucl.)

246 3234 283 3294 de
306 3238 433 3295 essentia
453 3253 548 3297 rerum
570 3235 849 3310 mathematicaruru,
874 3238 964 3314 „quia
985 3254 1044 3298 non
1066 3244 1179 3296 matum
1201 3239 1342 3314 genuinos
1357 3235 1587 3316 harmonicorum

246 3325 399 3397 terminus,
422 3322 547 3384 circulos
570 3330 600 3383 et
621 3340 706 3384 arcus
727 3342 746 3383 a
766 3324 865 3401 figuris
887 3326 1040 3398 rescissus,
1069 3326 1099 3383 in
1127 3328 1225 3385 anima
1251 3326 1339 3401 inque
1366 3330 1462 3383 mente
1484 3324 1588 3383 statuit

245 3410 447 3487 essentialiter,
470 3409 522 3472 sed
538 3414 626 3471 etium
648 3413 718 3488 quia
738 3413 795 3472 sihi
817 3412 924 3474 similia
946 3413 1102 3489 proterenti
1125 3411 1215 3473 demit
1235 3412 1376 3472 insidiam
1397 3412 1498 3488 reJccti
1519 3408 1588 3469 hinc
1663 3469 1666 3474 ,

245 3496 312 3559 inde
334 3498 531 3560 aristotelios
1047 3514 1051 3519 ’
1238 3504 1242 3513 “

348 3586 414 3646 Hae
436 3587 562 3646 rationes
585 3584 770 3647 harmonicae
792 3587 831 3646 ab
853 3586 957 3646 altiora
980 3589 1094 3647 animae
1122 3588 1167 3662 vi,
1201 3604 1277 3664 quae
1300 3584 1403 3647 eadem
1424 3586 1454 3644 in
1477 3584 1588 3645 artibus

247 3678 277 3734 et
295 3670 388 3734 literis
409 3673 502 3748 valet,
535 3672 744 3750 dijudicantur,
775 3681 988 3750 cognoscuntur
1018 3682 1114 3734 autem
1144 3677 1173 3733 in
1202 3676 1307 3735 exteris
1337 3673 1425 3733 rebus
1454 3672 1587 3732 interiore

244 3761 334 3820 animi
355 3762 400 3837 vi,
431 3778 489 3821 nou
512 3760 599 3820 modo
628 3760 754 3836 homini,
787 3761 839 3822 sed
871 3763 960 3823 etiam
981 3762 1126 3839 pecudum
1148 3763 1261 3839 generi,
1293 3778 1385 3837 aeque
1407 3774 1442 3818 ac
1467 3759 1587 3834 „mundi

245 3850 380 3907 animae“
404 3847 505 3921 indita,
528 3850 592 3908 sive
614 3849 760 3909 instinctu.
797 3849 856 3908 Hic
877 3851 1031 3910 instinctus
1052 3853 1077 3910 is
1095 3857 1154 3925 est,
1178 3851 1226 3925 qui
1250 3847 1386 3909 discernit
1408 3863 1495 3906 sonus
1517 3847 1588 3906 har-

244 3936 376 3995 monicus
406 3941 436 3996 et
465 3935 696 3996 barm0nicorum
730 3934 856 3996 siderum
886 3937 1033 3998 radiorum
1066 3940 1126 3998 vim
1158 3937 1254 3997 sentit.
1299 3933 1340 3996 Ut
1371 3933 1478 4011 plantis
1506 3935 1587 3994 notio

245 4025 357 4082 numeri
379 4023 417 4084 ab
438 4024 521 4083 initio
544 4026 620 4082 inest
652 4020 803 4105 (numerus
830 4024 965 4100 loliorum
994 4027 1025 4084 in
1054 4025 1187 4098 floribus,
1216 4040 1352 4082 numerus
1380 4039 1536 4098 granorum
1558 4024 1588 4079 in
1659 4039 1670 4054 ·

244 4106 365 4192 pomis),
396 4112 439 4170 ita
467 4111 662 4171 animantibus
689 4118 718 4171 et
745 4111 857 4170 homini
883 4114 973 4172 insita
1001 4120 1045 4173 est
1067 4113 1164 4173 circuli
1191 4113 1287 4187 noti03
1320 4112 1468 4186 „animae,
1500 4112 1588 4169 etiam

244 4197 409 4272 inferiores,
440 4200 619 4276 compositae
648 4205 678 4258 et
708 4199 903 4259 coniormstae
933 4208 1001 4260 suut
1029 4199 1068 4260 ad
1099 4198 1251 4273 circulum,
1282 4199 1364 4261 velut
1390 4197 1428 4258 ad
1457 4214 1589 4257 normam

245 4286 411 4362 legemque,
434 4303 557 4364 cumque
572 4288 636 4363 ipso
654 4286 761 4346 circulo
777 4287 899 4364 eJnsque
914 4281 1195 4348 demonstrabilitate
1217 4286 1312 4347 ideam
1335 4288 1422 4351 etiam
1444 4286 1588 4344 rationum

246 4373 493 4450 harmonicorum,
528 4391 603 4451 quae
633 4373 699 4434 inde
722 4373 900 4451 dependent,
931 4375 1118 4437 induerunt“.
1162 4374 1352 4452 Recipiuntur
1376 4372 1432 4431 hae
1460 4372 1588 4431 rationes

245 4463 343 4522 auimo
366 4463 397 4519 in
419 4462 507 4521 rebus
528 4460 684 4521 sensilibus
708 4479 885 4539 persensus,
910 4464 938 4521 in
960 4464 1047 4525 rebus
1063 4462 1249 4523 insensilibus
1263 4461 1322 4520 alia
1337 4459 1423 4520 animi
1439 4457 1587 4533 facultate,

247 4549 405 4626 „facultate
433 4552 548 4608 animas
576 4547 690 4621 vitali“,
724 4567 800 4625 quae
830 4568 894 4627 cap.
917 4550 988 4611 VII.
1019 4549 1150 4627 pluribus
1177 4549 1345 4608 illustratur.
1395 4546 1588 4606 Praemissam

245 4644 344 4699 autem
358 4639 624 4713 interpretationum
639 4635 784 4720 Keplerus
800 4640 861 4715 ipse
882 4637 953 4697 dicit
977 4639 1157 4714 „obscuram
1181 4633 1395 4711 quodammodo
1410 4632 1589 4694 materialem

246 4730 276 4785 et
299 4724 455 4785 subnuba
478 4725 561 4801 quasi
584 4725 794 4800 ignorantiae“.
839 4725 1007 4786 Facultates
1030 4724 1098 4783 illae
1121 4722 1209 4781 animi
1230 4721 1378 4782 interiores
1402 4737 1461 4780 non
1484 4723 1587 4796 sciunt,

245 4831 277 4873 se
298 4814 454 4890 percipere,
477 4819 511 4871 ut
533 4829 597 4872 cum
614 4811 746 4874 videntes
768 4813 878 4890 aliquid
894 4818 1064 4871 nontamen
1081 4807 1344 4884 animadvertimus,
1368 4825 1421 4867 nos
1436 4808 1466 4867 id
1479 4807 1587 4868 ridere.

244 4898 286 4961 Ut
314 4918 397 4960 amur
421 4897 539 4977 puellae
566 4902 665 4960 existit
691 4902 720 4958 in
749 4902 846 4959 animo
870 4900 1003 4975 juvenis,
1034 4895 1188 4957 nescientis
1216 4913 1274 4972 qna
1297 4895 1333 4958 de
1356 4913 1444 4956 causa
1467 4902 1496 4956 et
1518 4896 1589 4972 quid

244 4990 275 5047 in
297 4995 396 5048 amatu
427 4988 544 5067 diligat,
575 5005 663 5065 quum
693 4988 926 5067 physiognomon
956 4987 985 5043 in
1014 4984 1179 5044 amantibus
1209 5001 1335 5060 morum,
1369 4985 1440 5055 oris,
1470 4983 1588 5044 habitus

245 5075 458 5150 similitudines,
481 5093 558 5152 quae
580 5075 776 5137 nescientibus
798 5090 925 5133 amorem
948 5071 1117 5145 incendunt,
1141 5074 1269 5148 noverit,
1299 5075 1341 5132 ita
1362 5074 1391 5129 in
1414 5069 1472 5129 illis
1494 5070 1589 5131 lacul-

246 5164 357 5224 tatibus
382 5171 447 5239 ,est
468 5181 571 5223 sensus
594 5165 812 5241 proportionum
834 5162 896 5219 sine
918 5160 1037 5219 sensu“.
1082 5157 1168 5236 (Cap.
1192 5156 1248 5242 Π.)
1278 5146 1285 5160 ’

349 5252 397 5309 Ita
429 5259 587 5328 postquam
620 5260 664 5311 est
697 5248 895 5323 disquisitum,
932 5248 978 5305 cui
1010 5246 1099 5306 insint
1131 5247 1298 5307 harmoniae
1321 5252 1460 5322 tanquam
1482 5245 1588 5321 agenti

246 5339 382 5399 lormauti
405 5339 592 5416 senopifici,
622 5333 766 5412 Kupler'us
789 5351 851 5410 cap.
872 5333 926 5392 ΠΙ.
950 5334 1045 5411 pergit
1066 5333 1104 5394 ad
1125 5334 1304 5411 subJectum‚
1332 5336 1362 5392 in
1385 5331 1463 5408 quod
1485 5338 1590 5409 agatur

245 5427 412 5486 harmoniis.
445 5425 529 5487 Haec
543 5431 641 5485 autem
656 5421 789 5498 subjecta
810 5426 891 5481 sunt:
916 5424 1021 5498 anima,
1045 5439 1120 5499 quau
1143 5421 1286 5500 descripta
1302 5429 1346 5482 est
1360 5439 1379 5479 a
1395 5421 1460 5480 Deo
1482 5422 1516 5509 in
1534 5420 1589 5479 has

246 5516 448 5592 proportiones
478 5511 675 5584 harmonicas,
704 5507 853 5587 planetae,
888 5510 995 5586 quibus
1022 5508 1162 5587 regularis
1191 5511 1267 5570 inest
1297 5516 1393 5569 motus
1416 5514 1445 5568 ct
1467 5524 1589 5585 quorum

247 5604 383 5664 numurus
406 5604 492 5664 certis
515 5617 551 5660 ex
571 5597 723 5658 harmonia
745 5596 885 5658 desumtis
916 5596 1032 5674 legibus
1064 5597 1199 5659 definitus
1221 5603 1279 5671 est,
1311 5596 1448 5672 denique,
1463 5596 1588 5669 animae,

245 5694 385 5753 creaturis
396 5684 550 5751 mundanis
560 5686 734 5764 praefectae.
756 5669 881 5763 inquirit
890 5682 1045 5765 Keplerus,
1057 5704 1127 5746 num
1138 5685 1307 5748 harmonias
1318 5677 1588 5758 insiatiuuumero,
