3684 7259
1507 1211 1671 1269 Liber
1704 1207 1803 1268 111.
1842 1212 2020 1283 eaput
2053 1213 2200 1270 vm.
2370 1251 2375 1254 .
3072 1221 3197 1285 335

490 1406 696 1451 omnes
741 1390 887 1453 alias
931 1393 1369 1454 efficacissimae
1425 1393 1617 1453 solent
1662 1411 1824 1472 esse,
1882 1392 2376 1472 quemadmodum
2434 1400 2495 1454 et
2552 1396 2850 1455 sonituum
2908 1393 3029 1471 illi,
3094 1399 3195 1473 qui
3261 1373 3265 1378 ⁸

491 1479 659 1538 inter
688 1497 752 1538 se
800 1479 1082 1558 diapason
1130 1478 1613 1556 efficiunt¹V1¹¹).

665 1579 811 1632 Nota
846 1580 889 1634 Ι.
962 1580 1045 1634 Ab
1084 1581 1187 1635 hoc
1226 1589 1417 1635 octavo
1457 1580 1635 1650 capite
1684 1597 1859 1649 usque
1897 1581 1965 1635 ad
2003 1582 2270 1636 decimum
2318 1586 2534 1635 sextum
2571 1580 2922 1644 Ptolemaeus
2975 1584 3199 1638 demon-

489 1661 667 1710 strare
704 1658 909 1726 nititur,
946 1665 1116 1713 totam
1153 1665 1404 1714 naturam
1442 1659 1957 1727 contemperationis
1994 1659 2340 1715 harmonicae
2376 1660 2603 1727 reperiri
2630 1660 2773 1714 inter
2797 1647 3040 1722 motu&
3077 1679 3197 1717 coe-

490 1732 708 1789 lestium
746 1738 1202 1793 conformationes
1239 1747 1294 1793 et
1330 1755 1516 1792 eorum
1554 1737 1857 1793 accidentia
1903 1754 2003 1807 per
2038 1746 2222 1806 partes
2259 1739 2520 1809 singulas.
2592 1740 2732 1794 Nam
2781 1741 3060 1797 zodiacum
3098 1744 3199 1796 cir-

491 1813 673 1866 culum
710 1830 830 1874 esse
868 1817 1138 1883 quoddam
1175 1817 1339 1872 veluti
1377 1824 1617 1883 systema
1653 1816 1972 1885 perfectum,
2012 1818 2221 1885 probat!
2254 1834 2372 1887 cap.
2412 1818 2461 1873 8.
2536 1818 2725 1887 Capite
2762 1835 2888 1874 vero
2914 1820 2962 1875 9.
3011 1836 3197 1889 aspec-

494 1897 585 1945 tus
635 1893 980 1962 planetarum
1034 1905 1161 1949 sunt
1211 1895 1289 1949 illi
1325 1894 1729 1949 consonantiae.
1806 1895 1934 1964 Cap.
1976 1895 2058 1951 10.
2110 1904 2290 1950 motus
2326 1898 2667 1965 planetarum
2712 1899 2766 1952 in
2803 1898 3026 1968 longum
3071 1908 3202 1955 sunt

493 1971 712 2036 quidam
774 1981 967 2027 cantus
1028 1990 1125 2028 seu
1175 1974 1373 2030 ductus
1429 1977 1579 2031 vocis
1635 1991 1734 2043 per
1789 1991 1956 2031 sonos
2012 1974 2240 2032 invicem
2298 1982 2614 2043 sequentes.
2705 1978 2835 2046 Cap.
2892 1982 2969 2032 11.
3018 1989 3198 2036 motus

491 2051 785 2105 eorundem
832 2054 887 2107 in
934 2053 1102 2108 altum
1151 2054 1357 2109 faciunt
1410 2056 1674 2124 quaedam
1725 2061 1937 2109 cantus
1955 2067 2174 2123 genera.
2247 2052 2377 2134 cap.
2421 2054 2501 2111 12.
2552 2055 2901 2124 evagationes
2937 2058 2992 2112 in
3030 2057 3196 2114 latum

491 2138 619 2182 sunt
656 2131 919 2197 quaedam
957 2133 1191 2187 varietas
1237 2133 1519 2188 modorum
1556 2150 1655 2188 seu
1691 2140 1961 2189 tonorum.
2038 2125 2787 2204 Gap.13.chtk!gurationes
2838 2149 2935 2189 seu
2980 2136 3197 2192 habitus

490 2208 829 2276 planetarum
858 2211 925 2265 ad
945 2212 1124 2265 Solem
1160 2214 1582 2282 aequiparantur
1617 2213 1960 2282 dispositioni
1994 2209 2465 2268 tetrachordorum
2497 2209 2553 2263 in
2579 2220 2892 2279 systemate.
2955 2214 3195 2283 Cap.14.

492 2285 831 2354 planetarum
880 2292 1144 2359 sphaerae
1196 2294 1402 2363 primae
1452 2301 1580 2347 sunt
1629 2293 1858 2348 stabiles
1904 2292 2024 2345 soni
2070 2287 2130 2346 in
2164 2295 2476 2362 systemate.
2552 2290 2681 2359 Cap.
2725 2293 2805 2346 15.
2850 2291 3195 2361 planetarum

493 2372 671 2419 motus
710 2368 959 2426 videntur
995 2389 1026 2427 a
1063 2375 1376 2428 Ptolemaeo
1414 2372 1604 2428 haberi
1641 2372 1798 2440 quasi
1836 2388 1936 2440 pro
1974 2369 2265 2426 mobilibus
2300 2372 2449 2427 sonis
2485 2370 2540 2423 in
2575 2386 2634 2424 ει·
2640 2377 2881 2425 stemate.
2945 2373 3069 2441 Cap.
3114 2374 3193 2435 16

496 2440 834 2509 planetarum
872 2449 1266 2508 familiaritates
1304 2460 1435 2509 sunt
1468 2458 1532 2507 ut
1565 2450 1842 2505 stabilium
1880 2465 2137 2505 sonorum
2159 2450 2333 2509 (forte
2357 2459 2414 2506 et
2437 2449 2742 2519 mobilium)
2781 2452 3193 2506 consonantiae:

492 2527 553 2574 ιιι
587 2520 662 2575 ita
697 2531 869 2580 totum
906 2529 1088 2584 thema
1125 2530 1359 2586 coeleste
1394 2528 1492 2584 tali
1530 2530 1813 2601 systemati
1848 2529 2053 2584 musico
2089 2528 2437 2597 respondeat.

666 2603 811 2658 Nota
847 2607 912 2662 11.
992 2609 1240 2678 Systema
1276 2609 1577 2679 perfeetum
1617 2608 1745 2675 quid
1783 2609 1884 2676 sit,
1937 2608 2279 2663 Ptolemaeus
2316 2608 2410 2664 lib.
2449 2610 2516 2663 II.
2558 2624 2675 2679 cap.
2711 2610 2763 2665 4.
2801 2609 3091 2678 explicavit
3127 2626 3194 2663 ex

495 2694 596 2733 sua
631 2687 926 2755 sententia3
966 2706 1087 2744 nam
1125 2691 1217 2745 alii
1254 2690 1402 2744 aliud
1450 2704 1549 2757 pro
1587 2686 1829 2755 perfecto
1867 2651 2189 2741 habuerunt.
2266 2688 2608 2743 Ptolemaeus
2661 2688 2887 2743 duorum
2932 2688 3197 2756 diapason

495 2761 833 2829 amplitudini
883 2732 988 2821 h'oc
1023 2770 1251 2823 nominis
1290 2768 1463 2822 dedit:
1518 2774 1580 2820 ut
1616 2766 1662 2821 si
1699 2765 1888 2820 eadem
1926 2768 2161 2821 omnium
2200 2766 2521 2822 chordarum
2555 2768 2732 2822 tensio
2770 2773 2942 2834 esset,
2994 2765 3194 2839 longis-

494 2840 629 2894 sima
681 2844 1055 2912 brevissimae,
1114 2848 1684 2917 proslambanomenos
1736 2862 1807 2900 sc.
1860 2854 2014 2900 netes
2053 2848 2384 2917 quadrupla,
2438 2863 2615 2902 meses
2652 2860 2779 2902 vero
2831 2847 2999 2916 dupla
3034 2851 3195 2900 esset.

468 2918 615 2973 Etsi
653 2921 774 2976 libri
814 2925 897 2977 sui
934 2924 1034 2979 ΙΙΙ.
1075 2942 1191 2995 cap.
1231 2929 1277 2980 1.
1333 2925 1682 2980 mechanicae
1728 2924 2125 2980 commoditatis
2172 2941 2336 2980 causa
2388 2934 2442 2980 et
2490 2931 2552 2980 ut
2598 2931 2887 3001 utrumque
2933 2924 3195 2993 diapason

492 2996 833 3061 intervallum
871 3003 1055 3058 eadem
1093 3005 1264 3059 forma
1300 3005 1555 3059 sectionis
1594 3003 1945 3058 monochordi
1982 3002 2194 3059 absolvi
2219 3003 2514 3072 perficique
2541 3005 2734 3074 possit,
2772 3004 3041 3072 duplicem
3073 3018 3196 3058 sua·

493 3079 587 3133 det
620 3078 921 3135 tensionem
959 3082 1012 3136 in
1049 3082 1193 3152 lyra,
1242 3100 1402 3139 unam
1440 3100 1538 3152 pro
1574 3082 1816 3136 inferiori
1855 3079 2146 3151 diapason,
2198 3082 2521 3138 chordarum
2569 3082 2922 3152 crassiorum,
2970 3082 3194 3136 alteram

491 3175 591 3229 pro
630 3159 911 3227 superiori,
950 3163 1317 3231 graciliorum:
1359 3171 1419 3218 ut
1454 3164 1547 3224 ita,
1586 3164 1631 3216 si
1668 3176 1854 3216 mesen
1893 3160 2014 3229 quis
2053 3160 2324 3236 duplicem
2350 3169 2588 3217 statuere
2614 3161 2796 3230 vellet,
2836 3177 3052 3216 crassae
3077 3160 3194 3230 qui-

497 3237 618 3292 dem
655 3240 891 3293 chordae
942 3242 1115 3295 tensio
1155 3244 1390 3297 omnium
1437 3242 1760 3309 fortissima,
1814 3240 2033 3308 gracilis
2060 3241 2207 3295 vero
2244 3241 2480 3295 omnium
2525 3239 2962 3309 languidissima‚
2999 3255 3190 3295 sonum

493 3319 723 3375 eundem
761 3319 941 3374 edant.
1016 3320 1119 3376 Est
1153 3322 1323 3391 igitur
1357 3322 1654 3391 perfectum
1694 3328 1933 3391 systema
1971 3320 2274 3388 quindecim
2313 3317 2663 3384 chordarum,
2717 3318 2943 3373 totidem
2980 3318 3196 3373 concin-

492 3411 591 3449 nos
631 3406 686 3451 et
721 3397 992 3467 legitimae
1039 3418 1397 3456 consonorum
1436 3401 1685 3457 divisioni
1722 3399 2157 3455 accommodatos
2208 3399 2418 3454 sonitus
2467 3398 2770 3465 edentium,
2821 3398 2877 3452 in
2914 3414 3080 3453 unum
3116 3397 3196 3451 in-

493 3483 851 3532 strumentum
887 3480 1147 3534 musicum
1184 3488 1437 3550 coaptata
1474 3481 1658 3535 series,
1730 3480 1849 3534 Hoc
1885 3486 2121 3549 systema
2158 3478 2420 3532 musicum
2459 3476 2535 3532 ait
2553 3475 2955 3531 similitudinem
2992 3477 3194 3534 habere

494 3571 613 3608 cum
653 3556 852 3611 circulo
889 3561 1129 3614 zodiaco,

666 3636 810 3691 Nota
848 3638 943 3693 III.
1014 3639 1175 3694 Initio
1212 3641 1409 3710 repetit
1446 3648 1630 3694 eornm
1664 3655 1873 3694 summa
1910 3638 2104 3707 capita,
2149 3652 2290 3707 quae
2327 3636 2593 3690 hactenus
2635 3637 2701 3691 de
2737 3637 3037 3691 animarum
3073 3652 3196 3705 cog-

494 3712 713 3768 natione
751 3733 871 3771 cum
908 3719 1203 3775 harmoniis
1241 3720 1563 3790 disputavit,
1610 3725 1667 3773 et
1702 3716 2084 3773 consonantias
2122 3715 2340 3784 quidem
2392 3713 2708 3770 distributas
2747 3717 2824 3770 ait
2867 3732 2966 3786 per
2999 3717 3195 3786 prima·

492 3792 604 3846 rias
641 3795 850 3852 animae
886 3806 1096 3865 partes;
1136 3800 1191 3854 id
1215 3799 1431 3855 'factum
1471 3815 1587 3867 cap.
1623 3799 1674 3854 5.

666 3874 812 3927 Nota
846 3875 939 3928 IV.
1013 3878 1238 3933 Formas
1276 3880 1463 3947 (ideas)
1503 3886 1761 3933 cantuum
1797 3892 1897 3945 per
1917 3873 2116 3929 formas
2143 3875 2424 3929 virtutum.
2496 3874 2722 3930 Factum
2762 3891 2880 3944 cap.
2923 3878 2972 3933 6.
3026 3875 3194 3952 Ωιιιιε

494 3966 690 4020 nempe
725 3953 813 4006 hic
849 3954 1023 4023 ideas,
1075 3958 1149 4011 ibi
1187 3955 1482 4026 appellavit
1522 3956 1655 4026 εἱδη,
1705 3956 1944 4026 species,
1994 3963 2050 4008 et
2097 3962 2212 4009 tres
2248 3953 2588 4008 diatessaron
2628 3953 2839 4021 species
2887 3959 3016 4007 sunt
3051 3970 3194 4007 com·

493 4038 720 4101 paratae
766 4032 937 4086 tribus
990 4034 1357 4091 habitualibus
1408 4035 1695 4103 speciebus
1750 4042 1805 4089 et
1831 4034 2026 4090 tribus
2072 4032 2508 4100 concupiscibilis
2545 4031 2824 4086 facultatis
2872 4032 3192 4098 virtutibus;

490 4117 726 4177 quatuor
773 4111 1026 4180 diapente
1063 4114 1306 4181 species,
1360 4122 1595 4181 quatuor
1630 4113 1896 4168 sensualis
1948 4112 2157 4166 animae
2208 4124 2262 4165 et
2316 4119 2548 4177 quatuor
2597 4109 2882 4164 irascibilis
2920 4108 3194 4186 facultatis

490 4189 810 4258 virtutibus;
850 4198 1055 4260 septem
1095 4193 1327 4261 denique
1364 4193 1627 4262 diapason
1664 4192 1892 4261 species,
1931 4199 2138 4260 septem
2176 4187 2634 4244 intellectualibus
2661 4187 2857 4241 muniis
2895 4195 2949 4242 et
2985 4194 3192 4260 septem

493 4266 803 4323 intellectus
858 4271 1163 4327 virtutibus.
1237 4272 1511 4341 Respectu
1564 4272 1755 4325 harum
1812 4271 2114 4339 specierum
2167 4266 2519 4324 tetrachorda
2571 4266 2878 4334 systematis
2932 4266 3018 4322 vel
3066 4275 3195 4322 sunt

492 4350 811 4418 conjuncta,
869 4366 1241 4421 synemmena,
1302 4352 1386 4405 vel
1439 4351 1738 4420 disjuncta,
1793 4354 2155 4417 ὁιαζευγμενας
2205 4354 2261 4402 et
2315 4346 2527 4412 dantur,
2565 4346 2671 4400 ista
2723 4344 3195 4402 tetrachordorum

491 4444 705 4497 genera.

662 4525 806 4580 Nota
841 4526 906 4580 V.
979 4526 1331 4581 Differentiae
1366 4527 1510 4583 circa
1544 4512 2015 4582 tetrachordorum
2051 4540 2253 4593 genera
2289 4533 2409 4577 sunt
2453 4525 2609 4589 istae.
2665 4521 2810 4589 quud
2846 4521 3194 4577 tetraehnrda

490 4603 573 4657 vel
610 4604 753 4658 inter
789 4606 1012 4660 stabiles
1048 4606 1135 4659 vel
1170 4607 1310 4660 inter
1347 4605 1571 4659 mobiles
1606 4619 1771 4659 sonos
1810 4611 1939 4658 sunt
1973 4603 2381 4672 comprehensa.
2421 4609 2846 4653 annueramus
2882 4601 3050 4669 ipsius
3090 4601 3194 4653 tria

493 4682 739 4738 existunt
774 4702 999 4753 genera:
1054 4687 1408 4753 diatonicum,
1447 4684 1869 4751 chromaticum,
1917 4683 2349 4749 enharmonium.l
2393 4681 2457 4733 de
2497 4681 2689 4745 quibui?-
2725 4681 2814 4733 ΜΕ
2854 4681 2982 4745 fbf-5¹²-
3054 4677 3194 4733 Nam

490 4762 957 4818 tetrachordorum
1014 4764 1347 4819 differentiae
1400 4764 1827 4832 multiplicantur
1881 4780 2001 4818 cum
2057 4762 2341 4832 generibus
2397 4761 2545 4813 hisne
2593 4765 2802 4813 cantus.
2892 4757 3017 4813 Jam
3070 4773 3190 4813 veru

491 4857 606 4910 cap.
649 4844 696 4897 6.
736 4842 1107 4896 consideratae
1146 4850 1273 4897 sunt
1308 4842 1544 4897 virtutes
1573 4842 1870 4898 secundum
1907 4839 2240 4895 differentias
2276 4837 2557 4905 dignitatis
2593 4845 2649 4889 et
2681 4833 3098 4905 magnitudinis,
3138 4841 3194 4889 et

490 4928 831 4989 comparatae
868 4930 997 4976 sunt
1033 4921 1319 4991 generibus
1358 4930 1575 4992 cantus,
1621 4938 1790 4991 quare
1826 4920 2016 4990 etiam,
2054 4928 2116 4974 ut
2151 4920 2240 4973 hic
2276 4917 2377 4977 ait
2429 4913 2898 4969 temanum-:inrum
2934 4929 3190 4981 generum

488 4999 825 5055 differentiis.
3222 5021 3227 5025 ’

661 5078 951 5147 Multiplex
989 5080 1095 5134 ista
1133 5079 1409 5135 distinctio
1445 5079 1818 5135 confusionem
1856 5077 2022 5148 parit,
2060 5092 2221 5145 quam
2257 5081 2319 5130 nt
2355 5088 2571 5129 caveas
2585 5071 2890 5142 perpende,
2926 5067 3192 5142 quasdam

397 5164 414 5179 ”
488 5157 660 5225 magis
697 5158 766 5211 ad
802 5159 1148 5213 tetrachorda
1183 5159 1332 5214 velut
1375 5160 1445 5214 ad
1478 5160 1896 5214 instrumentum
1931 5156 2192 5211 musicum
2226 5153 2524 5223 pertinere,
2564 5147 2824 5221 quasdam
2859 5165 2988 5207 vero
3024 5150 3194 5220 magis
3244 5179 3257 5185 ·

489 5237 561 5292 ad
595 5245 812 5292 cantum
849 5240 1060 5308 ipsum,
1101 5246 1156 5293 et
1193 5247 1324 5294 nota
1360 5225 1880 5293 subordinationem:

488 5346 565 5402 In
608 5345 981 5412 tetrachordo,
1037 5352 1099 5400 ut
1145 5346 1531 5409 instrumento,
1593 5347 1723 5396 sumt
1763 5356 1968 5410 qenera
2016 5354 2224 5409 synem-
2355 5336 2718 5419 Differentiae
2732 5336 2881 5390 iuter
2894 5333 3115 5389 mbae-s
3140 5339 3194 5389 et

1044 5431 1225 5482 mena,
1278 5414 1679 5481 diazeuqrnena.
2391 5409 2536 5463 inter
2568 5405 2793 5461 mobiles
2815 5405 3144 5474 phthonyos.

490 5535 568 5594 In
600 5545 769 5594 cautu
804 5540 925 5607 ipso
941 5554 1046 5607 per
1069 5535 1470 5591 tetrachordum
1492 5532 1831 5589 modulando
1866 5537 2020 5588 sunt.-
2053 5530 2312 5600 species
2361 5528 2576 5584 Genera
2592 5533 2816 5583 cantus:
2837 5526 3194 5594 diatonicum

492 5610 1000 5675 consonantiarum,
1071 5606 1417 5661 diatessaron
1470 5611 1602 5673 tres;
1671 5603 1929 5674 diapente
1986 5607 2270 5671 quamam
2402 5599 2817 5661 ώνωηαιίωιη,
2866 5596 3146 5705 enharmo-

1114 5677 1398 5747 diapason
1421 5680 1639 5745 septem.
2688 5669 2859 5724 mm.
