3684 7259
614 1197 792 1256 Harmonicis.
828 1201 910 1257 Liber
923 1201 979 1258 111.·
991 1202 1077 1269 caput
1096 1201 1131 1257 X.
1483 1207 1539 1270 lte
1616 1217 1621 1229 '

195 1373 361 1434 sinautem
383 1377 485 1435 musici
514 1378 570 1454 ipsi
592 1387 705 1455 ponunt
727 1387 839 1439 tantum
861 1382 937 1441 inter
964 1381 1001 1454 b,
1033 1379 1101 1459 [ret
1124 1384 1199 1442 iuter
1221 1379 1283 1457 <ips
1311 1400 1334 1439 e.
1380 1380 1472 1457 Igitur
1494 1380 1541 1441 rel

195 1464 266 1537 ipsis
290 1465 435 1538 organicis
457 1466 684 1525 assentientibus
714 1465 760 1525 vel
784 1485 802 1525 a
825 1468 856 1526 D
887 1467 934 1527 vel
958 1486 976 1527 a
1002 1465 1179 1545 Gsystema
1211 1476 1340 1527 nostrum
1370 1485 1541 1545 consurgere

197 1549 296 1620 dehet,
323 1559 355 1609 ut
376 1553 551 1627 exprimatur
574 1571 683 1612 merum
705 1563 833 1630 systema
856 1555 997 1614 naturale.

283 1638 321 1695 At
343 1654 437 1714 neque
460 1656 477 1696 a
500 1640 532 1697 D
553 1650 681 1717 systema
704 1642 834 1702 naturale
857 1645 982 1719 incipere
1005 1649 1110 1720 potest.
1156 1643 1207 1702 Est
1223 1644 1303 1702 enim,
1323 1644 1393 1718 ipsis
1416 1644 1445 1700 in
1460 1660 1538 1703 more

196 1726 337 1798 positum,
361 1728 543 1785 semitonium
567 1745 674 1804 ponere
699 1730 829 1803 interd,
853 1730 906 1807 dp,
933 1734 963 1789 in
985 1747 1050 1790 mco
1073 1747 1142 1790 vero
1165 1730 1292 1790 naturali
1314 1737 1472 1809 systemate
1495 1732 1539 1806 eei

198 1814 255 1870 imo
278 1811 343 1872 loco
366 1812 491 1887 lemme,
517 1815 595 1890 quod
618 1818 713 1876 minus
737 1826 781 1877 est
804 1820 968 1878 semitonio.

326 1929 430 1977 systema
443 1933 552 1974 naturale.
710 1935 866 1985 Transposltlo
880 1937 971 1987 rejecta.
1130 1936 1286 1986 Tranaposltlo
1301 1936 1345 1975 aila
1358 1933 1449 1986 reiecta.

322 2614 372 2667 De
391 2615 635 2671 Tetrachordis
654 2624 687 2671 et
705 2634 769 2675 usu
786 2616 999 2690 syllabarum
1016 2625 1071 2685 at,
1089 2634 1136 2686 re,
1155 2620 1213 2686 mi,
1233 2621 1285 2686 fo,
1303 2619 1366 2687 eol,
1386 2619 1426 2674 la.

287 2792 441 2851 Veteribus
465 2799 603 2855 usitatum
626 2805 696 2869 erat,
720 2805 848 2875 systema
872 2805 995 2858 octavae
1018 2795 1196 2871 distinguere
1219 2796 1248 2851 iu
1272 2792 1329 2852 duo
1352 2792 1544 2865 tetrachorda,

203 2879 288 2953 idque
318 2879 512 2942 diversimode
540 2902 592 2959 pro
622 2883 738 2944 diversa
766 2888 925 2945 intentione
952 2887 1137 2943 musicorum.
1191 2880 1246 2942 Vel
1266 2874 1355 2941 'enim
1394 2881 1548 2956 conjuncte

203 2977 291 3039 erant,
315 2986 504 3044 synemmena
527 2971 619 3045 dicta,
644 2989 701 3029 uno
724 2989 796 3030 sono
818 2972 990 3032 intermedio
1013 2978 1138 3044 statuto,
1163 2972 1212 3045 qui
1236 2976 1349 3029 etcum
1372 2970 1545 3044 gravissimo

203 3055 274 3111 intra
297 3064 325 3114 et
348 3073 412 3114 cum
435 3060 604 3119 acutissimo
627 3076 715 3136 supra
737 3060 882 3119 efficiebat
905 3060 1102 3132 diatessaron,
1133 3057 1232 3133 itaque
1261 3063 1407 3116 extremae
1439 3056 1547 3116 allicie-

204 3142 272 3199 bant
294 3143 478 3203 intervallum
500 3145 658 3220 dissonum,
684 3146 810 3223 dihepte‚
835 3157 864 3207 et
887 3166 975 3225 supra
999 3156 1084 3205 tonus
1103 3161 1178 3203 unus
1201 3143 1475 3219 subintelligebatur
1496 3160 1548 3202 ec·

204 3229 319 3303 cedere3
350 3235 462 3306 quoties
486 3236 562 3292 enim
586 3234 655 3293 ordo
679 3234 847 3310 postulabat
875 3237 991 3313 pulsare
1021 3242 1157 3293 octavam
1179 3252 1216 3307 a,
1246 3231 1404 3308 pulsabant
1426 3234 1548 3308 primam

206 3320 245 3387 Α,
270 3320 353 3390 qnasi
377 3338 412 3377 es
436 3325 570 3397 opposito
595 3322 750 3380 identicum
773 3340 876 3380 sonum
900 3323 1042 3396 edentem,
1067 3319 1238 3401 descensos.
1283 3317 1349 3378 Hoc
1372 3326 1458 3395 pacto
1490 3334 1548 3377 non

206 3420 269 3460 rere
294 3403 351 3463 duo
375 3409 556 3467 tetrachorda
580 3421 668 3481 eraut,
693 3410 744 3468 scd
768 3410 825 3467 duo
849 3411 965 3485 quidem
982 3410 1161 3468 diatessaron
1178 3406 1341 3478 intervalla,
1365 3424 1456 3465 unum
1480 3422 1549 3478 vere

206 3490 447 3570 heptachordum
478 3497 522 3555 rel
548 3496 693 3572 disjuncta
715 3506 795 3555 erant
826 3498 1010 3557 tetrachorda
1038 3494 1192 3555 intervallo
1222 3496 1307 3553 unius
1331 3496 1391 3553 toni
1423 3494 1552 3570 majoria‘

205 3577 412 3654 diezeugmena
434 3581 527 3655 dicta,
552 3584 631 3658 quod
653 3601 748 3643 rernm
770 3592 875 3642 natura
898 3586 1004 3644 suadet
1026 3587 1114 3644 etiam
1140 3584 1171 3639 in
1193 3590 1293 3641 nostra
1314 3584 1481 3658 systematis
1504 3581 1551 3640 di·

206 3668 326 3739 risione,
350 3670 380 3725 in
403 3688 462 3745 qua
483 3673 602 3730 interius
625 3671 838 3730 tetrachordum
861 3673 951 3732 hahet
976 3670 1011 3746 G,
1035 3674 1069 3745 Α,
1092 3669 1119 3753 i),
1142 3687 1166 3743 ⁰,
1189 3671 1321 3746 tuperiufl
1344 3669 1372 3743 dr
1396 3680 1428 3743 ‘a
1449 3670 1498 3747 for
1521 3686 1549 3745 92

208 3754 253 3808 ubi
285 3756 358 3813 inter
380 3775 395 3815 c
418 3759 490 3816 etd
520 3768 605 3817 tonus
634 3760 728 3834 major
749 3762 876 3819 interest.
921 3761 1068 3819 Fortassis
1091 3761 1155 3837 ipso
1188 3760 1275 3817 stiam
1299 3758 1356 3816 situ
1388 3756 1551 3832 disjunctae

206 3852 285 3898 erant
307 3852 432 3917 quatuor
454 3848 529 3904 imae
554 3845 678 3906 chordae
702 3866 719 3905 a
743 3854 868 3923 quatuor
890 3848 1099 3925 superioribus,
1121 3844 1221 3905 relicto
1245 3862 1285 3906 sc.
1308 3846 1463 3904 interstitio
1486 3861 1550 3903 me-

203 3927 257 4001 jori
281 3930 354 3988 inter
377 3932 460 3991 binas
483 3934 655 3994 limitaneas.

400 4087 552 4128 Tetrachorda
567 4099 716 4136 synemmena.
950 4087 1105 4130 Tetrachorda
1119 4086 1285 4135 utcasugmcna

292 4161 1476 4343 Ξ-ῐσὲἒὲἓὲᾖῖὲΐὲῌῖῑ
1559 4164 1562 4170 ’

292 4408 390 4468 Causa
413 4408 484 4482 ipsis
507 4409 654 4484 cogitandi
684 4409 719 4469 de
742 4414 899 4487 systemate
922 4407 1097 4476 tetrachordi
1119 4409 1173 4467 luit
1199 4410 1272 4484 ista,
1287 4405 1380 4490 =quod
1402 4400 1560 4480 ridebant*

207 4502 234 4554 in
258 4516 317 4556 una
340 4496 520 4554 diatessaron
544 4500 734 4557 consonantia
756 4514 821 4556 esse
844 4504 930 4556 tonos
954 4494 1027 4554 duos
1049 4497 1146 4570 semis,
1171 4503 1200 4556 et
1214 4512 1267 4557 nos
1287 4493 1430 4558 habmus
1452 4500 1562 4552 tonum.

208 4586 354 4660 majorem,
377 4584 517 4641 minorem
542 4593 570 4643 et
592 4586 776 4643 semitonium
800 4586 829 4641 in
852 4582 1032 4642 diatesseron
1056 4583 1194 4660 perfecto,
1217 4586 1246 4641 in
1264 4580 1472 4644 eoncordautia
1493 4582 1553 4639 sci-

210 4674 277 4729 lieet
297 4673 402 4729 minori
425 4666 507 4750 (nam
532 4668 570 4751 ’λδ
594 4682 623 4731 et
645 4668 687 4754 ⁵]ss
711 4670 889 4747 nequidem
918 4686 971 4746 pro
995 4669 1208 4731 concordantiis
1230 4671 1426 4744 habebantur)
1457 4669 1555 4727 omnia
1593 4673 1601 4742 j

209 4759 350 4818 elementa
373 4759 532 4831 concinna3
556 4768 585 4818 et
599 4761 785 4818 semitonium
800 4757 917 4835 quidem
934 4757 981 4818 rel
997 4760 1055 4817 imo
1070 4758 1145 4827 loco,
1170 4758 1218 4819 vel
1234 4756 1338 4829 medio,
1362 4755 1410 4817 rel
1431 4772 1553 4815 summo.

209 4846 309 4905 Omnis
332 4847 421 4923 igitur
444 4854 545 4905 cantus
571 4847 723 4906 videbatur
746 4847 818 4922 ipsis
841 4845 1047 4922 comprehendi
1070 4847 1161 4906 tribus
1178 4844 1423 4906 tetrachordorum
1444 4844 1553 4902 formis.
1602 4865 1605 4885 ¹

337 5193 394 5233 'rom
444 5193 501 5234 Tou.
543 5196 600 5234 sem.
800 5197 855 5234 Tou.
898 5195 957 5236 sem.
1011 5194 1068 5234 'l'on-
1238 5190 1297 5233 Eem.
1351 5192 1407 5231 Τοῦ.
1442 5190 1500 5232 'l'on-

292 5317 367 5377 Mihi
403 5318 631 5394 multiplicantur
659 5322 767 5379 formae
800 5317 1048 5379 tetrachordorum
1084 5325 1203 5395 propter
1239 5316 1454 5375 distinctionem
1482 5316 1556 5375 inter

211 5413 308 5480 tonos,
340 5409 480 5465 minorem
510 5416 539 5466 et
562 5415 715 5481 malorem3
751 5424 803 5485 pro
834 5407 926 5465 trihus
958 5407 1033 5466 enim
1056 5422 1108 5465 sex
1130 5404 1203 5463 fiunt
1225 5406 1306 5463 etin
1330 5420 1388 5463 uno
1411 5404 1553 5479 diapason

211 5489 365 5569 pleraebue
393 5496 541 5568 geminae3
570 5496 669 5571 itaque
695 5496 837 5555 habentus
868 5495 958 5553 etiam
989 5499 1111 5551 naturae
1140 5490 1288 5569 quoddam
1317 5491 1487 5567 suffragium
1516 5488 1555 5556 ad

212 5579 414 5655 distinguenda
444 5582 644 5656 tetrachorda,
674 5600 741 5641 nam
770 5581 903 5658 superius
935 5587 978 5639 est
1011 5579 1138 5641 interiori
1161 5577 1377 5656 quodammodo
1407 5576 1554 5639 simileid

213 5666 397 5744 dispositione
420 5669 638 5744 intervallorum
662 5670 887 5735 elementarium.
