3684 7259
216 1192 294 1252 ‚40⁶
436 1152 438 1158 ’
740 1177 890 1233 curemur
907 1175 1063 1232 ammona.

785 1296 788 1298 Α
1016 1296 1022 1323 ¹
1089 1293 1091 1298 Α
1546 1319 1550 1327 .

230 1359 343 1417 ausus
358 1355 471 1426 primam
489 1353 607 1410 omnium
628 1352 656 1407 in
668 1352 838 1421 planetarum
856 1355 1002 1420 systemate
1014 1348 1151 1404 ludentem
1164 1348 1327 1404 cantilenam
1339 1355 1366 1402 et
1378 1347 1407 1403 in
1425 1365 1475 1404 sno
1494 1348 1576 1407 cautu

226 1437 389 1513 imitaretur.
1242 1506 1244 1509 Ι

317 1524 413 1590 Neque
432 1536 495 1575 roro
513 1519 654 1587 miremur,
678 1524 734 1571 tarn
758 1524 831 1571 arcte
856 1532 1001 1586 expressas
1026 1533 1087 1572 esse
1104 1516 1257 1571 harmonias
1276 1516 1304 1571 in
1322 1517 1442 1571 motibus
1459 1517 1578 1574 sidemm

231 1604 353 1671 easdem,
371 1616 442 1675 quae
460 1600 488 1653 in
506 1599 614 1654 chordis
632 1597 790 1730 audiaff,
815 1611 877 1674 cum
895 1593 1045 1662 videamus,
1070 1611 1151 1662 quam
1170 1602 1301 1664 cognatae
1319 1596 1373 1649 sint
1392 1596 1577 1661 subjectorum

230 1673 406 1752 utrorumque
423 1676 601 1733 conditiones.
621 1676 704 1732 Stella
764 1669 823 1728 t'um
841 1667 926 1736 iubet
944 1681 972 1727 et
990 1672 1090 1728 chorda
1102 1679 1203 1728 motum
1222 1672 1325 1727 habetz·
1337 1676 1477 1741 proportio
1498 1692 1578 1742 qnae·
1647 1703 1654 1721 ·

229 1750 299 1816 ri'tur
317 1758 388 1826 inter
406 1754 558 1821 celeritates
577 1754 697 1810 diversas
716 1762 836 1808 motuum
854 1751 1022 1810 caelestium,
1042 1751 1180 1818 quaeritur
1198 1760 1224 1805 et
1243 1752 1313 1805 inter
1331 1752 1438 1808 diversa
1455 1755 1578 1810 acumina

230 1837 430 1909 maritatesque
449 1826 619 1900 chordarum,
638 1850 700 1887 cnm
718 1839 815 1888 acutus
833 1848 917 1897 sonus
937 1846 970 1884 ex
989 1830 1092 1885 chorda
1109 1832 1235 1886 celeriter
1252 1840 1325 1887 mota
1342 1832 1469 1901 prodeat,
1490 1834 1578 1899 graiis

229 1932 265 1973 ex
282 1913 368 1970 tarda.
406 1913 443 1966 Et
460 1911 575 1966 chordas
594 1911 868 1980 quidem-'attanaliter
885 1918 978 1965 tensas
997 1910 1137 1976 longitudo
1159 1911 1252 1966 tardas
1270 1910 1347 1979 iacit,
1372 1910 1491 1966 brevitas
1510 1913 1578 1967 cele·

229 2005 285 2061 res3
307 1999 412 2047 motum
428 1989 556 2059 planetae
575 1984 669 2043 contra
686 1971 801 2050 ulmae
814 1987 926 2044 brevem
945 1988 1022 2056 iacit,
1049 1989 1172 2044 celeritas
1200 1990 1310 2057 longum
1332 1990 1527 2059 et'prolixum,
1551 2002 1578 2049 et

168 2097 173 2105 ·
229 2074 288 2130 vice
305 2086 395 2137 versa,
423 2069 446 2123 si
465 2083 557 2123 sumas
584 2068 696 2123 eandam
714 2060 845 2143 mptagrp'
858 2067 1068 2136 longitudinem,
1095 2068 1123 2122 iu
1141 2085 1173 2122 ea
1195 2067 1320 2122 celeritas
1338 2067 1422 2122 efficit
1441 2067 1577 2137 planetam
1604 2137 1606 2142 Ι

230 2151 305 2209 brevi
328 2142 449 2219 tempore
474 2148 590 2214 morari,
617 2146 731 2203 tarditas
749 2147 840 2216 longo.
875 2147 950 2203 Nihil
969 2148 1050 2214 igitur
1068 2147 1180 2216 impedit
1198 2162 1357 2215 responsum
1375 2150 1577 2216 proportionem
1604 2207 1606 2211 Α

146 2283 148 2290 .
230 2225 452 2297 ωοωιιω,,ᾳιιο(1
470 2226 530 2281 aoni
547 2225 656 2293 quidem
673 2225 828 2295 audiuntur,
848 2233 938 2293 motus
957 2240 1020 2277 aero
1039 2227 1080 2279 rel
1100 2226 1224 2280 videntur
1242 2231 1283 2292 (ut
1303 2241 1336 2278 ex
1350 2225 1420 2281 Sole)
1441 2225 1484 2279 rel
1502 2228 1577 2281 intel.

229 2318 348 2381 guntur:
363 2305 431 2376 ‘quia
448 2319 537 2374 neque
555 2304 609 2358 illis
628 2303 877 2373 propter·anditum
896 2304 990 2357 insuat
1008 2302 1173 2372 harmoniae,
1192 2320 1280 2372 neque
1297 2303 1472 2372 his‘propter
1484 2306 1577 2374 visum,
1604 2304 1607 2310 ’

229 2387 278 2444 aed
296 2385 419 2453 utrisque
435 2390 549 2454 propter
566 2382 760 2450 longitudinem
778 2390 807 2437 et
824 2382 995 2450 brevitatem,
1022 2389 1050 2436 et
1072 2387 1183 2452 propter
1206 2382 1375 2443 affectiones,
1400 2397 1471 2449 quae
1489 2393 1577 2440 motos

228 2471 439 2533 conmanuntnr.
455 2469 567 2531 propter
577 2459 680 2530 scilicet¹
692 2460 920 2529 comparationem
934 2460 1039 2528 horum,
1059 2469 1089 2514 ut
1106 2455 1293 2527 terminorum,
1307 2461 1403 2529 quatit
1414 2460 1578 2518 intellectus.

229 2544 284 2602 Sed
295 2541 355 2598 ridd
369 2540 506 2609 originem,
525 2533 712 2594 distinctiones
718 2536 863 2606 'totamque
883 2540 1029 2596 essentiam
1041 2538 1256 2594 harmonicorum
1275 2540 1482 2608 proportionum
1495 2544 1579 2595 nostri

175 2618 180 2626 '
229 2624 319 2695 operis
336 2619 406 2675 labro
425 2619 471 2672 IV.
489 2623 558 2686 cap.v
570 2620 591 2678 l,
610 2617 636 2685 2,
656 2618 679 2682 3,
697 2624 733 2674 et'
745 2633 802 2686 cap.
818 2619 843 2686 l,
862 2611 897 2673 65.
905 2616 1048 2671 discrimen
1067 2618 1137 2671 inter
1155 2617 1235 2686 hujus
1253 2617 1306 2672 loci
1324 2618 1455 2672 coelestes
1474 2620 1579 2675 barmo-

231 2704 290 2762 niae
309 2708 337 2767 et
353 2700 425 2754 inter
442 2698 502 2752 illas
521 2696 617 2765 capitis
636 2698 660 2753 9.
678 2696 840 2765 Ptolemaei,
859 2710 931 2765 quae
948 2698 1022 2751 hisce
1041 2698 1071 2754 in
1090 2696 1268 2766 perfectione,
1295 2697 1437 2751 nobilitate
1457 2707 1485 2753 ct
1502 2716 1578 2769 prae·

233 2778 333 2837 stantia
351 2778 521 2845 nequaquam
540 2781 605 2827 sunt
621 2776 827 2845 comparandae.

154 2897 159 2910 ·
317 2873 370 2927 Est
395 2870 479 2942 igitur
504 2868 574 2924 inter
600 2870 651 2926 bos
669 2867 802 2941 cujusque
829 2870 955 2942 planetae
983 2871 1061 2926 binos
1079 2877 1215 2927 extremos
1242 2881 1331 2928 motus
1354 2878 1579 2933 commensuratio

140 3017 143 3024 Ι
321 2957 358 3018 ta,
377 2955 408 3015 ut
426 2947 511 3019 probo
528 2945 587 3002 toto
605 2947 674 3004 libro
692 2950 724 3003 V.
744 2949 796 3003 mei
815 2950 922 3018 operis3
945 2958 986 3003 est
1004 2949 1111 3004 illorum
1124 2956 1225 3005 certum
1245 2951 1353 3019 aliquod
1372 2962 1499 3022 systema,
1518 2973 1579 3010 con·

228 2952 357 3188 {tx
377 3026 509 3100 diapason
528 3034 632 3097 septem
650 3037 678 3084 et
695 3028 823 3098 amplius;
844 3028 871 3081 in
889 3020 921 3082 eo
941 3036 1005 3082 sunt
1023 3044 1154 3096 expressa
1166 3030 1255 3083 omnia
1272 3032 1374 3086 rasitata
1391 3033 1502 3087 musicis
1521 3034 1581 3089 loca

229 3128 242 3167 a
288 3175 293 3186 Ι
329 3124 394 3178 γεω,
412 3106 536 3162 atrides
555 3107 644 3175 capite
662 3109 687 3173 5,
706 3106 733 3160 in
752 3105 846 3161 eodem
865 3122 994 3173 expressa
1013 3115 1076 3160 sunt
1094 3116 1121 3159 ct
1140 3106 1192 3162 dno
1206 3113 1299 3164 cantas
1318 3126 1419 3177 genera
1437 3111 1579 3179 nataralia,

156 3214 161 3230 ι
229 3185 326 3245 durdin
349 3197 377 3244 et
400 3185 496 3253 molle,
519 3185 614 3256 eodem
637 3186 726 3254 capite
744 3189 768 3255 5,
788 3194 814 3240 et
835 3186 1009 3240 subtilissima
1032 3186 1141 3254 quidem
1164 3189 1336 3257 omniumque
1359 3188 1581 3243 artificiosissima

229 3270 348 3336 rationo;
368 3266 456 3335 capite
475 3266 498 3321 9.
518 3265 682 3334 aprop20.
702 3257 729 3318 in‘
747 3266 788 3319 27.
808 3271 873 3319 snnt
891 3264 1057 3333 singulorum
1076 3264 1245 3333 planetarum
1265 3267 1363 3335 singuli
1381 3265 1580 3336 qaroclammodo

228 3348 302 3414 toni,
328 3346 417 3417 capite
436 3346 461 3401 d.
480 3350 544 3398 sunt
561 3344 717 3399 harmoniae
735 3343 911 3414 particulares
930 3343 1068 3415 binorum,
1090 3344 1217 3399 trinomm
1238 3354 1302 3412 eta,
1330 3349 1394 3401 sarrit
1414 3349 1579 3403 universales
1604 3351 1607 3357 '

227 3426 348 3490 omniurn
366 3442 414 3480 sex
444 3424 533 3491 capite
551 3429 581 3493 ⁷,
610 3432 673 3478 sunt
695 3438 776 3477 voces
799 3423 879 3477 etiam
902 3422 1024 3476 diversae
1048 3424 1136 3492 capite
1154 3426 1179 3479 8.
1216 3425 1254 3478 Et
1271 3425 1342 3481 haec
1358 3425 1500 3494 dispositio
1518 3427 1578 3481 har·

220 3504 336 3560 {monica
364 3509 406 3557 cst
429 3499 476 3574 ille
500 3500 677 3576 archetypos,
704 3499 737 3555 ad
761 3516 841 3569 quern
865 3500 1070 3569 exprimendum
1094 3501 1263 3570 planetarum
1282 3503 1496 3559 ecccntricitatee
1516 3519 1579 3558 snas

230 3580 353 3652 singulas
371 3594 512 3636 mensuras
531 3587 695 3648 acceperunt
712 3580 802 3647 capite
820 3579 844 3633 9.
881 3579 1005 3646 Denique
1033 3578 1178 3648 concludo,
1202 3580 1303 3650 nullam
1322 3588 1426 3650 partem
1444 3582 1578 3637 barmoni-

228 3675 288 3730 ees,
315 3665 395 3715 ntea
413 3659 492 3714 nobis
510 3658 620 3714 etno'ta
638 3660 783 3714 etusitata
801 3667 857 3727 est,
884 3660 911 3712 in
931 3658 972 3712 his
996 3658 1066 3713 binis
1086 3665 1112 3713 et
1137 3658 1207 3712 binis
1226 3658 1389 3727 singulorum
1408 3660 1578 3729 planetarum

229 3742 258 3792 et
280 3736 403 3791 binorum
429 3735 545 3803 singulis
573 3735 691 3792 motibus
726 3737 852 3792 extremis
878 3730 1026 3806 mediisque
1056 3737 1205 3806 interjectis
1233 3735 1336 3792 deesse.
1385 3738 1578 3807 Veruntamen,

230 3814 294 3885 quia
310 3831 395 3883 supra
413 3816 481 3885 (cap.
498 3815 522 3870 6.
542 3817 654 3885 notul.)
673 3813 833 3870 Ptolemaeo
860 3815 1022 3885 exprobravi
1049 3808 1153 3870 textum
1172 3832 1220 3870 seu
1239 3823 1426 3885 argumentum
1446 3816 1579 3872 melodiae

229 3892 362 3961 coelestis,
375 3908 440 3963 age,
463 3907 497 3947 ne
515 3893 587 3949 forte
606 3894 677 3949 etin
696 3909 756 3948 meo
776 3911 857 3963 opere
876 3896 928 3950 boc
947 3896 1054 3949 unicam
1074 3895 1255 3963 desideretur,
1275 3895 1415 3950 audiamus
1435 3903 1463 3951 et
1479 3896 1513 3951 do
1531 3895 1578 3952 allo

228 3973 330 4040 Regem
342 3970 472 4026 Psalten:
562 4027 564 4032 ,
645 3970 647 3973 ‘
987 4002 991 4008 -
1253 3994 1257 4002 ·

317 4059 391 4117 coar
415 4066 549 4114 annuant
574 4060 692 4129 gloriam
709 4059 765 4113 Dei
788 4066 813 4113 ct
842 4075 927 4129 opera
948 4075 1079 4113 nmnuum
1106 4059 1165 4127 ejus
1191 4060 1343 4114 annunciat
1367 4062 1576 4129 firrraamcntum.

227 4140 296 4197 Dua
324 4140 379 4194 aiei
404 4145 509 4193 eructat
535 4139 645 4194 narbam
672 4144 698 4192 ct
721 4154 777 4191 nur
799 4139 874 4192 rrocti
890 4138 997 4201 iudicat
1013 4138 1163 4191 scientiam.
1200 4138 1303 4204 (blotus
1322 4156 1387 4194 sane
1405 4141 1576 4211 planetarum
1605 4187 1607 4192 .

227 4218 290 4275 illos
309 4216 490 4285 considerari,
516 4215 562 4304 qui
573 4199 659 4270 'dairas
678 4214 731 4269 diei
754 4216 896 4283 nucusque
914 4215 1003 4285 spatio
1022 4215 1184 4282 proveniunt
1203 4216 1337 4286 siugulis.)
1372 4219 1441 4275 Nan
1458 4230 1523 4277 sunt
1540 4214 1576 4279 la·

119 4327 143 4350 a·
164 4305 167 4310 '
228 4298 323 4370 gualae
339 4309 425 4365 neque
441 4309 584 4365 semones,
603 4312 719 4366 guarum
736 4312 792 4349 non
810 4296 963 4350 audiantur
980 4311 1057 4350 voces
1075 4311 1175 4350 eorum.
1212 4297 1250 4350 In
1269 4313 1372 4352 ornnem
1393 4299 1507 4355 Terram
1523 4305 1577 4366 ext

126 4419 128 4426 .
227 4375 267 4433 rit
284 4390 486 4441 sonuseontm,
505 4380 531 4428 et
546 4374 661 4441 iufines
679 4374 753 4429 orbis
771 4380 860 4440 terrac
878 4375 960 4428 naba
979 4390 1078 4427 eorum.
1114 4373 1176 4427 Non
1187 4383 1229 4429 est
1241 4375 1378 4441 credibile,
1397 4376 1486 4432 locum
1506 4378 1577 4435 branc

120 4445 124 4454 ’
197 4456 199 4458 ’
226 4453 255 4509 in
277 4467 358 4508 sensu
382 4451 482 4506 literali
505 4452 585 4522 plane
609 4468 668 4507 esso
693 4451 792 4506 nullius
817 4453 960 4517 momenti,
989 4453 1034 4521 qui
1057 4453 1084 4506 in
1110 4468 1191 4507 sensu
1217 4451 1363 4521 allegorico
1387 4455 1478 4511 divina
1501 4458 1578 4512 nobis
1605 4458 1608 4467 '

222 4531 369 4609 ,Evangelii
386 4531 482 4602 pandit
499 4532 649 4606 mysteria..
672 4532 918 4587 denunciaverunt
942 4533 1011 4587 caeli
1030 4532 1172 4599 justitian
1195 4531 1268 4600 eius,
1295 4539 1320 4587 et
1343 4522 1469 4589 cr'demrnt
1488 4552 1579 4592 omnes

223 4613 323 4683 populi
337 4612 455 4684 glorium
473 4610 549 4679 eiua..
575 4610 703 4666 annana
721 4610 800 4676 coeli,
825 4611 955 4679 quoniam
977 4609 1194 4665 miscricordiam
1214 4612 1279 4678 fecit
1302 4612 1440 4679 dontinus,
1460 4613 1579 4679 jubilate

135 4736 138 4746 .
226 4698 331 4747 montes
348 4690 515 4766 mandatore,
528 4690 666 4758 psalmum
684 4688 765 4742 dicite
782 4689 889 4742 nomini
906 4686 973 4755 mus,
992 4688 1056 4742 data
1072 4689 1189 4758 glorium
1208 4679 1287 4742 laudi
1304 4688 1369 4755 ejice.
1405 4688 1578 4760 DicitrDeo,
1605 4750 1608 4756 ,
1654 4756 1655 4761 ¹

157 4823 160 4830 ,
226 4786 308 4841 prom
325 4755 459 4824 terrrbda'a
475 4774 540 4823 aurat
558 4784 641 4837 opera
665 4773 715 4821 tua
732 4767 848 4822 domiue.
885 4767 1037 4822 Laetantur
1058 4769 1124 4822 coeli
1141 4774 1167 4821 et
1184 4768 1298 4822 caneda
1321 4774 1403 4822 terra.
1440 4770 1578 4826 Paratum

226 4863 378 4904 coruncano
395 4844 484 4913 Dera,
504 4852 637 4915 paratum
655 4861 701 4899 cor
726 4862 828 4913 mcum,
852 4848 971 4901 cantabo
990 4853 1015 4900 ct
1033 4848 1171 4916 psalmum
1189 4847 1277 4901 dicam
1296 4847 1414 4903 domino.
1450 4850 1578 4922 Exsurge

224 4943 243 4997 p
330 4930 455 5000 ,campe
463 4924 625 4993 psalterium
637 4938 724 4984 meum
742 4931 768 4979 et
785 4925 912 4994 cythara,
931 4940 1074 4993 resurgam
1093 4925 1218 4978 ariundo.
1243 4923 1322 4994 Quod
1339 4939 1403 4980 sane
1421 4925 1472 4981 suit
1490 4944 1577 4997 mane,

224 4924 464 5220 Q
487 5002 649 5070 confitebor
670 5002 720 5057 tibi
746 5004 777 5057 in
799 5002 912 5072 populis
935 5000 1121 5066 (literatorum)
1146 5002 1253 5056 dauriae
1278 5008 1303 5056 et
1324 5005 1464 5078 psalmum
1489 5007 1577 5061 dicam

224 5159 340 5230 *W

397 5147 400 5154 Ι
490 5081 598 5147 (librum
618 5074 751 5147 scribam,
762 5082 808 5149 qni
827 5080 862 5133 sit
880 5080 964 5133 veluti
983 5096 1059 5134 sacer
1077 5081 1192 5150 hymnus
1212 5081 1327 5151 Galeri),
1354 5087 1486 5152 quoniam
1503 5105 1576 5159 mag·
1605 5088 1608 5095 '

365 5219 369 5236 ¹,
411 5175 496 5229 usgue
513 5161 551 5215 ad
567 5162 655 5215 coelos
671 5161 860 5216 mmemcordia
883 5166 933 5214 tua
956 5166 980 5214 ct
998 5176 1084 5229 usque
1099 5161 1137 5214 ad
1154 5161 1238 5214 nubes
1254 5162 1355 5216 acutas
1372 5168 1429 5216 tua.
1465 5163 1577 5220 Bonum

157 5273 162 5282 ·
225 5243 266 5295 ut
282 5238 406 5305 confiteri
423 5237 533 5293 domim
553 5246 578 5293 et
592 5240 712 5307 psaltere
730 5240 836 5294 nomini
853 5244 901 5293 tuo
920 5239 1061 5305 altissimo,
1080 5238 1118 5293 ad
1135 5240 1360 5295 annunciandum
1377 5256 1456 5295 ruane
1473 5246 1575 5299 rats-eri-

225 5315 350 5373 maran
370 5320 657 5373 murcomannus
683 5324 761 5372 tuam
779 5334 832 5387 per
852 5323 965 5372 noctem.
1000 5318 1039 5372 In
1063 5316 1232 5374 decachordo
1251 5318 1435 5384 (hexachordo
1454 5322 1575 5390 coelesti)

226 5390 397 5466 nummu
415 5411 477 5450 cram
494 5396 602 5451 cantico
619 5397 650 5449 in
668 5398 792 5466 cythara.
818 5395 891 5466 Quia
909 5397 1048 5451 delectant
1064 5413 1106 5451 nae
1124 5397 1233 5451 daniae
1246 5395 1280 5460 [iu
1296 5398 1407 5464 factura
1425 5404 1483 5467 tua,
1503 5406 1529 5455 et
1546 5402 1576 5455 iu

226 5473 352 5544 apocalama
369 5489 498 5528 munuum
509 5480 620 5528 tuarum
637 5477 787 5531 maurulio.
814 5476 902 5546 Quam
918 5476 1096 5546 nmguificatu
1113 5483 1177 5531 sunt
1191 5492 1274 5545 opera
1291 5483 1341 5531 tua
1358 5476 1476 5545 domine,
1494 5480 1576 5534 nauis
1606 5504 1610 5510 ’

220 5549 379 5619 Mundae
395 5559 460 5607 suut
475 5555 566 5621 factae
583 5556 762 5624 cofimdoues
778 5562 849 5611 tuae.
874 5556 924 5611 Vir
935 5557 1067 5625 insipiens
1084 5572 1141 5609 non
1159 5562 1307 5623 cognoscet,
1327 5561 1353 5609 et
1369 5557 1469 5611 stultus
1492 5557 1575 5627 (igno-
1606 5593 1609 5599 ·

224 5641 288 5694 rana
306 5634 335 5683 et
352 5627 468 5700 barbaro
486 5630 560 5690 fastu
583 5634 758 5690 contemnens
783 5632 886 5705 literas)
912 5650 971 5692 non
994 5634 1125 5703 taedebat
1148 5634 1222 5688 baec.
1261 5634 1328 5689 &rra
1355 5637 1445 5691 caeru
1470 5636 1576 5707 furum
