3684 7259
609 1181 787 1237 Harmonicis.
823 1180 904 1237 Liber
921 1181 970 1236 Ill.
991 1181 1079 1249 caput
1095 1181 1138 1237 lX.
1491 1185 1551 1245 165

199 1379 259 1424 666
284 1360 451 1423 discernunt
473 1380 538 1424 eam
561 1379 647 1421 aures
670 1361 820 1431 666667,
845 1361 927 1437 justa
949 1360 1131 1438 longitudine
1153 1362 1243 1437 partia
1267 1378 1334 1421 vere
1357 1364 1552 1438 consonantis,

198 1460 228 1509 at
250 1450 399 1510 residuum
421 1450 499 1509 illius
523 1452 628 1510 32975
652 1455 777 1507 nonest
801 1447 954 1507 dimidium
984 1453 1076 1528 ipsius
1101 1450 1216 1509 67025.
1262 1448 1356 1509 Aliter
1379 1466 1448 1525 ergo
1478 1466 1551 1509 con·

197 1539 313 1597 sonabit
337 1538 457 1615 duplum
486 1538 564 1596 illius
590 1537 712 1609 65950,
747 1536 831 1595 aliter
854 1539 919 1614 ipsa
944 1538 1064 1610 67025,
1098 1555 1163 1595 cum
1185 1539 1259 1596 inter
1281 1554 1314 1596 se
1346 1537 1471 1597 collatae
1494 1537 1551 1598 hae

199 1625 322 1685 chordae
353 1626 501 1685 diversum
531 1642 635 1684 sonum
664 1625 780 1684 iaciant.
827 1622 913 1699 Quod
946 1627 1032 1700 igitur
1064 1624 1267 1683 inharmonice
1296 1642 1355 1683 666
1384 1623 1551 1685 discemunt

200 1714 265 1771 illos
288 1731 382 1786 aures,
406 1713 438 1772 fit
461 1713 544 1787 ideo,
568 1715 639 1787 quia
657 1710 789 1787 ¹medium
811 1729 962 1771 numerum
985 1713 1123 1790 probant,
1150 1714 1300 1771 61666666
1324 1713 1437 1772 ratione
1459 1729 1550 1774 aeae-

200 1813 253 1874 tur,
281 1800 392 1861 scilicet
418 1803 540 1875 66667,
573 1807 605 1858 66
633 1799 696 1874 ejus
727 1800 972 1878 complementum
1000 1802 1041 1859 sit
1063 1799 1185 1872 33333,
1221 1798 1372 1858 dimidium
1402 1816 1443 1860 66.
1470 1799 1552 1859 111166

200 1895 309 1948 exacte.
1533 1922 1545 1948 2

284 1973 421 2035 Stabilito
441 1974 504 2050 jam
525 1992 628 2033 seusus
651 1976 785 2034 acumine
808 1976 836 2032 in
860 1972 1069 2049 dijudicatione
1092 1973 1300 2033 1666661662
1324 1973 1397 2033 663
1421 1975 1550 2052 itemque

202 2068 214 2122 l
241 2062 278 2121 ad
302 2066 332 2135 3,
356 2064 487 2137 sequitur
510 2070 541 2120 ut
564 2061 696 2121 similiter
719 2063 808 2121 etiam
830 2060 866 2120 de
891 2065 909 2118 2
934 2062 1004 2121 663
1030 2078 1096 2120 cum
1121 2062 1137 2118 5
1158 2060 1332 2135 judicemus,
1357 2060 1453 2138 deque
1479 2065 1494 2120 l
1520 2072 1552 2123 st

200 2154 217 2209 3
242 2167 307 2209 cum
331 2153 360 2208 4.
404 2149 480 2208 Nam
502 2151 528 2208 si
554 2150 659 2209 59785
684 2158 857 2208 consonaret
880 2165 946 2207 cum
972 2148 1106 2223 100000,
1131 2156 1219 2225 66666
1241 2150 1385 2210 sicetiam
1400 2148 1550 2210 residuum

163 2288 169 2298 .
200 2239 313 2311 40215,
338 2244 414 2297 certe
437 2237 493 2295 hoc
516 2254 574 2296 nou
597 2245 640 2297 est
664 2239 716 2308 bes
739 2236 775 2296 de
798 2237 857 2306 illo,
882 2254 948 2295 oum
971 2245 1068 2294 tamen
1091 2236 1186 2295 bessis
1209 2240 1401 2307 consonantia
1421 2238 1551 2315 perfecta

195 2325 355 2399 justificata
373 2324 437 2399 jam
459 2326 506 2394 sit,
529 2342 570 2385 sc.
597 2326 702 2383 60000
726 2342 790 2383 cum
815 2325 931 2384 40000.
977 2323 1043 2383 Η66
1066 2331 1152 2399 pacto
1175 2325 1347 2383 transfertur
1369 2325 1500 2397 auditne,
1518 2327 1550 2384 -si

199 2416 309 2472 ratione
333 2420 462 2484 acuatur,
486 2403 947 2485 666666666166666611666,
971 2413 1112 2489 incipieus
1135 2412 1172 2469 ab
1196 2414 1329 2482 unisono,
1355 2414 1438 2488 cujus
1462 2414 1555 2489 agni·-

198 2502 238 2557 tio
261 2509 291 2559 et
313 2498 484 2576 dijudicatio
508 2500 729 2580 6661661111616,
759 2516 852 2575 66666
881 2497 951 2557 dum
974 2515 1074 2564 omnes
1104 2500 1263 2574 pervadat,
1291 2502 1417 2577 probans
1440 2503 1547 2577 partes,

199 2605 271 2662 6666
294 2589 352 2647 mei
374 2588 485 2645 numeri
508 2589 643 2663 signant,
666 2585 823 2665 repudians
845 2586 1031 2646 mechanicae
1054 2588 1138 2664 primi
1162 2585 1278 2645 ordinis.

283 2674 360 2733 Vide
383 2677 597 2748 argutissimum
626 2675 714 2733 aliam
743 2675 830 2751 hujus
852 2677 968 2751 generis
991 2676 1285 2750 contemperationem
1314 2674 1392 2751 apud
1415 2674 1546 2733 Vincen-

198 2766 268 2819 tium
292 2761 467 2835 Galilacum,
491 2780 550 2821 uon
571 2764 736 2838 ignorantia
758 2762 1005 2822 demonstrativae
1028 2779 1168 2821 sonorum
1181 2764 1361 2837 quantitatis,
1384 2758 1436 2819 sed
1449 2760 1547 2820 stirdio

196 2850 336 2925 singulari
358 2851 482 2923 saetam,
511 2858 600 2925 atque
623 2867 678 2926 ego
702 2850 820 2925 quidem
842 2866 928 2908 usum
956 2850 1020 2925 eJus
1043 2850 1243 2909 mechanicum
1270 2865 1413 2925 6666666,
1442 2855 1476 2905 66
1497 2865 1547 2907 or·
1649 2930 1653 2934 q

197 2939 280 3011 ganis
302 2936 407 2997 eadem
430 2954 503 3014 pene
526 2938 661 2996 libertate
685 2938 872 3009 intensionis,
904 2953 981 3011 quae
1004 2944 1048 2996 cet
1076 2940 1106 2994 in
1128 2936 1257 2996 humana
1279 2952 1369 3008 6666,
1401 2937 1548 3011 66661666

198 3026 251 3096 nti,
276 3024 314 3082 ad
337 3024 565 3100 speculationem
589 3043 674 3098 vero,
705 3027 763 3083 imo
794 3025 832 3084 ad
855 3032 988 3084 naturam
1017 3032 1120 3084 cantus
1143 3023 1370 3099 dignoscendam
1402 3025 1547 3098 pernicio·

200 3130 261 3169 sam
285 3114 418 3170 existimo
452 3129 586 3186 6666666
608 3112 665 3170 hoc
693 3113 815 3186 alliciat,
850 3122 880 3170 ut
909 3130 1048 3188 organum
1072 3114 1281 3186 ingenuitatem
1304 3110 1423 3169 humani
1447 3117 1549 3170 cantus

199 3217 265 3258 vere
288 3216 437 3275 nunquam
460 3206 642 3275 assequatur.

765 3447 906 3521 CAPUT
933 3448 986 3521 lX.

196 3611 241 3665 De
269 3612 523 3678 diagrammate,
549 3610 612 3662 hoc
632 3617 682 3663 est
701 3612 909 3668 chordarum
935 3630 992 3669 seu
1010 3628 1127 3667 vocum
1146 3609 1370 3667 denotatione
1388 3581 1548 3670 moderna

307 3715 366 3767 per
389 3697 497 3752 lineas
521 3704 554 3750 66
577 3696 700 3751 literas
720 3699 897 3769 alphabeti
920 3709 954 3754 et
972 3707 1087 3769 notas,
1114 3698 1222 3772 deque
1249 3704 1443 3769 systemate.

280 3876 346 3935 Non
370 3877 432 3936 sine
454 3876 506 3936 lite
529 3894 574 3936 res
597 3883 657 3951 est,
688 3877 740 3937 sed
762 3896 869 3956 sequor
891 3897 946 3956 ego
969 3882 1096 3940 rationes
1121 3880 1310 3938 necessarias.
1355 3877 1461 3938 Musici
1475 3897 1547 3938 uos·
1649 3954 1654 3967 Ι

196 3973 256 4023 trae
289 3968 394 4023 aetatis
423 3967 547 4040 pingunt
577 3964 701 4024 chordas
724 3965 808 4025 aliter
829 3967 858 4025 16
883 3955 1143 4045 diagrammatibus
1167 3966 1379 4039 testudinariis,
1410 3966 1495 4025 aliter
1517 3968 1546 4025 16

197 4053 341 4111 centonis.
385 4050 452 4110 Illic
482 4054 559 4112 euim
588 4052 721 4129 singulae
752 4053 846 4114 116666
879 4053 1099 4133 diagrammatie
1125 4053 1255 4130 eirrgulas
1284 4053 1408 4113 chordae
1434 4060 1546 4127 notant,

196 4157 318 4215 quarum
342 4139 491 4215 quaelibet
512 4157 564 4215 pro
589 4139 711 4199 diversis
735 4144 863 4201 tactibus
880 4142 1011 4205 diversos
1027 4150 1175 4221 praestant
1191 4142 1313 4213 sonitus,
1336 4144 1362 4200 si
1380 4140 1545 4218 pulsentur3

195 4230 224 4284 16
247 4229 383 4286 canteriis
407 4228 485 4303 typis
508 4244 565 4286 non
590 4226 684 4288 lineae
707 4236 820 4288 tantum
843 4231 976 4308 singulae
999 4230 1129 4308 singulas
1153 4245 1240 4288 voces
1264 4245 1317 4290 seu
1339 4227 1471 4301 chordae,
1494 4226 1546 4288 aad

193 4318 258 4391 ipsa
281 4317 368 4374 etiam
393 4316 548 4373 intervalla
571 4305 693 4375 duarum
710 4315 851 4377 linearum
873 4318 1039 4394 significant
1060 4336 1148 4379 uuam
1171 4314 1310 4375 chordam
1332 4315 1545 4376 intermediam.

281 4401 347 4460 Η66
369 4412 456 4478 pacto
480 4405 499 4459 4
532 4401 625 4463 lineae
649 4413 831 4479 transversae
860 4423 926 4465 cum
956 4408 1048 4466 tribus
1072 4403 1231 4466 intervallis
1254 4402 1394 4464 denotant
1419 4406 1436 4461 7
1459 4404 1546 4462 ohor-

194 4490 246 4547 dae
270 4498 299 4548 et
323 4489 340 4547 5
364 4488 458 4548 116666
487 4507 552 4548 cum
577 4492 595 4547 4
618 4491 781 4550 intervallis
810 4493 933 4552 chordas
962 4511 1077 4553 novem.
1123 4490 1236 4551 Deinde
1267 4494 1430 4568 exprimunt
1457 4508 1547 4550 66666

194 4580 291 4635 canori
315 4578 482 4653 systematis
507 4576 554 4636 661
570 4581 646 4637 66616
662 4578 868 4655 peculiaribus,
892 4598 946 4640 suo
963 4580 1126 4658 quamlibet
1140 4580 1206 4639 loeo
1224 4577 1443 4655 diagrammatis
1458 4576 1547 4658 (quae

193 4673 280 4723 notae
303 4663 390 4722 simul
415 4668 552 4740 temporis
576 4683 740 4724 mensuram
762 4665 914 4747 innuunt),
938 4669 986 4727 vel
1009 4668 1101 4727 literis
1124 4666 1274 4743 alphabeti
1297 4668 1398 4742 primis
1422 4674 1545 4743 septem,

195 4750 244 4809 vet
268 4751 395 4827 denique
411 4769 462 4810 sex
477 4752 613 4829 syllabis,
636 4761 679 4828 ut,
703 4772 744 4828 re,
769 4756 821 4827 mi,
843 4757 889 4834 fu,
913 4757 964 4830 sol,
989 4757 1029 4830 lc,
1055 4753 1114 4831 vel,
1139 4764 1171 4813 ut
1185 4753 1273 4815 hodie
1288 4754 1410 4830 Belgae,
1433 4762 1546 4831 septem

194 4838 364 4912 16116,Βο,
389 4857 434 4912 ce,
457 4838 503 4913 di,
528 4859 584 4914 pu,
609 4842 655 4912 lo,
679 4859 745 4915 ma,
769 4844 811 4899 ni.

279 4926 354 4986 Nam
378 4930 448 5001 quia
471 4936 573 4986 cantus
595 4946 704 5003 genera
726 4929 784 4987 duo
807 4938 884 5004 sunt,
910 4928 1013 4988 durum
1029 4936 1057 4989 et
1071 4925 1169 4999 molle,
1192 4944 1315 5002 quorum
1335 4928 1373 4987 ab
1390 4945 1449 4987 una
1465 4945 1548 4988 com·
1638 4925 1641 4936 “

192 5015 271 5072 muni
294 5031 367 5091 voce
391 5016 450 5072 ima
472 5017 653 5091 inceptorum
675 5016 748 5075 haec
771 5024 815 5076 est
838 5016 1017 5089 differentia,
1049 5015 1129 5093 quod
1152 5017 1237 5074 tertia
1263 5022 1398 5074 etsexta
1421 5018 1450 5074 iu
1474 5015 1546 5076 duro
1614 5018 1633 5056 '·

193 5109 279 5159 cantu
302 5108 370 5160 sunt
393 5119 451 5159 una
475 5102 548 5162 dicei
572 5103 690 5162 altiores
713 5122 801 5181 qnam
825 5107 852 5161 in
878 5105 977 5177 molli,
1002 5103 1127 5163 chordae
1151 5103 1265 5178 itaque,
1293 5105 1378 5161 tertia
1401 5110 1430 5163 et
1453 5112 1547 5177 serta,

193 5206 250 5247 non
274 5197 398 5266 possunt
421 5208 537 5249 manere
560 5190 681 5250 stabiles
704 5194 733 5248 16
757 5205 880 5267 utroque
904 5199 1008 5265 cautu,
1039 5190 1091 5251 sed
1114 5194 1228 5267 oportet
1250 5188 1548 5270 illasssvelfflemiuar

192 5277 286 5336 lacere
310 5279 338 5333 in
362 5279 559 5336 instrumentis
583 5285 611 5336 ct
636 5281 761 5355 organis,
782 5289 818 5337 ’66
841 5281 951 5339 iactum
973 5282 1002 5336 in
1025 5279 1151 5337 numeris
1175 5292 1237 5353 cap.
1263 5280 1290 5350 7,
1318 5278 1366 5338 661
1388 5288 1468 5339 tactu
1492 5297 1547 5340 ra·

193 5366 281 5437 riare,
313 5372 345 5422 ut
367 5364 453 5422 credo
485 5365 592 5423 lactum
623 5366 692 5424 olim
721 5368 749 5423 16
772 5365 836 5443 lyra
869 5379 898 5426 et
920 5366 1096 5444 syringibus.
1141 5362 1251 5422 Eadem
1277 5363 1547 5442 deldiagrammam

193 5462 222 5508 66
251 5468 324 5511 6666
347 5450 476 5511 humana
498 5460 566 5511 sunt
590 5451 721 5513 dicenda.
768 5454 841 5511 Cum
864 5455 941 5513 enim
964 5470 1016 5530 pro
1033 5453 1196 5530 'utriusque
1219 5454 1333 5525 generis
1357 5457 1480 5528 6666616,
1505 5456 1549 5515 ab.

192 5538 292 5598 casdem
316 5538 414 5597 radice
437 5541 632 5615 surgentibus,
656 5559 747 5599 unum
769 5540 864 5600 solum
877 5540 1057 5616 diagramma
1079 5538 1130 5597 frat
1157 5540 1245 5614 inque
1269 5556 1303 5598 eo
1335 5548 1448 5605 tantum
1478 5550 1547 5603 outo

194 5625 271 5701 loca,
305 5634 371 5685 octo
395 5644 531 5687 sonorum
554 5627 684 5700 indices,
714 5630 752 5688 ab
781 5637 905 5708 utroque
936 5644 1005 5700 vero
1035 5643 1140 5717 genere
1164 5632 1266 5688 cautus
1297 5631 1328 5687 iu
1351 5648 1440 5697 unam
1462 5638 1546 5694 6666-
