3684 7259
242 1198 306 1259 sto
644 1146 647 1160 Ι
711 1187 877 1257 appendicis
893 1188 1120 1243 Harmonicorum

243 1371 335 1431 bilivi.
379 1370 476 1437 Etiam
498 1368 643 1428 medicum
666 1374 694 1426 te
718 1362 909 1439 oblivisceris,
934 1368 985 1443 qni
1008 1368 1105 1426 nullos
1128 1368 1245 1427 morbos
1268 1369 1324 1426 nisi
1348 1366 1385 1425 ab
1409 1367 1590 1442 auimapes-

244 1462 319 1517 aima
341 1467 370 1516 et
393 1456 541 1516 malevola
562 1458 677 1515 causari
705 1457 813 1531 garris,
837 1457 920 1530 quasi
946 1472 1003 1512 non
1018 1458 1198 1515 creberrima·
1211 1457 1249 1513 sit
1271 1454 1476 1513 alimentorum
1495 1454 1590 1531 eulpa.

244 1546 325 1604 Dum
348 1562 417 1602 vero
442 1544 573 1620 explodis
597 1557 715 1613 causam
739 1542 833 1600 fluxus
865 1552 894 1600 et
916 1543 1042 1600 refluxus
1065 1546 1166 1616 uraris,
1197 1544 1417 1617 respirationem
1441 1558 1494 1600 scu
1517 1542 1591 1601 rcci-

243 1635 443 1709 procationem
465 1632 589 1700 Terrae,
613 1628 709 1706 qualis
733 1633 761 1686 in
784 1631 925 1705 piscibus,
950 1630 1046 1705 prodis
1078 1642 1105 1689 te
1130 1649 1186 1689 non
1211 1648 1274 1689 esse
1297 1638 1486 1705 geometram.
1531 1627 1590 1688 Ne-

245 1737 395 1796 quaquam
425 1720 520 1794 maj0r
548 1717 580 1775 fit
607 1717 700 1776 moles
728 1724 870 1775 attractae
899 1734 1007 1792 aquae,
1041 1736 1129 1793 quarn
1159 1727 1204 1777 cst
1225 1713 1332 1776 Terrae
1364 1733 1477 1792 corpus.
1522 1715 1591 1775 Esto
1651 1770 1655 1780 ,

244 1810 339 1878 enim,
369 1816 400 1864 nt
423 1816 486 1865 tota
509 1808 586 1863 intus
609 1804 696 1881 plena
718 1807 756 1862 sit
778 1821 865 1878 aqua,
900 1821 959 1862 non
983 1822 1057 1880 opus
1081 1804 1200 1864 babebit
1231 1804 1269 1862 ad
1293 1804 1440 1862 defluxum
1465 1820 1589 1862 causau-

243 1895 312 1953 duru
348 1894 413 1970 plus
443 1894 589 1953 attrahere
626 1910 677 1968 per
708 1894 934 1950 contractionem
971 1895 1097 1967 partium
1128 1893 1292 1968 aliquarum
1322 1892 1470 1962 mollium,
1506 1908 1591 1966 quam

244 1990 387 2058 qnantum
417 1981 505 2042 elficit
535 1997 694 2056 paucorum
724 1979 832 2053 pedum
860 1978 1000 2052 altitudo,
1034 1997 1099 2038 cum
1131 1981 1243 2054 reliqua
1273 1979 1456 2055 profunditas
1487 1985 1593 2054 aequet

246 2070 309 2129 900
332 2068 477 2127 milliaria
523 2066 555 2126 Si
588 2075 692 2126 testam
723 2074 784 2125 tute
817 2068 880 2141 ipse
913 2067 985 2125 lacis
1008 2065 1127 2125 Terram
1161 2076 1212 2126 aut
1244 2066 1332 2126 ollam
1365 2084 1444 2143 aqua
1466 2065 1591 2143 plenam,

245 2156 396 2232 quantulo·
411 2158 506 2213 minus
529 2156 583 2213 crit
604 2154 657 2211 illa
680 2154 732 2212 tibi
755 2153 944 2222 miraculosa,
973 2170 1061 2229 quam
1085 2157 1109 2212 si
1132 2153 1266 2213 cochlear
1294 2172 1384 2214 unum
1406 2165 1497 2228 atque
1519 2152 1592 2212 abe-

245 2262 310 2301 rum
334 2244 451 2301 hauriat
471 2242 605 2317 amplius.
652 2240 694 2297 Ex
718 2257 782 2299 mco
806 2239 855 2298 tol.
880 2242 952 2298 255.
985 2250 1018 2298 ut
1038 2242 1210 2318 plerumque
1232 2259 1384 2318 perperam
1406 2240 1520 2320 allegas
1543 2258 1592 2298 su-

134 2376 138 2382 .
245 2332 358 2405 mirque
382 2330 438 2389 hoc
460 2331 641 2406 potissimum
666 2327 904 2403 impugnandum,
929 2328 1007 2402 quod
1031 2332 1157 2388 animam
1174 2328 1281 2389 Terrae
1299 2329 1419 2388 dixerim
1437 2328 1592 2400 flammam,

245 2419 404 2476 sorbitione
427 2419 550 2475 marium
573 2414 743 2486 locandam,
769 2433 833 2473 cum
862 2433 917 2487 ego
940 2418 1119 2493 scripserim,
1138 2417 1266 2494 flamma
1289 2415 1439 2492 quaedem
1467 2434 1526 2474 csse
1549 2419 1594 2474 ui·

244 2504 341 2578 detur,
366 2507 407 2562 ita
431 2522 500 2564 vero
524 2504 668 2578 loquimur
692 2502 727 2563 de
750 2520 794 2574 co,
819 2502 896 2576 quod
920 2513 963 2561 cst
986 2503 1080 2563 simile
1101 2505 1244 2563 flammae.
1290 2502 1338 2562 Sic
1361 2506 1459 2561 anima
1475 2504 1593 2578 plantae

246 2601 290 2651 est
314 2593 431 2650 tlamma
453 2590 612 2666 quaedam,
646 2589 738 2649 tendit
770 2592 845 2647 enim
868 2608 997 2664 sursum,
1031 2594 1073 2649 sic
1095 2594 1124 2649 in
1147 2592 1272 2649 hominis
1295 2591 1380 2650 corde
1408 2600 1453 2649 est
1477 2590 1593 2652 lucerna

246 2681 406 2755 quaedam,
441 2678 596 2737 ventilatur
624 2679 701 2737 enim
731 2686 761 2738 et
788 2677 907 2735 eilumat
941 2688 994 2735 etc.
1041 2677 1225 2753 Quamquam
1259 2697 1317 2736 non
1349 2677 1435 2753 palde
1471 2697 1592 2754 pugnas,

246 2768 413 2826 recordatus
437 2766 561 2824 Archaei
585 2768 627 2823 tui
650 2764 835 2823 Paraoelsici.
879 2764 952 2839 Ego,
977 2767 1015 2822 mi
1032 2765 1168 2836 lioberte,
1192 2766 1228 2825 de
1245 2767 1397 2825 vocabulis
1411 2783 1469 2823 non
1486 2782 1593 2841 pugno.

246 2853 276 2913 st
306 2855 358 2912 tibi
389 2870 446 2912 non
476 2852 573 2931 placet
601 2869 657 2910 vox
686 2853 783 2910 anima
805 2850 929 2918 Terrae,
963 2871 1014 2928 per
1038 2872 1083 2912 me
1112 2852 1164 2911 tibi
1195 2853 1294 2912 licebit
1325 2854 1404 2912 illam
1431 2853 1613 2911 Arclraeum'

247 2941 355 3000 Terrae
378 2941 490 3012 dicere,
523 2958 609 3015 quem
632 2941 735 2997 mirum
767 2956 825 2997 non
848 2938 957 2997 dudum
990 2942 1044 2998 abs
1067 2949 1095 2999 te
1118 2940 1289 3017 productum
1323 2943 1351 2996 in
1384 2943 1593 3016 superioribus,

182 3036 189 3052 ·
247 3046 312 3087 eum
336 3032 396 3087 adri
421 3029 616 3090 circumstanti
641 3029 739 3084 omnia
762 3027 918 3098 tribueres,
951 3045 1026 3101 quac
1050 3027 1096 3087 vel
1119 3028 1167 3086 hic
1189 3024 1426 3104 ipse'hrclrasus
1454 3027 1594 3087 aThec-

245 3116 366 3192 phrasto
398 3120 452 3176 su'o
476 3115 643 3191 peragenda
665 3116 787 3189 accepit.
832 3113 878 3171 De
901 3118 1062 3188 geometria
1087 3118 1115 3171 in
1139 3125 1235 3177 mente
1261 3117 1314 3173 ilci
1344 3134 1455 3174 mecum
1481 3124 1513 3173 tu
1536 3133 1593 3174 non

246 3221 370 3285 pugnas,
394 3205 443 3280 qui
466 3220 540 3280 pene
564 3220 600 3262 cx
622 3219 687 3260 meo
711 3220 760 3261 ore
783 3200 920 3276 loqueris,
946 3212 1025 3260 ratus
1049 3212 1077 3261 te
1101 3211 1262 3261 contraxere
1280 3207 1421 3279 excipere.
1467 3202 1593 3264 Senten-

246 3294 316 3349 tiam
339 3309 433 3350 meam
458 3290 588 3348 ultimam
612 3289 647 3349 de
671 3290 837 3348 charactere
861 3287 974 3347 zodiaci
998 3289 1100 3347 laudas
1124 3297 1152 3347 et
1173 3292 1327 3367 approbas,
1352 3290 1444 3348 solum
1470 3293 1594 3365 priorem

247 3378 340 3437 babes
364 3379 427 3454 ejus
451 3379 668 3453 impressionem
702 3379 729 3433 iu
754 3380 850 3435 ae'rern
878 3383 906 3434 et
931 3385 1027 3435 cetera
1053 3388 1103 3435 tuo
1126 3393 1215 3435 ruore.
1262 3378 1403 3452 Adeoque
1433 3381 1485 3452 qui
1507 3395 1594 3452 supra

247 3464 370 3537 dixeras,
394 3470 491 3525 a'e'rem
515 3464 583 3524 dare
606 3465 712 3522 Terrae
737 3467 841 3536 vitam,
877 3481 954 3526 nunc
977 3466 1094 3540 insuper
1118 3464 1213 3523 locum
1244 3467 1269 3522 ei
1294 3464 1346 3522 das
1379 3466 1453 3522 intra
1467 3464 1594 3524 Terram

247 3556 335 3612 etiam
358 3560 386 3611 et
409 3552 490 3611 illum
513 3570 578 3611 cnm
601 3569 666 3610 urea
689 3550 796 3610 Terrae
819 3552 917 3609 anima
940 3552 994 3609 sub
1019 3552 1094 3609 idem
1118 3569 1225 3626 genus,
1248 3554 1323 3625 ignis
1347 3551 1472 3622 scilicet,
1497 3554 1593 3623 refers,

153 3653 158 3664 '
248 3643 344 3698 adrem
367 3657 500 3698 asserens
524 3642 598 3696 intra
621 3639 739 3697 Terram
763 3656 826 3697 esse
853 3640 949 3712 iguem
976 3647 1165 3707 contractum.
1212 3639 1343 3713 Benigne
1364 3639 1502 3710 dimittor,
1526 3658 1594 3714 gra·

247 3729 303 3785 tias
327 3743 398 3802 ago,
431 3725 503 3784 nihil
526 3726 596 3785 mihi
620 3742 704 3801 porro
737 3728 823 3802 eripis
846 3728 900 3784 nisi
925 3729 1055 3798 nomina,
1089 3744 1148 3783 rem
1170 3726 1320 3802 relinquis.
1368 3727 1425 3785 Cur
1453 3729 1543 3799 igitur
1566 3729 1593 3783 in

249 3815 438 3878 conclusione
462 3814 548 3889 hujus
571 3813 627 3872 loci
650 3832 765 3890 paeana
788 3816 868 3871 canis
897 3830 1052 3891 superma
1076 3813 1269 3891 triumphato,
1304 3812 1437 3889 adeoque
1461 3824 1490 3871 et
1513 3813 1593 3873 salsis

249 3919 296 3959 me
320 3902 487 3960 criminibus
512 3918 630 3960 oneras:
665 3918 766 3960 ornnes
787 3920 836 3959 mc
862 3909 987 3975 praeter
1016 3919 1063 3958 mc
1085 3904 1185 3975 ipsum
1214 3901 1437 3961 condemnare?
1452 3900 1594 3976 'denique

248 3990 338 4049 verba
368 4007 433 4048 mea
465 3989 499 4048 de
530 3991 651 4047 materia
681 3988 747 4048 libri
770 3988 824 4046 111.
853 3991 988 4047 sonantia
1022 3982 1073 4047 tuo
1102 3989 1254 4047 commodo
1280 3988 1359 4047 velut
1383 3988 1419 4047 de
1442 3987 1518 4047 libro
1543 3988 1592 4047 IV.

248 4075 326 4136 dicta
349 4080 457 4152 repetis
480 4085 508 4135 et
531 4075 688 4152 explodis?
1495 4125 1499 4134 .

336 4163 426 4223 Irihro
449 4181 515 4223 mco
538 4164 576 4226 V.
599 4166 723 4240 primum
746 4180 803 4220 uon
827 4180 928 4222 censes
953 4162 1129 4236 audiendam
1150 4163 1318 4221 suasionem
1341 4179 1454 4234 meam,
1485 4170 1518 4220 ut
1541 4179 1592 4221 re·

248 4258 323 4309 teres
347 4250 524 4328 hypotheses
549 4253 646 4310 animo
669 4251 828 4326 ejiciamus.
873 4250 1025 4309 Neminem
1048 4268 1131 4325 cogo,
1154 4249 1206 4309 sed
1228 4250 1285 4314 hoc
1301 4259 1410 4309 certum
1425 4250 1520 4308 habe:
1546 4250 1594 4325 qui

248 4337 297 4396 hic
319 4333 390 4397 niihi
421 4356 477 4397 non
501 4349 598 4415 paret,
632 4341 656 4397 is
679 4337 830 4414 voluptate
862 4338 914 4396 illa
941 4356 998 4396 non
1022 4340 1164 4414 potietur,
1198 4355 1275 4413 quae
1302 4339 1408 4395 hauriri
1432 4345 1531 4414 potest
1560 4355 1592 4395 cx

141 4435 144 4442 ’
247 4425 497 4501 speculationibus
526 4426 590 4484 libri
616 4425 651 4484 V.
696 4426 810 4500 Negas,
844 4428 916 4486 meis
947 4428 1060 4501 scriptis
1091 4425 1231 4486 hactenus
1255 4426 1403 4494 effectum,
1437 4435 1470 4483 ut
1492 4424 1593 4483 Ptole-

249 4530 363 4572 maeum
385 4513 504 4588 rejicere
527 4516 630 4591 possis.
676 4513 808 4588 Ignosce,
832 4516 857 4571 si
881 4522 909 4572 te
932 4531 989 4571 uon
1010 4514 1094 4588 Juvo,
1118 4530 1176 4570 non
1199 4513 1327 4588 explicas
1346 4515 1431 4585 enim,
1455 4530 1517 4587 qua
1540 4530 1593 4587 po-

249 4602 390 4659 tissimum
421 4603 449 4658 in
475 4618 509 4659 re
540 4601 669 4660 haereas.
715 4599 857 4676 Nuspiam
887 4618 956 4658 vero
989 4600 1095 4659 clarius
1125 4600 1231 4676 probas
1255 4604 1348 4660 coetui
1376 4609 1420 4658 tot
1443 4600 1593 4659 doctorum

249 4688 530 4759 matbematicorum,
549 4696 582 4746 te
606 4689 813 4746 astronomiam
828 4690 971 4764 ignorare,
996 4706 1083 4762 quarn
1099 4688 1154 4761 bic,
1180 4689 1229 4746 ubi
1246 4696 1371 4746 veterem
1387 4689 1594 4746 astronomiam

249 4785 350 4844 contra
365 4792 466 4835 omnes
481 4776 634 4834 modernos
657 4774 783 4849 extollis,
806 4793 825 4834 a
847 4775 1019 4835 certitudine
1036 4775 1242 4851 praedictionis
1262 4786 1392 4834 motuum
1416 4778 1508 4850 (quae
1532 4792 1594 4834 cre-

249 4864 300 4922 bro
325 4866 359 4937 2,
392 4867 408 4921 3
416 4908 426 4941 ,
450 4866 485 4933 4,
509 4863 528 4921 5
550 4862 658 4938 gradus
681 4880 802 4939 peccare
825 4862 916 4924 oculis
935 4861 1177 4939 deprehenditur)
1200 4870 1288 4937 atquc
1314 4863 1486 4923 certitudine
1510 4880 1594 4937 prac-

219 5015 222 5024 ,
249 4950 388 5009 dictorum
419 4950 672 5025 astrologieorum,
708 4968 783 5025 quac
810 4959 878 5009 sunt
909 4950 945 5009 de
979 4951 1081 5007 tuturis
1113 4951 1362 5025 contingentibus,
1397 4949 1593 5012 commendas.

248 5038 350 5113 Neque
373 5047 468 5097 tamen
493 5038 563 5095 mihi
587 5039 644 5095 tuis
667 5038 802 5115 epithetis
825 5055 899 5114 opus
922 5047 982 5110 est,
1010 5047 1042 5095 ut
1065 5036 1223 5095 doctrinam
1239 5036 1400 5097 Ptolemaei
1415 5055 1464 5097 ore
1489 5041 1594 5096 immo-

249 5123 330 5188 desto
357 5128 496 5200 muriam
526 5124 679 5204 appellem.
725 5125 830 5200 Itaque
861 5126 931 5200 quia
955 5127 983 5180 in
1006 5126 1174 5184 suasionum
1205 5127 1418 5185 contentionem
1441 5124 1594 5196 descendi-

215 5232 218 5242 *
248 5230 328 5286 mna,
362 5212 471 5271 suadeo
501 5230 556 5288 ego
589 5212 759 5286 lectoribus,
791 5212 926 5271 Clarium
949 5213 1046 5290 potius
1069 5210 1202 5283 audiant,
1228 5215 1416 5272 exercitatum
1440 5214 1467 5269 in
1493 5212 1594 5272 Ptole·

137 5350 143 5363 .
248 5303 341 5358 maiea
372 5303 548 5358 astronomia
581 5301 816 5360 mathematicum
847 5299 908 5379 (qni
940 5299 1058 5371 suadet,
1093 5299 1166 5359 alias
1189 5316 1363 5376 quaeramus
1393 5299 1593 5379 hypotheses),

248 5404 336 5461 quarn
359 5398 387 5445 te
411 5386 579 5460 Robertum,
603 5388 781 5448 mathemata
803 5390 877 5447 inter
906 5388 1022 5446 umbras
1046 5396 1075 5445 et
1085 5381 1290 5464 phantasmata
1306 5388 1502 5463 abjicientem,
1528 5387 1595 5446 dum

248 5474 354 5537 suades
378 5474 557 5534 Ptolcrnaiea
589 5478 720 5536 retinere.
767 5476 812 5534 Da
844 5477 942 5550 quieta
971 5475 1018 5534 vel
1041 5484 1122 5534 motu
1143 5474 1221 5534 Solis
1249 5493 1307 5533 non
1330 5485 1392 5534 erat
1425 5474 1509 5534 locus
1533 5475 1594 5533 dis-

217 5632 224 5643 .
249 5562 370 5639 putandi
396 5564 426 5619 in
449 5562 648 5630 Harnronicis,
678 5563 768 5622 labet
798 5563 870 5622 haec
892 5581 938 5622 res
965 5563 1102 5621 idoneum
1133 5579 1217 5621 suum
1247 5564 1342 5621 locum
1370 5563 1449 5640 Epit.
1476 5565 1593 5622 Astron.

249 5646 322 5710 libro
350 5649 413 5724 IV,
443 5650 496 5714 ,ubi
523 5650 654 5718 invenies
686 5649 766 5727 quod
795 5668 896 5729 agas„
915 5654 952 5736 si,
972 5651 1097 5714 refutare
1127 5649 1315 5711 fundamenta
1342 5650 1394 5710 illa
1425 5653 1594 5714 tentaveris.
