3684 7259
770 1201 852 1260 Ltlter
867 1202 919 1295 ΠΙ.
942 1202 1030 1272 Caput
1047 1200 1106 1283 XV.
1528 1250 1532 1258 ·
1550 1213 1613 1273 401

261 1383 406 1440 tricorum.
451 1383 527 1443 Nam
556 1386 584 1441 in
616 1386 776 1443 eccentrieo
807 1383 924 1460 quidem
953 1385 1135 1459 superiorum
1158 1391 1254 1442 motus
1283 1391 1345 1443 erat
1367 1382 1492 1459 tardior,
1524 1385 1614 1462 Solis,

262 1467 395 1541 Veneris,
420 1468 554 1529 Mercurii
578 1482 674 1529 motus
697 1469 885 1543 velocissimi,
910 1479 1032 1547 excepto
1055 1468 1176 1544 hunus,
1204 1472 1234 1526 iu
1257 1471 1391 1550 epieyclo
1417 1488 1486 1531 vero
1510 1472 1615 1532 Satur·

259 1573 314 1613 uus
344 1575 495 1632 supremus
526 1559 727 1618 velocissimus
759 1568 803 1616 est
829 1560 1027 1634 superiorum,
1058 1554 1139 1616 Mars
1166 1557 1358 1620 tardissimus.
1407 1557 1545 1619 Vicissim
1577 1577 1613 1622 ex

261 1645 444 1703 inferioribus
469 1646 570 1704 Venus
593 1648 725 1722 superior
748 1654 793 1704 est
815 1644 926 1703 tardior
947 1644 1093 1704 Mercurio
1107 1641 1321 1720 insertorii'ffl).
1367 1645 1462 1719 Igitur
1486 1657 1518 1705 ut
1533 1644 1613 1727 prius

260 1731 408 1808 epieyclus
432 1732 533 1792 etalii
557 1733 722 1793 secundarii
753 1734 838 1791 orbes
862 1732 1107 1808 comparabantur
1140 1732 1256 1790 chordis
1288 1733 1470 1793 secundariis
1498 1746 1527 1792 et
1548 1745 1615 1795 mo&

260 1818 376 1889 bilibus,
400 1822 443 1878 sic
465 1838 543 1879 nuuc
566 1830 697 1880 motuum
720 1822 844 1878 variatio
867 1819 1029 1898 epieyclica
1051 1821 1317 1896 repraesentabitur
1341 1839 1392 1897 per
1415 1821 1614 1897 pulsationem

259 1905 373 1963 illarum
403 1907 554 1966 mobilium
585 1907 756 1967 chordarum
767 1903 827 1988 ¹³).
872 1907 910 1964 ht
939 1918 972 1966 ut
1001 1924 1090 1984 supra
1119 1907 1301 1983 planetarum
1332 1911 1359 1964 in
1383 1925 1489 1985 genere
1521 1911 1613 1969 inter·

258 1992 338 2050 valla
361 1997 501 2067 maxima,
527 2000 660 2068 minima,
684 1995 842 2053 mediocria
871 1996 1028 2070 generibus
1053 2003 1155 2053 cantus
1186 1995 1279 2053 tribus
1302 1994 1535 2072 respondebant,
1556 1999 1613 2057 'sie
1642 2002 1644 2007 “

258 2097 334 2137 nuuc
357 2083 538 2157 singulorum
562 2094 658 2142 motus
683 2082 844 2159 epieyclici,
869 2083 975 2157 quibus
998 2089 1148 2141 mutantur
1162 2080 1327 2164 intervalla,
1350 2085 1502 2159 aptissime
1524 2093 1612 2160 pote-

257 2159 322 2225 r'unt
345 2171 558 2244 accommodari
588 2171 625 2232 ad
649 2169 751 2229 cadem
774 2187 898 2245 genera,
930 2187 993 2228 cum
1016 2169 1071 2228 hoc
1095 2168 1276 2240 discrimine,
1311 2177 1343 2227 ut
1369 2188 1492 2245 quorum
1515 2180 1612 2232 motus

255 2256 431 2331 epieyclicus
461 2259 554 2333 major
578 2270 622 2316 est
645 2268 727 2316 motu
752 2259 912 2317 eccentrico
935 2248 1124 2333 reversisque
1149 2259 1178 2315 in
1201 2256 1331 2335 epieyclo
1356 2258 1491 2334 celerior,
1524 2276 1613 2335 quam

257 2344 284 2397 iu
309 2345 487 2423 ecccntrico,
511 2349 530 2402 ii
554 2356 756 2422 comparentur
779 2347 878 2420 generi
896 2343 1065 2426 ¹diatonico;
1091 2346 1161 2420 quia
1184 2347 1271 2404 etiam
1294 2347 1323 2401 iu
1347 2344 1398 2404 illo
1423 2345 1610 2406 intervallum

256 2428 407 2503 quodlibet
429 2433 604 2491 tetrachordi
632 2435 728 2490 minus
752 2442 796 2490 cst
823 2432 935 2507 junctis
959 2430 1073 2490 duobus
1096 2431 1231 2507 reliqnis;
1263 2448 1387 2508 quornm
1418 2450 1486 2492 vero
1510 2443 1608 2494 motus

255 2518 429 2593 epieyclicus
451 2522 561 2592 minor,
592 2523 718 2579 reversio
743 2518 853 2578 tardior
875 2519 912 2577 ob
936 2518 1166 2595 magnitudinem
1197 2519 1336 2597 epieycli,
1368 2521 1410 2579 eis
1432 2537 1528 2596 genus
1551 2508 1607 2582 er't·

255 2604 434 2663 harmoniam
458 2607 556 2679 detur,
585 2612 613 2663 in
638 2609 808 2684 quostiam
832 2606 1019 2665 intervallum
1043 2623 1132 2664 unum
1156 2606 1330 2675 tetrachordi
1354 2618 1474 2684 superat
1500 2608 1606 2684 juncta

254 2691 366 2767 reliqua
390 2692 465 2766 duo;
497 2713 618 2771 quorum
642 2695 766 2770 denique
790 2696 917 2753 reversio
942 2694 1076 2770 aequalis
1106 2695 1135 2750 in
1159 2701 1299 2770 utroque,
1333 2711 1385 2753 seu
1407 2697 1505 2771 potius
1539 2698 1604 2772 epi·

255 2778 352 2855 cyclum
377 2781 489 2854 nullus,
522 2784 576 2858 qui.
595 2784 698 2842 ceteris
721 2781 906 2861 peculiariter
929 2783 971 2840 sic
994 2781 1137 2849 dictisct
1166 2784 1307 2857 superiori
1330 2790 1413 2857 parte
1444 2786 1473 2839 in
1497 2800 1604 2843 conse·

254 2869 373 2942 quentia
396 2871 482 2926 motis
505 2870 696 2946 respondent,
719 2871 739 2925 ii
763 2885 794 2927 se
818 2871 965 2927 associent
988 2869 1180 2942 chromatico,
1210 2871 1239 2926 in
1263 2871 1321 2944 quo
1344 2868 1521 2929 tetrachordi
1546 2871 1605 2932 duo

254 2954 408 3012 intervalla
435 2956 539 3031 juncta
566 2965 632 3015 sunt
664 2955 800 3032 aequalia
823 2955 944 3030 reliquo.
990 2955 1039 3014 Sic
1069 2956 1158 3029 igitur
1188 2953 1368 3019 diatonicum
1390 2973 1483 3032 genus
1512 2957 1604 3018 habet

253 3040 418 3107 Saturnum,
441 3042 549 3103 Jovem
573 3055 602 3104 et
625 3044 810 3114 Mercurium,
835 3046 905 3119 quia
929 3042 1031 3100 horum
1055 3042 1178 3120 cpicyoli
1201 3045 1327 3102 minores
1344 3055 1413 3102 sunt
1435 3053 1464 3104 et
1480 3045 1604 3105 celerius

253 3131 459 3202 restituuntur,
492 3149 578 3206 quam
602 3133 797 3203 eeceutricus3
822 3130 1058 3189 enharmonium:
1089 3129 1214 3189 Martem
1238 3139 1266 3189 ct
1290 3131 1448 3204 Venerem,
1480 3134 1550 3207 quia
1572 3132 1603 3191 hi

254 3218 396 3274 maximos
419 3218 566 3296 epieyclos
590 3219 699 3278 habent
721 3228 750 3276 et
773 3219 882 3276 tardius
905 3216 1107 3290 revolventes,
1132 3234 1220 3293 quam
1243 3220 1414 3293 eeceutrici3
1444 3218 1603 3279 chromati·

253 3320 317 3360 cum
342 3304 481 3380 deniqne:
514 3305 611 3364 Solem
635 3316 664 3364 et
688 3304 816 3374 Lunam,
847 3307 918 3382 quia
951 3303 1090 3381 epieyciis
1114 3304 1239 3377 talibus,
1270 3308 1320 3381 qui
1351 3307 1492 3382 superiori
1521 3315 1604 3384 parte

253 3403 425 3449 moveantur
448 3395 476 3448 in
500 3395 717 3469 consequentia,
742 3395 859 3451 omnino
879 3403 983 3472 carent
994 3389 1040 3467 Χ).
1085 3391 1240 3468 Propertio
1271 3392 1389 3469 quidem
1420 3401 1523 3452 motus
1539 3396 1603 3472 epi-

253 3478 353 3555 eyclici
379 3479 415 3536 ab
440 3496 571 3555 apogaeo
595 3480 633 3539 ad
656 3490 766 3539 motum
790 3484 984 3540 eeceutricum
1007 3498 1025 3538 a
1048 3480 1113 3540 fixis
1136 3480 1239 3539 eadem
1262 3488 1307 3539 est
1326 3482 1356 3538 in
1371 3480 1502 3557 siugulis,
1527 3499 1604 3558 qnae

253 3570 363 3623 numeri
388 3568 602 3626 revolutionum
633 3566 857 3645 epieyciicurum
886 3567 925 3627 ad
948 3585 1099 3627 numerum
1122 3566 1339 3626 revolutionum
1363 3569 1602 3629 eeceutricarum:

254 3654 281 3709 in
299 3652 425 3711 Saturno
451 3658 488 3712 bi
515 3655 553 3713 ad
577 3659 605 3727 2,
629 3653 752 3713 indeve
777 3656 816 3713 66
841 3652 878 3713 ad
903 3656 932 3727 6,
956 3657 984 3711 in
1000 3653 1096 3714 Marte
1113 3655 1152 3712 37
1171 3653 1208 3713 ad
1225 3656 1275 3728 42,
1300 3658 1328 3712 iu
1346 3654 1461 3716 Venere
1484 3657 1556 3716 bad
1573 3658 1601 3732 6,

254 3743 281 3796 in
305 3738 450 3799 Mercurio
477 3744 537 3801 145
561 3741 598 3801 ad
623 3744 679 3815 46,
704 3744 802 3801 omnia
823 3749 1065 3818 praeterpropter.
1111 3741 1215 3818 Itaque
1238 3751 1362 3821 ‘propter
1384 3742 1438 3802 bas
1469 3744 1603 3820 singulo·

252 3844 314 3884 rum
346 3831 548 3904 proportiones
578 3829 673 3888 locum
709 3831 798 3888 etiam
826 3830 874 3889 hic
900 3830 990 3889 habet
1022 3831 1201 3906 comparatio
1233 3846 1299 3889 cum
1333 3832 1424 3894 variis
1454 3833 1603 3891 sonituum

250 3916 327 3990 bigis
338 3912 389 3990 Π).

336 4002 474 4078 Sequitur
497 4006 598 4062 tertius
621 4002 724 4062 modus
748 4001 998 4072 considerationis,
1022 4005 1051 4060 in
1075 4020 1134 4079 qua
1153 4003 1317 4080 junguntur
1339 4004 1458 4064 effectus
1478 4003 1601 4083 epicyeli

252 4095 281 4147 ct
304 4092 470 4162 eeceutrici‚
493 4091 583 4167 fitque
607 4094 680 4149 ratio
705 4090 791 4150 valde
814 4090 977 4167 multiplex.
1021 4089 1096 4149 Nam
1120 4108 1186 4149 cum
1214 4091 1350 4167 planetae
1374 4091 1445 4150 liant
1473 4095 1501 4150 iu
1525 4109 1600 4169 apo·

250 4194 325 4250 gaeo
349 4180 500 4236 eeceutrici
525 4179 699 4255 tardissimi,
732 4181 759 4234 in
784 4196 916 4254 apogaeo
940 4169 1062 4257 epieycli
1086 4177 1279 4253 velocissimi,
1312 4181 1490 4256 compositus
1512 4181 1601 4256 igitur

251 4276 349 4323 motus
373 4282 430 4323 nou
455 4265 578 4324 efficitur
600 4266 819 4337 velocissimus,
851 4274 974 4341 utroque
999 4281 1131 4342 apogaeo
1151 4266 1270 4340 juncto,
1294 4266 1345 4325 scd
1368 4276 1452 4338 tuuc,
1476 4268 1501 4324 si
1524 4283 1599 4343 apo·
1704 4263 1715 4286 ⁹

250 4369 355 4427 gaeum
379 4352 501 4429 epieycli
531 4364 559 4411 ct
582 4355 750 4428 porigueum
773 4355 925 4411 eeceutriei
957 4355 1114 4411 sociantur.
1160 4352 1357 4412 Tardissimus
1385 4369 1454 4415 vero
1478 4363 1598 4433 compd-

249 4441 371 4497 sitorum
400 4439 506 4498 desinit
535 4442 669 4499 omnibus
699 4439 860 4515 aequaliter
890 4441 920 4497 in
948 4442 1104 4499 stationem
1128 4456 1237 4499 meram
1253 4440 1390 4518 ¹indeque
1421 4442 1598 4502 convertitur

250 4529 277 4583 in
301 4528 595 4602 retrogradationem,
620 4528 694 4587 adeo
719 4537 764 4599 ut,
789 4544 854 4585 cum
877 4526 997 4602 planeta
1020 4535 1065 4586 est
1088 4528 1116 4584 in
1139 4536 1303 4606 retrocessu
1326 4528 1545 4597 velocissimus,
1568 4528 1598 4587 id

246 4613 458 4690 quadamtenus
477 4612 656 4691 respondeat
678 4614 807 4673 tarditati
832 4615 960 4672 omnium
984 4615 1213 4675 remississimae.
1257 4615 1311 4674 Est
1324 4616 1413 4693 igitur
1434 4615 1494 4675 alia
1516 4634 1597 4676 com-

246 4704 361 4777 paratio
390 4702 641 4761 velocissimorum
669 4700 859 4774 directorum,
894 4701 953 4760 alia
980 4700 1229 4778 retrogradorum‚
1262 4703 1321 4762 alia
1351 4703 1596 4764 intermediorum.

246 4787 304 4847 Sed
328 4807 393 4846 cum
416 4791 523 4847 sintin
548 4792 677 4865 quinque
699 4789 826 4866 planetis
848 4788 1172 4865 gemini'velocissimi,
1195 4789 1354 4850 secundum
1378 4789 1436 4850 duo
1460 4794 1597 4868 opposita

247 4874 311 4934 loca
335 4879 496 4948 eeceutrici‚
521 4879 549 4933 in
573 4876 764 4935 luminaribus
787 4884 900 4935 tantum
914 4894 988 4934 unns
1005 4876 1214 4948 velocissimus,
1239 4878 1449 4955 retrogradatio
1468 4881 1595 4939 statiove
1678 4947 1684 4960 ⁶

246 4963 342 5035 nulls,
369 4972 450 5040 patet
472 4965 550 5040 quod
574 4967 664 5021 missa
686 4962 950 5039 retrogradatione,
981 4963 1108 5024 statione
1132 4975 1160 5023 et
1182 4964 1234 5023 illa
1256 4963 1442 5025 multitudine
1464 4958 1597 5025 motuum

246 5050 482 5109 intermediorum
505 5070 598 5127 usque
622 5051 658 5109 ad
682 5054 848 5125 stationem,
872 5052 1032 5110 debeamus
1054 5050 1187 5130 planetas
1211 5056 1340 5130 quinque
1363 5053 1436 5112 intcr
1458 5070 1490 5113 se
1512 5070 1594 5112 com·

246 5155 349 5213 parare
373 5156 462 5197 causa
486 5138 736 5197 velocissimorum
759 5148 888 5213 tantum,
913 5149 943 5197 ct
966 5145 1109 5214 quatenus
1132 5141 1151 5196 ii
1175 5138 1322 5215 linguntur
1343 5157 1457 5218 semper
1479 5158 1543 5200 esse
1566 5142 1596 5200 in

248 5242 382 5301 apogaeo
406 5225 529 5302 cpicych
543 5222 611 5300 x1¹).
656 5225 740 5285 Tune
762 5242 861 5285 eornm
885 5233 982 5285 motus
1006 5223 1099 5283 diurni
1122 5237 1297 5302 apparentes
1324 5227 1381 5286 sub
1403 5225 1527 5288 zodiaco
1549 5226 1595 5286 bis

246 5314 382 5371 extremis
406 5312 587 5388 explicantur
607 5315 749 5372 numeris:
775 5312 892 5370 Saturni
916 5311 1034 5388 quidem
1058 5314 1130 5372 iuter
1155 5318 1173 5393 7,
1196 5315 1259 5373 et8
1282 5316 1395 5374 minuta
1417 5317 1502 5374 unius
1524 5332 1595 5391 gra-

246 5399 314 5473 dus,
343 5398 430 5459 Jovis
453 5404 527 5459 inter
553 5402 590 5458 13
615 5407 645 5460 ct
670 5399 722 5471 18,
752 5398 856 5457 Martis
878 5402 954 5458 inter
976 5401 1017 5458 39
1041 5407 1071 5458 et
1094 5399 1152 5473 50,
1184 5400 1307 5461 Veneris
1328 5403 1403 5461 inter
1426 5405 1465 5461 ‘13
1489 5410 1519 5461 et
1542 5401 1592 5476 76,

244 5486 381 5546 Mercurii
405 5489 478 5546 iuter
502 5489 542 5545 90
566 5496 595 5547 et
620 5487 679 5546 135
704 5488 825 5546 circiter.
872 5484 987 5560 Quibus
1010 5484 1085 5545 adde
1108 5493 1204 5547 motus
1220 5487 1297 5549 Solis
1320 5492 1394 5548 inter
1416 5490 1455 5547 57
1480 5496 1510 5548 et
1532 5486 1592 5563 61¹,

246 5574 348 5634 Lunae
372 5577 444 5632 iuter
470 5578 504 5633 ll
532 5584 561 5632 et
587 5575 625 5632 15
648 5574 766 5650 grudm.
811 5572 915 5649 ltaque
938 5571 1055 5649 Jupiter
1077 5572 1174 5650 duplo<
1191 5576 1312 5637 celerior
1335 5594 1398 5638 esse
1421 5583 1519 5653 potest
1535 5575 1594 5637 Sa·

246 5669 345 5736 turno,
377 5679 436 5738 quo
465 5661 553 5721 modo
583 5661 657 5724 hsce
680 5662 749 5739 biga
765 5660 987 5737 comparabitur
1008 5677 1074 5721 cum
1096 5664 1288 5725 consonantia
1316 5663 1467 5744 diapason.
1511 5663 1593 5727 Mars

297 5780 393 5835 [σφισι-Ι
405 5781 480 5834 oper·
492 5780 520 5825 V.
1189 5775 1192 5780 ⁴
1396 5769 1437 5832 26
