3684 7259
303 1235 347 1293 ιι
682 1230 823 1301 Epistolae
841 1231 952 1303 Kepleri
969 1233 1136 1303 aliorumque
1152 1238 1260 1290 mutuae

305 1415 416 1471 tantum
439 1410 572 1470 flectione
593 1417 702 1484 mutua,
726 1410 777 1471 aed
800 1409 872 1471 illud
893 1426 946 1489 pro
970 1410 1122 1487 distantiis,
1144 1410 1201 1472 hoc
1222 1429 1274 1491 pro
1288 1412 1475 1475 inclinatione
1488 1411 1639 1491 graduum.

305 1495 387 1558 Idem
409 1497 533 1558 iacerem
556 1515 675 1558 exorsus
697 1517 716 1558 a
737 1497 965 1577 Tianssylvania
986 1516 1038 1576 per
1059 1497 1234 1578 Ungeriam,
1264 1500 1356 1579 Alpes
1377 1500 1504 1579 Styrias,
1527 1499 1640 1561 Helve-

307 1583 387 1657 tiam,
409 1584 629 1659 Petemondam,
653 1584 778 1659 Gallias,
801 1586 983 1664 Pyrenaeum
1006 1604 1097 1662 nsque
1112 1587 1347 1665 Compostellam.
1391 1588 1427 1648 In
1449 1595 1530 1647 tanto
1553 1589 1640 1665 igitur

306 1674 403 1749 spatio
424 1671 509 1732 iacile
530 1678 642 1749 pateret
663 1674 781 1733 veritas.
826 1673 882 1733 Vel
905 1674 980 1733 irent
1003 1672 1059 1733 duo
1082 1674 1177 1749 simul,
1199 1692 1312 1752 semper
1333 1677 1429 1753 spatio
1446 1676 1473 1749 5,
1498 1676 1526 1749 6,
1552 1678 1568 1733 7
1593 1673 1641 1734 vel

312 1761 351 1820 10
373 1756 540 1818 milliarium
563 1759 721 1833 distantes,
743 1761 793 1837 qui
814 1760 950 1820 noctibus
972 1777 1024 1837 per
1046 1762 1240 1822 internuncios
1262 1765 1444 1835 constitutos,
1468 1763 1641 1822 emontinm

305 1846 463 1907 verticibus
483 1846 601 1923 ignibus
624 1849 755 1907 excitatis
776 1850 912 1921 invicem,
935 1849 1019 1922 signa
1041 1847 1151 1908 darent
1187 1843 1254 1910 Hoc
1271 1850 1313 1909 ibl
1326 1851 1462 1924 maxime,
1484 1851 1535 1909 ubi
1557 1866 1642 1908 mon-

305 1941 363 2007 tes,
392 1933 442 2009 qui
465 1932 538 1993 adiri
560 1943 696 2012 possunt,
723 1934 902 1995 horizontem
924 1950 983 1993 non
1005 1937 1169 1997 terminant
1213 1937 1246 1995 ln
1268 1937 1324 1997 hac
1345 1939 1486 1997 societate
1520 1935 1641 1996 duorum

306 2029 335 2083 et
357 2020 414 2082 boe
435 2021 543 2080 inesset
564 2021 725 2096 commodi,
754 2021 832 2098 quod
855 2024 884 2079 iu
907 2020 1001 2080 reditu
1025 2024 1122 2084 omnia
1144 2024 1289 2085 emendari
1310 2032 1431 2101 possent
1452 2031 1483 2086 et
1504 2024 1643 2099 ambigna

305 2106 420 2167 ducati.
465 2107 621 2184 Splendida
654 2127 699 2169 me
732 2108 855 2169 fabulari
885 2109 1018 2185 putabie3
1051 2117 1081 2170 at
1111 2127 1166 2187 ego
1196 2112 1225 2168 in
1254 2110 1351 2189 Styria
1383 2113 1439 2171 ieci
1468 2101 1670 2188 pericnlum:'

202 2209 209 2224 ·
305 2194 424 2256 meandi
447 2198 524 2256 enim
547 2194 621 2255 duos
642 2203 755 2256 montes
778 2203 808 2256 et
828 2203 982 2272 utrumqne
1004 2213 1040 2256 er
1061 2196 1154 2258 altero
1175 2196 1307 2273 librari3,
1322 2200 1421 2259 inveni
1444 2200 1642 2258 curvationem

305 2281 386 2361 globi
409 2285 514 2343 terreni
540 2285 577 2343 19
600 2284 784 2355 minutorum,
808 2284 993 2343 intervallum
1015 2286 1223 2345 aestimabatur
1239 2286 1257 2344 5
1273 2284 1447 2346 milliarium
1484 2284 1550 2346 Hoc
1571 2302 1642 2345 vero

305 2385 364 2429 uon
386 2386 449 2428 snm
473 2386 591 2429 mensus
613 2370 810 2431 instrumentis
834 2372 964 2445 vuoriis,
993 2377 1026 2430 ut
1046 2374 1223 2448 potuissem,
1253 2372 1331 2450 quod
1353 2371 1448 2433 solum
1470 2371 1553 2432 deest
1573 2389 1643 2450 per·

305 2457 423 2518 lectioni
446 2456 580 2533 exempli.

399 2543 585 2604 Probabilem
608 2545 756 2605 existimas
779 2547 952 2605 senteutiam
967 2544 1091 2607 Thevati
1113 2564 1149 2606 er
1165 2563 1210 2619 eo,
1233 2545 1311 2624 qnod
1328 2564 1447 2624 magnes
1470 2547 1547 2606 omui
1561 2553 1644 2623 parte

305 2632 351 2692 sui
374 2629 468 2692 soleat
488 2632 618 2693 imbuere
633 2633 747 2692 ferrum
786 2633 882 2709 Atque
904 2632 961 2693 hoc
974 2632 1047 2692 nihil
1061 2632 1170 2693 indicat
1193 2632 1228 2693 de
1249 2634 1342 2712 figura
1362 2651 1416 2694 seu
1429 2635 1571 2711 magnetis
1590 2650 1643 2694 sen

297 2703 427 2793 Terrae,
449 2717 502 2779 scd
524 2725 636 2780 tantum
659 2718 695 2779 de
717 2727 821 2781 natura
844 2721 967 2795 rirtutis,
991 2738 1067 2797 quae
1088 2721 1187 2799 polum
1206 2723 1293 2798 petit;
1315 2720 1394 2798 quod
1407 2721 1518 2782 scilicet
1540 2719 1592 2781 illa
1613 2722 1643 2778 in

311 2813 421 2866 metam
442 2808 606 2883 porrigatur
628 2806 764 2884 quodque
787 2810 825 2866 sit
846 2824 912 2867 cum
935 2823 1054 2885 corpore
1070 2809 1214 2885 magnetis
1229 2807 1396 2888 divisibilis,
1417 2810 1460 2870 sic
1475 2815 1508 2867 nt
1529 2810 1559 2865 iu
1581 2810 1644 2868 sin·

297 3028 302 3042 .
393 2980 439 3041 De
461 2980 621 3041 stadiorum
642 2998 777 3055 numero,
809 2998 885 3059 quae
907 2983 958 3040 uni
979 2982 1081 3059 gradui
1105 2981 1223 3043 coelesti
1246 2988 1427 3058 competunt,
1456 2997 1528 3041 sane
1549 2981 1644 3039 incer·

307 3073 368 3127 tum
391 3076 473 3144 puto.
517 3069 592 3129 Nam
614 3087 671 3129 non
694 3068 788 3129 solnm
811 3068 846 3129 de
869 3066 955 3128 stadii
978 3073 1140 3146 quantitate
1163 3069 1335 3130 dissentiunt
1356 3075 1484 3142 veteres,
1507 3084 1559 3127 seu
1583 3066 1644 3126 dis·

308 3158 415 3216 sentire
437 3172 555 3217 necesse
578 3164 631 3231 est,
655 3155 824 3234 cumpadis
846 3173 981 3218 mensura
1003 3175 1061 3217 non
1082 3158 1169 3217 inerit
1190 3172 1257 3229 una,
1280 3155 1332 3216 sed
1354 3157 1441 3216 etiam
1463 3154 1575 3214 lubriea
1597 3171 1643 3213 res

308 3250 368 3315 eat,
398 3242 587 3304 determinare
616 3261 705 3304 unum
733 3242 854 3321 gradum
884 3242 1009 3305 coeleste
1037 3248 1066 3303 in
1089 3244 1192 3320 Terra3
1223 3260 1337 3320 semper
1364 3245 1440 3303 enim
1469 3241 1506 3302 de
1532 3241 1645 3316 aliquot

221 3373 226 3380 .
307 3330 426 3390 minutis
449 3330 606 3406 dubitatur,
630 3349 705 3408 quae
726 3331 834 3410 negligi
857 3347 915 3391 non
939 3330 1084 3405 deberent,
1108 3332 1232 3408 denique
1254 3332 1279 3389 si
1294 3331 1419 3390 maxime
1436 3330 1564 3389 sciantur
1586 3328 1643 3387 duo

306 3414 374 3478 loca
395 3417 517 3493 Terrae,
539 3419 571 3476 lu
593 3420 699 3497 quibus
721 3426 766 3479 est
788 3417 949 3480 differentia
970 3421 1055 3480 unius
1077 3418 1184 3496 gradus
1205 3418 1345 3496 praecise,
1369 3420 1397 3476 in
1419 3418 1644 3493 septentrionem

307 3510 484 3565 tamennon
506 3504 592 3566 facile
614 3507 707 3567 metiri
729 3524 884 3583 possumus
906 3504 988 3566 illum
1008 3506 1115 3568 Terrae
1138 3513 1269 3577 tractum,
1292 3521 1405 3581 semper
1427 3506 1503 3564 enim
1526 3503 1645 3563 obstant

308 3598 361 3652 aut
386 3592 519 3667 flumina,
543 3601 594 3653 ant
620 3601 748 3667 montes,
771 3593 879 3668 silvae,
902 3592 1039 3671 paludes,
1064 3595 1126 3671 agri
1148 3592 1219 3653 culti
1242 3599 1295 3653 etc.
1340 3590 1439 3652 Refert
1461 3590 1644 3651 Christman-

307 3695 363 3739 nus
385 3682 590 3741 commentario
613 3699 700 3759 super
714 3680 903 3758 Allraganum
926 3677 997 3763 (nisi
1020 3682 1093 3744 sorte
1114 3683 1177 3757 ipse
1192 3678 1378 3756 Aliraganns,
1401 3677 1472 3738 liber
1487 3680 1563 3738 enim
1585 3693 1644 3736 non

309 3775 354 3827 eat
384 3765 422 3827 ad
453 3763 572 3849 manus)
596 3769 709 3830 Arabas
740 3786 856 3847 quoque
879 3767 1095 3829 Baldachsnses
1124 3767 1178 3827 sub
1204 3783 1273 3843 rege
1294 3765 1442 3826 Maimone
1469 3765 1538 3826 hnic
1559 3781 1646 3825 curae

308 3855 489 3930 incubuisse,
511 3864 543 3916 nt
566 3857 751 3918 emendarent
771 3857 849 3917 huuc
870 3855 1031 3919 stadiomm
1052 3858 1081 3914 in
1104 3872 1162 3914 uno
1183 3852 1275 3931 gradu
1298 3870 1457 3913 nnmerum.

393 3941 526 4020 Rogatus
546 3945 609 4021 ipse
631 3953 698 4006 ante
720 3943 868 4004 biennium
882 3946 920 4007 ab
935 3943 1067 4005 Electore
1082 3941 1257 4015 Coloniensi,
1280 3942 1322 4001 sic
1343 3937 1486 4018 respondi,
1508 3946 1542 4024 ut
1555 3937 1646 4016 paulo

307 4029 403 4110 prins;
425 4029 461 4091 de
483 4030 574 4093 Terra
595 4032 731 4095 videlicet
751 4031 898 4093 metienda
919 4032 982 4091 siue
1004 4032 1109 4091 iutuitu
1132 4028 1205 4089 eceli
1221 4047 1256 4090 ax
1272 4026 1393 4087 duorum
1408 4028 1537 4088 locorum
1552 4025 1646 4086 libra·

308 4118 389 4178 tione
411 4124 519 4179 mutua.
566 4118 602 4178 Et
624 4120 748 4197 subiecit
770 4122 832 4197 ipse
857 4117 1078 4180 commoditates
1100 4117 1246 4190 locorum,
1275 4118 1300 4174 si
1324 4116 1396 4176 bene
1417 4115 1550 4188 memini,
1579 4112 1649 4173 dlo-

308 4204 445 4266 nachinm
468 4212 497 4266 et
518 4206 699 4281 Freisiugnm
723 4204 900 4283 appellavit,
923 4222 1046 4284 quornm
1069 4204 1198 4265 locorum
1221 4221 1257 4263 ex
1279 4202 1371 4262 altero
1397 4204 1428 4259 in
1450 4200 1571 4261 alterum
1592 4217 1650 4279 pa·

309 4299 372 4353 teet
392 4301 561 4370 prospectus
585 4310 601 4353 e
622 4294 755 4356 fenestris
777 4292 960 4371 palatiorum
1005 4291 1116 4368 Quodsi
1139 4290 1319 4366 interjectum
1342 4286 1526 4349 intervallum
1548 4295 1649 4366 aptum

310 4388 356 4442 est
376 4379 415 4440 ad
437 4380 613 4441 metiendum
635 4383 710 4459 pede
732 4380 866 4441 Romano
888 4383 1025 4457 antiquo,
1051 4380 1134 4457 enjus
1156 4394 1290 4439 mensura
1313 4384 1356 4437 est
1378 4375 1455 4436 latus
1478 4376 1545 4436 cubi
1567 4393 1650 4435 com-

313 4474 480 4547 putatorum
495 4467 692 4530 Romanorum
715 4474 745 4528 et
765 4467 906 4545 liquorem
920 4469 1070 4527 fontanum
1087 4469 1126 4528 96
1148 4465 1285 4526 librarum
1297 4463 1379 4525 Rom
1402 4463 1558 4539 capientis:
1580 4470 1651 4523 tunc

310 4558 374 4636 ipse
395 4555 525 4633 spondeo
547 4555 762 4641 inclinationem
784 4562 914 4616 mutuam
936 4554 1205 4634 perpendiculornm
1228 4550 1443 4611 Monachisnsis
1469 4556 1498 4608 et
1519 4550 1649 4610 Treisin-

311 4645 410 4723 gensis
434 4651 535 4703 erecte
562 4645 746 4722 investigare.
790 4643 858 4704 Hoc
878 4651 966 4720 pacto
989 4650 1019 4703 et
1040 4639 1259 4719 cosmographia
1286 4639 1372 4697 luerit
1393 4635 1494 4714 adjuta
1526 4645 1555 4697 et
1575 4639 1650 4697 ratio

312 4744 514 4793 mensurarum
527 4732 714 4809 perpetuitati
730 4739 907 4803 consecrata,
929 4729 1073 4807 siquidem
1093 4729 1194 4789 literae
1219 4725 1325 4785 luerint
1338 4732 1506 4801 perpetuae.
1554 4726 1650 4795 (eomp.

311 4826 358 4889 111,
375 4841 400 4890 p.
418 4822 487 4885 458.)

396 4906 441 4967 Ac
463 4908 518 4967 etsi
548 4922 613 4966 mea
634 4904 708 4965 nihil
730 4908 857 4979 interest,
880 4921 968 4983 quam
991 4905 1019 4962 in
1034 4901 1151 4980 plagam
1169 4905 1271 4976 vergat
1283 4898 1362 4958 linea
1380 4904 1554 4959 connectens
1576 4895 1651 4957 dnos

311 4995 409 5057 locos:
433 5000 531 5054 tamen
553 4995 578 5053 si
600 4999 704 5071 postea
723 5010 775 5070 per
796 4992 874 5052 hunc
896 4990 1015 5051 modum
1043 4989 1193 5067 explorare
1216 4985 1357 5047 vellemus
1386 4987 1528 5045 rationem
1551 4984 1651 5045 diver-

312 5102 364 5146 sae
386 5083 536 5143 curvitatis
557 5081 697 5154 Telluris,
728 5080 816 5157 idque
838 5082 914 5139 intra
935 5095 1023 5138 unam
1044 5078 1208 5154 regionem,
1231 5081 1375 5152 oporteret
1397 5090 1467 5132 sane
1490 5071 1562 5133 duas
1586 5089 1651 5133 etse

315 5172 499 5250 operationes
521 5173 551 5228 et
571 5168 649 5229 linea
670 5167 760 5228 semel
783 5169 812 5225 in
836 5175 967 5228 austrum
989 5163 1079 5226 semel
1102 5167 1130 5222 in
1154 5164 1293 5223 orientem
1316 5160 1433 5221 deberet
1454 5160 1571 5237 porrigi.

399 5255 458 5317 Sed
480 5256 592 5330 desino,
614 5273 764 5332 nunquam
786 5256 864 5316 euim
886 5254 992 5330 scripsi
1010 5252 1170 5327 longiorem
1186 5250 1348 5327 epistolam,
1371 5264 1458 5324 qnam
1480 5263 1545 5306 cum
1567 5248 1652 5307 initio

312 5345 486 5406 Novembris
516 5360 609 5405 essem
638 5360 776 5416 exorsus,
806 5342 855 5401 vix
884 5339 987 5415 hodie,
1018 5343 1068 5400 at.
1090 5338 1263 5398 Novembris
1290 5335 1368 5394 finio.
1411 5333 1474 5394 Nec
1496 5337 1653 5412 quicquam

313 5439 464 5512 practerea
486 5431 567 5491 effeci
589 5433 619 5489 in
640 5430 754 5519 studiis.
953 5469 957 5475 -

400 5519 444 5580 Ex
472 5517 593 5579 aedibus
623 5517 693 5581 olim
716 5514 908 5579 cramerianis
934 5529 950 5575 e
979 5513 1098 5588 regione
1124 5508 1303 5571 Jesuitarum
1333 5505 1371 5565 sd
1401 5514 1527 5584 pontem.
1576 5508 1652 5569 Nob.

314 5607 395 5685 Mag.
418 5608 454 5667 T.
1220 5595 1447 5657 officiosissimus

1090 5684 1124 5750 J.
1147 5681 1293 5763 meyer,
1315 5682 1545 5743 mathematicus.
