3684 7259
260 1212 323 1280 626
574 1272 579 1281 ,
631 1207 668 1287 Iu
681 1211 900 1270 stereometriam
917 1205 1059 1271 Doliorum
1075 1209 1230 1320 App*

257 1387 319 1459 legi,
339 1387 446 1444 omniuo
464 1386 529 1444 mihi
547 1394 677 1459 punctum
695 1388 835 1443 satisfecit.
871 1389 907 1443 At
924 1404 980 1444 non
997 1389 1075 1466 valde
1093 1397 1161 1460 puto
1179 1400 1316 1461 receptam
1329 1392 1361 1447 iri
1374 1393 1444 1448 hanc
1456 1390 1613 1461 logisticam

258 1468 292 1523 ab
311 1466 371 1523 ulls
384 1467 523 1522 hominum
541 1481 648 1536 genere,
667 1467 825 1535 nequidem
844 1468 868 1521 si
886 1470 1026 1523 octonaria
1044 1472 1198 1539 progressio
1217 1490 1265 1541 per
1284 1474 1373 1528 omnia
1390 1474 1521 1529 obtineat
1559 1475 1613 1530 Ne·

258 1548 371 1601 cessitas
390 1547 461 1600 enim
480 1545 555 1600 nuilla
573 1553 600 1600 et
618 1546 680 1613 plus
700 1554 742 1599 est
759 1546 787 1599 in
806 1545 966 1600 confusione
985 1546 1168 1618 difficultatis,
1192 1568 1273 1620 quam
1291 1552 1319 1606 in
1337 1552 1495 1608 reductione
1513 1554 1549 1608 ad
1567 1555 1613 1609 de-

256 1625 360 1679 nariam
378 1624 487 1679 labaris.
525 1625 614 1691 Quare
633 1641 697 1693 ergo
716 1627 895 1695 sexagenaria
913 1634 1023 1695 recepta
1036 1628 1072 1681 sit
1094 1629 1128 1683 ab
1153 1630 1323 1700 astronomis,
1354 1632 1494 1686 octonaria
1524 1630 1614 1701 recipi

256 1721 311 1759 non
328 1704 436 1774 possit?
456 1702 527 1771 Quia
544 1704 722 1772 sexagenaria
740 1721 864 1774 magnam
883 1723 1022 1775 summam,
1041 1715 1113 1774 puta
1132 1709 1173 1775 00,
1192 1708 1352 1773 accumulat,
1372 1710 1512 1763 octonaria
1525 1711 1615 1765 minus

157 1823 159 1825 ψ
255 1787 403 1853 quam103
430 1791 458 1838 et
475 1784 539 1852 quia
556 1786 734 1853 sexagenaria
760 1785 889 1853 quamdiu
915 1793 942 1840 et
969 1793 1104 1855 qnatenus
1127 1786 1202 1842 inira
1222 1790 1255 1842 10
1283 1796 1391 1857 manet,
1418 1788 1481 1842 nori
1509 1789 1614 1843 nihila

255 1864 367 1920 denaria
385 1863 450 1919 iacit
467 1866 494 1918 in
512 1878 606 1920 mensa
624 1862 812 1933 Pythagorica,
832 1864 971 1918 octonaria
988 1863 1069 1934 plane
1088 1866 1169 1920 uertit
1188 1865 1309 1920 abacum.

806 2044 853 2104 Ad
877 2043 995 2121 Caput
1016 2044 1058 2106 X.

323 2196 385 2251 Jam
398 2196 527 2265 respondi
545 2197 603 2251 iere
623 2201 753 2265 quantum
771 2196 919 2264 quaeritur.
956 2196 1017 2251 Etsi
1035 2197 1106 2251 enim
1124 2196 1233 2251 uomina
1251 2196 1400 2266 ponderum
1419 2197 1447 2251 in
1467 2199 1612 2254 octonaria

255 2277 359 2332 ratione
378 2277 484 2332 institui
502 2277 616 2346 possint,
635 2291 688 2330 nou
708 2275 838 2328 suaserim
854 2283 946 2329 tamen
963 2274 1060 2346 vulgus
1084 2276 1250 2331 onerandum
1273 2292 1343 2330 nova
1360 2277 1523 2332 numerandi
1542 2285 1609 2331 arte.

254 2356 326 2425 Quin
350 2351 457 2426 potius,
488 2357 551 2424 quia
578 2355 689 2410 schema
715 2353 922 2422 comparationis
950 2369 1143 2423 progressuum
1169 2355 1324 2410 octonarios
1351 2363 1378 2409 et
1406 2356 1534 2411 denariae
1558 2358 1611 2411 hoc

253 2438 286 2491 X.
306 2455 365 2506 cap.
384 2436 571 2504 introducitur,
589 2434 650 2489 loco
669 2433 815 2488 schematis
834 2433 916 2501 hujus
934 2433 1007 2488 aliud
1027 2434 1136 2490 schema
1155 2441 1182 2488 ct
1199 2441 1281 2504 typus
1305 2436 1477 2504 aequationis
1491 2437 1610 2491 omnium

253 2530 440 2571 mensurarum
458 2523 487 2571 et
505 2515 650 2582 nominum,
670 2514 750 2568 etiam
768 2513 795 2565 in
815 2513 989 2581 proportione
1008 2513 1178 2569 discontinua
1196 2530 1257 2569 sese
1270 2523 1365 2570 mutuo
1383 2517 1611 2585 subsequentium

252 2592 280 2646 in
299 2592 393 2661 vulgus
413 2594 501 2649 detur.
538 2594 582 2649 Sic
601 2594 672 2647 enim
690 2590 842 2645 rectissime
859 2590 955 2658 uulgus
974 2591 1115 2659 juvabitur
1136 2594 1238 2648 relictis
1261 2595 1472 2651 nomenclatnris
1496 2604 1524 2651 et
1543 2613 1609 2651 con·

165 2724 167 2729 .
252 2673 439 2728 suetudinibus
458 2681 486 2728 et
503 2673 597 2741 adjuta
615 2670 788 2727 nihilominus
806 2670 943 2725 memoria.

337 2751 369 2803 Iu
386 2752 459 2805 omni
476 2751 624 2805 mutatione
642 2751 786 2819 plurimum
810 2747 892 2805 habet
914 2750 1032 2805 invidiae
1049 2750 1204 2815 subtilitas:
1217 2754 1289 2808 hanc
1307 2761 1486 2810 exsecrantur
1505 2753 1608 2811 subditi

250 2827 349 2895 potiori
368 2844 402 2883 ex
419 2837 509 2899 parte3
527 2829 647 2898 populus
665 2829 736 2882 onim
753 2829 782 2882 in
800 2844 941 2884 commune
960 2846 1021 2884 cum
1043 2830 1109 2898 ipsis
1132 2831 1200 2886 adeo
1223 2833 1372 2888 minoribus
1396 2834 1605 2902 magistratibus

250 2906 334 2962 hebes
353 2917 402 2963 est.
438 2911 534 2979 ltaque
552 2907 708 2978 hujusmodi
727 2910 829 2978 optima
847 2910 929 2964 etiam
954 2910 1067 2965 consilia
1089 2912 1253 2968 curiositatis
1277 2913 1385 2969 nomine
1402 2914 1606 2970 calumniantur

251 2988 324 3042 etin
342 2988 449 3044 scholas
468 2988 593 3059 ablegare
613 2988 708 3043 solent.
745 2989 797 3057 Qui
821 3004 884 3044 vero
911 2988 1023 3044 nostrae
1050 3006 1103 3044 non
1131 2992 1248 3047 subsunt
1270 2993 1471 3062 jurisdictioni,
1498 3001 1605 3048 tanturn
1647 3001 1650 3005 ’

250 3068 328 3122 abest
346 3076 376 3124 ut
394 3076 487 3124 nostro
507 3067 630 3137 exemplo
649 3068 754 3123 invitati
772 3069 846 3123 brevi
865 3070 941 3137 sequi
960 3068 1043 3123 uelint
1070 3069 1139 3125 haec
1165 3071 1292 3140 subtilia,
1320 3078 1351 3126 ut
1379 3072 1471 3140 potius
1496 3072 1605 3140 longius

250 3147 330 3201 etiam
349 3164 366 3202 a
383 3150 460 3203 nobis
479 3148 698 3205 sintdiscessuri.
736 3149 870 3203 Existimo
889 3149 990 3217 itaque,
1023 3165 1080 3204 rem
1098 3149 1171 3205 adeo
1197 3149 1368 3219 popularem.
1393 3159 1423 3204 ut
1448 3158 1513 3204 suut
1532 3168 1604 3205 meu·

250 3242 338 3297 surae,
356 3234 384 3283 et
400 3229 427 3282 in
447 3245 525 3283 usum
542 3229 635 3298 populi
655 3227 775 3283 futurum
795 3227 899 3282 felicius
918 3236 946 3281 et
965 3226 1058 3282 utilius
1077 3228 1199 3297 expediri
1215 3245 1269 3282 non
1281 3244 1371 3297 posse,
1391 3232 1511 3295 quamsi
1525 3247 1603 3300 quam

249 3303 308 3359 fleri
325 3315 417 3375 potest
435 3308 558 3363 tradatur
575 3308 794 3377 popularissime.

336 3386 405 3454 Quia
422 3385 610 3442 liberalissime
628 3388 780 3457 quaesitum
798 3388 862 3455 init,
886 3386 931 3441 his
949 3387 984 3443 10
1010 3385 1142 3455 capitibus
1161 3385 1276 3441 candide
1298 3385 1380 3440 etiam
1399 3384 1465 3440 duxi
1485 3403 1603 3457 respon·

250 3463 376 3519 dandum.
415 3467 527 3520 Veniam
552 3467 645 3535 itaque
671 3482 769 3537 precor
794 3465 975 3521 confidentiae
999 3479 1075 3518 meae
1097 3461 1294 3533 pronunciandi
1316 3463 1349 3517 de
1371 3463 1454 3519 rebus
1482 3467 1600 3535 politicis

249 3557 342 3599 ames
359 3544 529 3614 professione
547 3545 659 3616 alienis,
685 3554 717 3602 nt
742 3563 812 3617 quae
839 3545 914 3601 nulla
933 3561 967 3600 ex
984 3544 1155 3613 arrogantia,
1172 3558 1246 3599 mero
1265 3557 1329 3597 raro
1353 3557 1388 3597 ex
1407 3544 1529 3599 candore
1551 3543 1602 3599 init

249 3632 388 3694 usurpata.

334 3701 454 3773 Parerga
470 3703 572 3761 inserui
590 3703 743 3761 delectandi
761 3721 856 3762 causa:
875 3706 898 3761 si
916 3704 1006 3759 minus
1023 3701 1068 3759 hic
1085 3700 1151 3759 felir
1170 3716 1231 3757 asse
1248 3699 1343 3770 potui,
1362 3705 1405 3754 sat
1424 3708 1501 3757 certe
1520 3701 1602 3758 rolin.

404 3817 508 3888 Pragas
526 3818 568 3872 24.
586 3818 653 3873 Dec.
672 3833 743 3873 auno
761 3816 838 3875 1605.

1084 3895 1235 3965 Perscripsi
1253 3894 1281 3950 J.
1299 3894 1445 3964 Keplerns.

791 4108 1053 4178 Postscripta.

317 4267 348 4320 In
363 4265 416 4320 hoc
428 4266 529 4335 scripto
542 4265 611 4322 haec
623 4273 699 4320 sunt:
719 4267 745 4334 1)
765 4264 831 4320 Dico
844 4264 923 4319 valde
935 4263 1029 4319 utilem
1042 4275 1102 4318 esse
1114 4262 1254 4319 scientiam
1267 4261 1437 4331 aequationis
1450 4264 1599 4332 ponderum

247 4337 496 4415 mensurarumqne.
516 4347 542 4415 2)
561 4345 716 4401 Difficulter
734 4361 797 4400 vero
816 4344 917 4411 aliquid
943 4344 970 4397 in
996 4344 1028 4398 iis
1046 4343 1144 4397 mutari
1163 4340 1391 4410 centurionesque
1409 4341 1469 4396 tolli
1488 4360 1505 4398 a
1522 4343 1599 4411 uulgo

247 4439 336 4492 posse.
374 4424 402 4488 3)
420 4424 517 4491 Itaque
535 4439 589 4477 non
608 4425 761 4493 consentio,
784 4432 816 4478 ut
840 4423 1001 4478 aboleantur
1023 4421 1156 4477 uocabula
1177 4420 1288 4490 propria
1306 4420 1419 4487 singulis
1437 4422 1600 4489 regionibns,

247 4517 337 4570 neque
355 4509 386 4555 ut
404 4519 474 4556 nova
492 4502 572 4571 plane
590 4503 757 4571 imperentur
774 4502 915 4556 anniversis.
953 4501 979 4567 4)
999 4502 1073 4569 Quae
1091 4518 1155 4555 vcro
1174 4508 1239 4555 sunt
1257 4501 1375 4554 omnium
1393 4499 1539 4568 regionum
1557 4516 1600 4552 ro·

247 4582 351 4649 cabula,
365 4581 498 4643 utlibrae.
511 4582 665 4646 centenarii,
676 4581 768 4649 pedes,
788 4579 877 4643 ulnae,
895 4581 1026 4648 canthari,
1045 4596 1114 4646 nego
1133 4580 1161 4633 in
1179 4585 1284 4632 mutum
1304 4578 1443 4645 mutanda,
1463 4586 1495 4631 ut
1508 4576 1598 4632 multia

246 4659 274 4713 in
291 4660 357 4715 locis
375 4661 466 4730 triplo,
485 4660 646 4730 quadruplo,
666 4660 782 4730 decuplo
802 4658 916 4713 evadant
934 4657 1038 4726 majora
1056 4658 1098 4711 vel
1116 4658 1225 4711 minora.
1264 4658 1293 4724 b)
1312 4654 1439 4710 Concedo
1451 4663 1551 4726 autem,
1570 4661 1598 4709 ut

246 4740 363 4795 medium
371 4739 473 4809 aliquid
482 4741 552 4795 inter
561 4748 681 4795 extrema
691 4739 831 4807 regionum
841 4736 965 4804 eligatur,
976 4737 1010 4790 ad
1023 4736 1095 4805 quod
1108 4738 1310 4792 conformentur
1322 4734 1432 4804 illorum
1445 4748 1596 4798 mensurae,

246 4824 291 4888 qui
310 4820 412 4876 habent
430 4818 546 4887 majores
565 4820 716 4873 minoresve
742 4831 881 4870 mensuras
910 4830 959 4883 eo,
989 4815 1061 4883 qnod
1085 4832 1177 4871 sumus
1205 4815 1326 4869 electuri.
1363 4815 1388 4881 6)
1407 4815 1486 4869 Hanc
1515 4815 1596 4885 ipsam

245 4906 337 4953 tamen
359 4897 534 4952 mutationem
553 4896 655 4950 suadeo
673 4894 839 4965 pedetentim
857 4894 1089 4962 introducendam,
1108 4894 1212 4949 scilicet
1229 4894 1258 4947 iu
1276 4893 1309 4947 iis
1327 4894 1528 4962 contractibus,
1555 4890 1597 4961 qui

247 4984 311 5030 sunt
328 4975 529 5043 magistratibus
553 4976 623 5030 inter
641 4992 671 5029 se
689 4984 736 5029 aut
754 4990 815 5029 cum
834 4974 958 5029 subditis.
995 4973 1098 5042 Nempe
1114 4974 1159 5041 jus
1178 4973 1283 5026 dicatm
1301 4970 1452 5025 secuudum
1475 4973 1514 5039 id,
1527 4970 1596 5041 qnod

246 5070 341 5109 snmus
360 5053 486 5119 electuri,
506 5072 559 5110 nou
578 5056 725 5110 secundnm
744 5054 929 5122 discrepantes
947 5053 1082 5107 seriarum
1100 5053 1241 5122 regionum
1259 5049 1351 5120 pedes.
1389 5051 1416 5118 i)
1436 5052 1595 5106 Continuam

246 5133 421 5190 bisectionem
446 5133 514 5188 assis
539 5133 713 5187 admittimus.
750 5134 779 5200 a)
799 5131 991 5186 Collectionem
1019 5146 1082 5184 vero
1111 5129 1212 5185 assium
1229 5130 1257 5183 in
1277 5126 1405 5183 continua
1423 5130 1596 5199 proportione

246 5211 326 5280 vulgo
345 5211 528 5280 imperandam
548 5212 628 5280 plane
647 5211 799 5266 dissuadeo.
837 5211 866 5278 9)
885 5211 1015 5265 Permitto
1043 5217 1141 5269 tamen.
1170 5208 1310 5264 emendari
1337 5206 1471 5274 paulatim
1498 5208 1595 5261 formas

245 5289 434 5345 collectionum
452 5296 622 5358 receptarum
641 5290 674 5345 ad
693 5306 774 5344 unam
793 5289 918 5358 aliquam,
938 5291 977 5345 sic
995 5297 1025 5345 ut
1043 5289 1166 5345 omnibns
1190 5288 1257 5343 locis
1284 5288 1300 5341 a
1318 5285 1410 5342 himer
1429 5288 1484 5341 sint
1502 5286 1592 5341 Fuder

178 5392 180 5395 ’
246 5384 338 5438 unum,
357 5369 482 5425 omnibus
501 5369 567 5423 locis
587 5370 638 5425 100
655 5369 746 5439 pondo
764 5370 800 5423 sit
818 5370 997 5423 centenarius.
1036 5369 1081 5435 10)
1100 5368 1150 5422 His
1177 5378 1346 5435 consequens
1365 5373 1421 5435 est,
1445 5373 1477 5420 ut
1495 5365 1596 5420 dissue·

246 5446 332 5518 deam,
351 5448 447 5516 uulgus
458 5447 680 5519 adstringendum
699 5449 733 5503 ad
752 5450 883 5504 unitatem
902 5449 995 5504 lateris
1008 5448 1127 5502 omnium
1140 5445 1248 5499 assium.
1282 5444 1323 5511 11)
1342 5446 1380 5499 Et
1392 5450 1487 5500 tamen
1499 5444 1596 5513 largior

207 5521 210 5528 ’
246 5527 566 5583 commensurabilitatem
590 5529 683 5584 leteris
711 5530 830 5585 omnium
856 5530 970 5591 assium,
997 5544 1052 5583 non
1075 5526 1104 5580 in
1130 5525 1235 5579 unitate
1260 5524 1470 5594 instituendam,
1499 5526 1596 5581 sedin

218 5624 221 5631 .
246 5608 365 5662 numeris
383 5606 504 5675 pulchris
523 5615 550 5662 et
568 5608 768 5678 receptissimis.
806 5611 847 5680 12)
867 5606 1032 5665 Numerandi
1050 5605 1160 5663 modum
1178 5620 1227 5674 per
1245 5603 1411 5661 octonariam
1430 5602 1596 5675 progressio·

244 5694 307 5738 nem
324 5683 439 5754 auulgo
456 5685 538 5756 plane
557 5686 661 5745 aufero.
