3684 7259
734 1193 818 1247 Liber
835 1192 881 1248 IV.
901 1194 991 1263 Caput
1007 1192 1069 1253 VII.
1483 1190 1544 1250 267

201 1388 230 1429 re
252 1372 355 1428 nititur
377 1371 507 1433 doctrina
530 1372 658 1446 crisium,
683 1370 718 1431 dc
742 1389 801 1449 qna
822 1373 895 1431 satis
918 1378 1054 1432 accurate
1077 1372 1123 1447 egi
1155 1371 1184 1428 in
1207 1368 1307 1428 Tertio
1332 1366 1548 1427 Interveniente

201 1475 278 1517 num.
306 1460 356 1517 70.
382 1469 410 1518 et
434 1461 631 1536 sequentibus.
958 1519 962 1524 ¹

286 1544 365 1603 Satis
388 1550 416 1604 in
439 1549 604 1624 praesentia
628 1546 736 1606 dictum
764 1553 826 1606 esto
851 1547 886 1607 de
908 1546 1054 1606 humanae
1085 1548 1172 1606 etiam
1195 1546 1309 1604 animae
1337 1540 1477 1602 facultate
1500 1541 1546 1597 in-

201 1633 303 1692 feriore
327 1632 421 1708 deque
444 1638 581 1694 universa
604 1634 660 1693 hac
682 1636 815 1695 materia.

287 1720 377 1778 Porro
401 1722 473 1780 haec
497 1740 551 1796 ego
575 1721 610 1780 dc
634 1724 732 1781 arrima
753 1722 901 1799 disputavi
924 1722 1076 1795 hactenus,
1100 1737 1157 1779 non
1182 1717 1317 1795 equidem
1338 1716 1396 1775 hoc
1414 1713 1545 1786 consilio,

201 1816 232 1865 ut
253 1807 458 1884 philosophiae
482 1809 598 1867 divinae
622 1810 770 1868 studiosos
792 1813 909 1885 penitus
940 1826 1061 1869 evocem
1091 1806 1257 1867 electione
1281 1804 1547 1880 metaphysicorum

200 1905 361 1967 auctorum,
386 1906 455 1955 utve
480 1904 524 1972 tot
543 1896 678 1972 Platonis
709 1904 739 1955 et
761 1897 928 1956 Aristotelis
956 1897 1160 1973 interpretibus
1189 1893 1431 1971 profundissimae
1462 1888 1547 1948 inda-

198 1985 285 2058 ginis,
310 1981 445 2054 Graecis,
472 1969 636 2056 ΔΝΜ·
653 1983 781 2057 Latinis,
806 1984 944 2057 Plotino,
965 1983 1146 2055 Themistio,
1176 1980 1342 2057 Simplicio,
1374 1977 1546 2054 Porphyrio,

202 2070 378 2143 Alexandro,
404 2071 526 2129 hverrol
550 2077 579 2130 ct
602 2089 676 2147 quos
700 2071 748 2130 ille
771 2072 881 2147 allegat
902 2090 975 2132 suae
998 2074 1094 2148 gentis
1117 2087 1174 2128 non
1189 2085 1309 2144 paucos,
1332 2067 1495 2141 Boetioquo
1519 2070 1549 2124 et

199 2160 397 2216 recentissimo
429 2159 679 2235 subtilissimoque
702 2157 738 2218 ·J.
763 2159 795 2218 C.
825 2159 993 2236 scaligero,
1026 2158 1062 2219 de
1093 2160 1191 2217 anima
1223 2156 1317 2231 deque
1347 2153 1553 2228 intelligentiis.

200 2245 429 2322 disputantibus,
453 2246 554 2306 oculos
570 2246 759 2322 conligerem
783 2247 835 2305 sed
858 2255 890 2307 ut
911 2247 985 2307 haec
1001 2264 1036 2306 ex
1050 2265 1116 2307 mea
1131 2245 1308 2323 professione
1331 2259 1424 2318 exque
1448 2241 1556 2298 intimo
1623 2281 1626 2292 .

200 2333 290 2406 hujus
314 2335 410 2407 operis
432 2332 604 2392 Harmonici
628 2351 703 2408 penu
729 2332 881 2411 depromta
903 2333 1028 2394 necdum
1045 2340 1125 2393 tacta
1141 2333 1237 2404 abiis,
1260 2327 1340 2407 qnod
1355 2331 1454 2401 sciam,
1478 2344 1550 2388 con·

196 2420 421 2479 siderationibus
454 2420 567 2480 illorum
598 2420 688 2481 voluti
717 2422 911 2500 supplementi
943 2422 1009 2482 loco
1034 2421 1204 2498 adjicerem,
1237 2417 1313 2477 undo
1349 2418 1464 2488 abiis,
1498 2415 1549 2496 qni

198 2516 265 2585 post
288 2525 333 2567 me
356 2525 421 2566 sese
444 2508 511 2567 huic
537 2509 777 2586 contemplationi
800 2510 1020 2587 metaphysicae
1048 2508 1186 2580 dedituri,
1216 2513 1350 2586 auctores
1373 2503 1466 2563 dictos
1488 2502 1549 2563 lec-

199 2598 264 2667 turi,
290 2605 390 2653 nostra
412 2595 485 2655 baec
510 2596 601 2655 veluti
625 2599 824 2672 experimenta
846 2615 913 2657 aum
936 2597 1053 2658 illorum
1069 2594 1341 2655 ratiocinationibus
1364 2590 1496 2651 collaturi
1520 2598 1549 2648 et

199 2693 354 2759 utrumque
387 2683 426 2740 ad
447 2684 568 2742 alterius
597 2682 697 2741 limarn
730 2684 879 2744 liberrima
910 2687 1032 2743 rationis
1061 2700 1184 2743 censura
1207 2683 1335 2741 exacturi
1365 2688 1433 2737 sunt
1456 2676 1549 2753 (qnod

199 2772 293 2828 fateor
315 2787 333 2828 a
357 2789 403 2828 me
427 2769 481 2830 bac
505 2773 569 2830 vice
593 2771 701 2830 iactum
726 2790 792 2832 esse
816 2768 961 2853 minime),
985 2772 1060 2832 haec
1081 2770 1301 2848 metaphysicae
1321 2769 1461 2826 scientiae
1484 2782 1551 2842 pars

200 2857 327 2932 denique
351 2858 488 2916 illustrior
511 2867 540 2917 ct
563 2858 738 2935 locupletior
763 2861 958 2936 omnibusque
981 2862 1107 2919 numeris
1130 2858 1294 2917 absolutior
1319 2856 1456 2915 constitui
1480 2870 1551 2930 pos-

199 2948 249 3017 sit,
274 2944 353 3019 quod
378 2953 409 3003 ut
431 2946 467 3003 ad
490 2944 614 3020 gloriam
638 2946 772 3006 Nominis
796 2946 1048 3024 superbenedicti,
1078 2946 1135 3004 Dei
1159 2944 1304 3004 creatoris
1341 2942 1499 3000 visibilium
1522 2945 1551 2999 et

203 3024 409 3102 invisibilium,
445 3035 533 3109 inquo
557 3042 747 3110 augmentum
770 3036 984 3095 sanctimoniae
1009 3042 1038 3094 et
1060 3034 1244 3092 innocentiae
1268 3032 1345 3090 vitae
1369 3027 1551 3105 contempla·

201 3129 309 3192 torum,
334 3120 458 3195 denique
482 3123 512 3178 in
534 3121 659 3181 salutern
683 3132 833 3182 aeternam
850 3122 1038 3201 plurimarum
1055 3123 1215 3180 animarum
1232 3119 1326 3184 cedat,
1350 3117 1432 3175 illum
1455 3118 1550 3193 ipsum

205 3207 301 3265 licum
326 3207 466 3266 Triunum
489 3208 612 3285 supplex
634 3227 746 3285 precor.

721 3506 831 3565 Finis
857 3504 947 3565 libri
979 3505 1032 3564 IV.
