3684 7259
773 1220 857 1276 nisa
874 1221 905 1275 r.
924 1219 1015 1296 capus
1031 1218 1067 1277 m

814 1459 955 1530 CAPUT
982 1460 1019 1531 ll.

277 1606 325 1659 De
356 1605 569 1673 cognatione
587 1604 849 1673 proportionum
866 1605 1143 1666 harmonicorum
1168 1604 1410 1686 euntquinque
1434 1603 1558 1672 figuris

799 1692 1029 1761 regularibus.

291 1877 294 1882 -
329 1836 422 1897 Varia
449 1843 478 1896 ct
506 1835 658 1916 multiplex
690 1844 736 1896 est
756 1837 830 1897 haec
861 1840 1011 1914 cognatio,
1042 1848 1111 1899 sunt
1133 1847 1229 1898 tantm
1253 1844 1379 1914 quatuor
1408 1840 1592 1914 potissimum

243 1923 361 2003 gradus
405 1924 480 1983 Nam
509 1930 561 1983 aut
589 1924 749 1983 desumitur
776 1921 914 1984 indicium
937 1930 1121 2003 cognationis
1153 1929 1191 1987 ab
1215 1936 1335 1987 externa
1366 1925 1463 1985 solum
1485 1927 1593 2002 specie,

244 2030 334 2090 qnam
355 2012 466 2072 habent
487 2011 607 2088 figurae,
631 2020 682 2071 aut
704 2029 771 2071 cum
794 2014 858 2087 ipsa
879 2012 984 2086 lateris·
1003 2016 1219 2075 constructione
1244 2021 1404 2084 nascuntur
1426 2015 1594 2089 proportio·

244 2118 297 2159 nes
324 2099 457 2173 eaedem,
490 2117 565 2175 quae
594 2107 624 2160 et
651 2099 851 2176 harmonicae,
882 2108 935 2159 aut
963 2102 1107 2162 resultant
1136 2120 1172 2162 ax
1195 2102 1296 2180 liguris
1323 2101 1387 2177 J'am
1409 2105 1591 2175 constructis,
1623 2173 1630 2182 .

245 2187 369 2264 singulis
391 2188 439 2247 vel
460 2188 579 2263 junctis,
604 2194 656 2247 aut
679 2187 804 2264 maique
828 2187 875 2247 rel
899 2190 1040 2265 aequales
1062 2190 1111 2251 vel
1130 2191 1245 2251 vicinas
1267 2198 1335 2249 sunt
1357 2190 1593 2267 proportionibus

199 2343 209 2358 ³
246 2277 361 2335 orbium
383 2275 502 2351 figurae.

335 2362 434 2422 Primo
456 2361 548 2440 gradu
571 2364 787 2438 proportiones,
822 2380 945 2439 quarum
968 2364 1117 2424 character
1142 2382 1195 2424 seu
1216 2363 1310 2439 major
1331 2365 1471 2422 terminus
1495 2370 1539 2423 est
1563 2364 1593 2437 ³,

248 2450 477 2511 familiaritatem
510 2450 619 2509 babent
651 2467 716 2509 cum
747 2450 836 2528 plano
869 2451 1022 2525 tetraddri,
1056 2451 1200 2527 ocmddri,
1232 2449 1376 2525 icosaiidri
1408 2450 1594 2527 triangulari3

250 2556 375 2617 quarum
398 2556 468 2598 vero
491 2538 584 2613 major
606 2540 745 2597 terminus
769 2540 803 2611 4,
836 2554 902 2597 cum
925 2539 1068 2616 quadrato
1091 2540 1180 2617 plano
1204 2539 1288 2613 cubi,
1321 2554 1444 2615 quarum
1468 2540 1498 2613 5,
1528 2555 1595 2598 enm

248 2626 470 2704 quinquangnlo
493 2627 582 2702 plano
605 2625 788 2685 dodeca'e‘dri.
833 2626 936 2686 Potest
965 2627 1038 2687 haec
1065 2626 1226 2687 similitudo
1259 2626 1340 2704 plani
1368 2628 1455 2685 etiam
1478 2626 1596 2686 extendi

248 2714 286 2773 ad
309 2717 449 2773 minorem
481 2716 676 2791 proportionis
705 2716 875 2787 terminum,
906 2722 939 2773 ut
967 2717 1134 2792 ubicunqne
1163 2717 1306 2775 ternarius
1330 2713 1417 2789 J'nxta
1446 2731 1535 2772 unum
1560 2731 1596 2775 cx

249 2805 386 2861 continue
410 2801 506 2878 duplis
530 2804 685 2876 invenitur,
708 2801 759 2860 illa
781 2804 931 2878 proportio
954 2802 1097 2864 habeatur
1111 2802 1262 2862 familiaris
1280 2802 1373 2861 tribus
1388 2800 1487 2878 figuris
1502 2802 1597 2879 primo

245 2892 419 2962 nominatis,
443 2898 482 2967 ¹ut
508 2884 546 2969 ι13
570 2897 599 2948 et
621 2884 663 2971 ²),
686 2898 716 2948 et
739 2884 780 2972 *1,
803 2898 832 2947 et
855 2884 897 2972 ⁸s,
921 2897 990 2964 etc,
1022 2892 1073 2950 ubi
1096 2908 1166 2951 vero
1190 2890 1356 2967 quinarius,
1385 2905 1421 2949 se
1443 2889 1594 2965 proportlo

246 2977 380 3036 absolute
409 2976 573 3035 vindicetur
604 2976 741 3053 con'ugio
770 2975 995 3052 dodecaedrico,
1028 2987 1061 3037 ut
1083 2973 1126 3061 ²s,
1156 2986 1187 3038 ct
1209 2973 1250 3059 *1,
1279 2985 1309 3037 ει
1330 2971 1388 3058 81,,
1424 2978 1468 3036 εἰε
1498 2960 1556 3058 ’1,’

249 3061 305 3147 81,ο
328 3071 358 3124 et
380 3061 421 3145 ‘'l,
443 3072 473 3123 et
499 3059 553 3146 ¹¹¹s,
576 3070 605 3123 et
671 3091 694 3150 5.
739 3061 839 3123 Minus
861 3066 1022 3141 probabilis
1050 3066 1105 3126 erit
1127 3066 1277 3143 cognatio,
1308 3064 1335 3122 si
1356 3081 1473 3136 summa
1494 3071 1524 3124 te
1593 3115 1599 3130 ,

246 3169 350 3211 norum
373 3154 515 3229 exprimat
538 3151 614 3210 banc
636 3150 869 3225 similitudinem,
894 3160 926 3211 nt
949 3155 977 3211 in
999 3148 1042 3235 ll,
1061 3153 1158 3229 juncti
1180 3152 1295 3211 termini
1317 3151 1429 3211 iaciunt
1453 3151 1502 3234 5,
1530 3155 1533 3162 '

247 3240 314 3299 ideo
338 3235 377 3320 ²l,
410 3241 448 3298 sit
479 3238 628 3298 familiaris
659 3238 851 3298 dodeca'e‘dro.
896 3240 1006 3299 Similis
1039 3249 1084 3299 est
1116 3242 1253 3317 cognatio
1281 3238 1319 3297 ob
1351 3246 1499 3299 entemam
1527 3243 1563 3308 s,
1600 3234 1604 3240 ’
1685 3253 1688 3261 ’

248 3329 321 3387 ciem
360 3327 459 3402 anguli
492 3326 595 3400 solidi,
631 3328 681 3401 qui
719 3336 764 3385 est
799 3329 944 3403 primariis
981 3329 1149 3399 intimantis,
1188 3323 1325 3394 octoiidro
1366 3323 1596 3402 quadrilinaa'ris,
1688 3364 1690 3369 =

247 3414 399 3506 icosatidro
430 3415 695 3490 quinquelinearis;
725 3416 824 3489 itaque
856 3418 880 3474 si
909 3417 1105 3493 proportionis
1135 3414 1209 3476 alter
1238 3415 1378 3474 terminus
1401 3416 1597 3474 communicat

248 3518 314 3562 cum
337 3497 472 3574 tertiario,
494 3504 643 3580 proportio
667 3504 722 3561 erit
743 3510 869 3577 cognate
891 3505 1035 3580 primariis
1051 3504 1230 3582 corporibus,
1254 3503 1299 3560 sin
1320 3518 1386 3560 cum
1402 3501 1597 3578 quaternario,

248 3590 395 3662 octaedro,
418 3590 544 3666 denique
568 3607 634 3649 cum
657 3590 800 3665 quinario,
824 3590 986 3651 icosae‘dro.
1031 3590 1090 3651 Sed
1113 3593 1143 3649 in
1158 3589 1281 3651 femellis
1301 3588 1374 3650 baec
1391 3591 1529 3666 cognatio
1552 3598 1597 3650 est

247 3679 424 3754 speciosior,
458 3680 528 3753 quia
558 3676 808 3754 specicmangnli
831 3680 964 3754 sequltur
992 3681 1080 3739 etiam
1102 3678 1197 3756 ligura
1220 3678 1470 3752 characteristica,
1501 3677 1598 3738 latens

247 3767 342 3837 intus,
373 3768 402 3822 in
431 3764 568 3824 octaedro
597 3773 781 3841 tetragonus,
812 3768 841 3823 in
872 3766 1022 3827 icossitdro
1050 3775 1252 3844 pentagonus,
1283 3768 1383 3841 itaque
1413 3763 1452 3846 ll,
1479 3770 1599 3844 propter

248 3863 403 3929 utrumque
427 3862 504 3912 esset
525 3851 716 3913 icosiiidricae
737 3861 845 3913 seems.

336 3939 488 4000 Secundus
511 3940 618 4016 gradus
642 3943 841 4016 cognationis,
864 3943 914 4017 qui
938 3944 968 3998 in
991 3948 1057 4001 ortu
1081 3942 1224 4013 consistit,
1246 3942 1290 4000 sic
1312 3947 1358 3999 est
1380 3937 1597 4016 concipiendus.
1641 3957 1642 3961 ¹

250 4028 380 4087 Primum
402 4037 470 4087 sunt
492 4028 609 4104 aliquae
631 4031 833 4106 proportiones
855 4046 1040 4089 numerorum
1063 4029 1249 4089 harmonicae
1272 4027 1431 4086 familiares
1452 4026 1503 4086 uni
1526 4041 1598 4087 con-

248 4116 333 4193 jugio
356 4134 408 4175 scu
431 4115 577 4188 lamiliae,
607 4115 720 4175 scillcet
749 4118 894 4196 perlectae
916 4119 1120 4193 proportiones
1147 4116 1282 4192 singulae
1309 4114 1438 4175 familiae
1461 4114 1599 4190 cubice03
1703 4177 1708 4196 ,

251 4212 296 4262 cst
318 4205 448 4262 vicissim
471 4206 635 4281 proportio,
667 4221 744 4280 quae
767 4222 918 4281 nunquam
946 4196 1042 4282 plenis
1071 4204 1198 4263 numeris
1222 4202 1405 4279 exprimitur,
1438 4218 1492 4263 nec
1514 4202 1600 4262 aliter

249 4305 301 4367 per
323 4308 459 4350 numeros
482 4291 710 4366 demonstratur,
742 4294 799 4351 nisi
828 4292 918 4369 longa
943 4292 1060 4351 illorum
1089 4293 1179 4364 serie,
1210 4289 1353 4368 paulatim
1383 4288 1422 4349 ad
1442 4288 1525 4348 illam
1547 4305 1600 4349 ac·
1707 4322 1709 4325 ·

250 4378 430 4453 cedentium,
462 4397 538 4457 quae
561 4382 710 4456 proportio
733 4379 840 4439 divina
863 4379 981 4453 dicitur,
1006 4397 1072 4440 cum
1093 4379 1221 4454 perlecta
1245 4385 1303 4451 est,
1332 4385 1494 4453 regnatque
1517 4378 1600 4437 varie

245 4483 299 4542 per
321 4467 489 4543 conjugium
513 4466 770 4542 dodecae'dricum3
799 4467 880 4527 illam
903 4469 992 4544 igitur
1013 4470 1229 4544 proportionem
1260 4466 1402 4542 incipiunt
1424 4464 1601 4525 adumbrare

248 4556 321 4613 istae
345 4551 527 4613 barmoniae:
557 4552 593 4634 ¹l,
616 4562 646 4614 et
668 4549 707 4634 ²),
731 4561 760 4614 et
783 4551 822 4636 ⁸),
844 4563 875 4616 at
895 4550 950 4635 it„
974 4572 1042 4614 nam
1065 4556 1312 4632 imperfectissima
1336 4560 1381 4612 est
1403 4549 1432 4610 in
1455 4548 1507 4635 1,,
1520 4556 1599 4631 'pcr-

183 4656 191 4673 ’
248 4642 406 4702 lectissime
429 4643 458 4699 in
482 4638 532 4721 il„
556 4642 710 4720 perfectior
731 4643 837 4713 lutura,
861 4644 887 4700 si
909 4645 998 4703 etiam
1023 4643 1120 4701 5et8
1140 4641 1250 4718 junctis
1274 4643 1416 4700 inunum
1443 4641 1480 4700 13
1496 4656 1601 4718 super-

249 4745 394 4806 ponamus
418 4730 453 4803 8,
476 4732 533 4788 nisi
556 4730 629 4788 hacc
648 4730 711 4805 jam
735 4727 879 4790 desineret
902 4747 966 4791 esse
990 4731 1167 4789 harmonica.

335 4817 425 4875 Porro
455 4816 492 4875 ad
522 4815 758 4876 constituendum
787 4817 865 4877 latus
895 4818 1006 4896 figurae
1036 4817 1163 4878 secanda
1196 4825 1240 4878 cst
1270 4817 1351 4896 globi
1383 4814 1536 4889 diameter3
1568 4821 1597 4874 ot

247 4905 379 4980 postulat
404 4903 560 4963 octaedron
584 4905 647 4980 ejus
670 4906 870 4981 bisectionem,
895 4907 987 4966 cubus
1010 4915 1039 4965 et
1061 4905 1227 4966 tetraiidron
1243 4907 1448 4977 bisectionem,
1472 4901 1600 4965 dodeca-

248 4991 378 5050 'e'dricum
409 4993 577 5068 conjugium
613 4994 863 5069 quinisectionem.
916 4993 1136 5053 Distribuuntur
1171 4994 1259 5076 igitur
1294 4994 1496 5072 proportiones
1525 4992 1600 5050 inter
1670 5056 1673 5063 ,

248 5078 357 5154 figuras
380 5080 540 5139 secundum
571 5081 625 5138 bos
656 5097 808 5155 numeros,
840 5084 890 5158 qni
912 5081 978 5141 illas
1007 5083 1179 5158 exprimunt.
1225 5079 1439 5140 secatur-vero
1471 5086 1500 5139 et
1523 5094 1599 5154 qua-

248 5165 363 5225 dratum
386 5167 528 5241 diametri,
552 5186 605 5227 seu
627 5166 768 5226 formatur
788 5169 888 5228 lateris
910 5168 1041 5246 figuralis
1065 5166 1238 5244 quadratum
1262 5185 1298 5228 en
1320 5174 1400 5230 certe
1422 5165 1486 5242 ejus
1505 5171 1597 5245 parte.

248 5253 284 5311 Et
309 5264 378 5313 tunc
400 5255 522 5314 laterum
546 5254 689 5332 qrradrata
711 5273 777 5315 cum
799 5256 934 5316 diametri
957 5255 1101 5332 quadrato
1129 5262 1333 5333 comparantur
1359 5255 1597 5329 constituuntque

235 5344 289 5419 sic
320 5345 538 5420 proportiones:
570 5342 705 5402 cubicum
732 5338 780 5424 ¹l„
814 5343 1019 5404 tetra'e‘dricum
1049 5339 1104 5423 is„
1139 5341 1334 5402 octaedricum
1362 5338 1416 5426 ’1,;
1447 5359 1537 5419 quare
1569 5346 1598 5400 et

246 5428 349 5503 juncta
370 5430 457 5503 bina,
482 5432 615 5489 cubicum
638 5437 668 5489 et
689 5428 894 5490 tetraedricnm
919 5428 968 5511 1,,
1000 5429 1134 5488 cubicum
1157 5438 1186 5490 et
1208 5430 1404 5490 octa'c'drleum
1428 5423 1481 5510 ll„
1513 5434 1597 5489 octa·

249 5516 377 5577 edricum
399 5524 428 5577 ct
450 5517 655 5577 tetraedricnm
677 5512 729 5598 ’1,
774 5515 986 5577 Dodecs'e'drici
1010 5516 1139 5593 coniugii
1161 5518 1256 5579 latere
1277 5516 1535 5578 suntinelisbilia'.

334 5605 435 5664 Tertio
458 5605 566 5681 figuras
585 5606 649 5680 jam
673 5606 846 5666 consecutas
868 5603 1281 5682 barmontese'proportiones
1306 5608 1388 5666 varie
1410 5620 1597 5681 consequun-

252 5700 307 5753 tnr.
352 5694 414 5751 Aut
436 5696 512 5752 enim
535 5711 673 5753 numerus
694 5694 818 5752 laterum
832 5691 914 5769 plani
930 5700 1114 5772 comparetur
1133 5710 1198 5754 cum
1213 5712 1333 5755 numero
1347 5693 1471 5753 laterum
1486 5691 1596 5771 figurae

300 5801 523 5854 marmoree-v.
1361 5881 1363 5886 ,
1402 5801 1440 5859 18
