3684 7259
747 1240 775 1297 in
791 1236 965 1298 Harmoniam
981 1239 1084 1297 Mundi.
1542 1247 1586 1310 le

243 1417 294 1479 hic
316 1416 402 1479 dictis
422 1421 580 1500 appositis:
615 1420 718 1498 ,Vale
761 1422 818 1483 Die
841 1423 871 1482 9.
895 1421 967 1483 Dec.
994 1420 1107 1496 lew,
1136 1421 1191 1480 nisi
1214 1436 1361 1483 assumere
1383 1419 1473 1496 velis,
1504 1418 1588 1501 Kep-

244 1504 340 1590 lqrum
360 1506 500 1585 libellum,
523 1515 679 1586 antequam
700 1507 738 1570 ad
759 1508 844 1572 finem
866 1509 959 1587 proeli
980 1511 1171 1587 pervenisset,
1191 1506 1318 1568 Fluddio
1340 1511 1544 1572 transmisisse.
1600 1505 1604 1513 “

341 1611 387 1673 De
400 1611 458 1674 hoo
472 1612 590 1674 Fluddii
605 1613 704 1675 libello
717 1631 812 1691 pauca
826 1614 969 1676 hahemus
985 1631 1060 1691 quae
1076 1611 1214 1673 dicamus.
1237 1612 1353 1675 Priores
1366 1617 1472 1693 repetit
1487 1594 1588 1691 objurss
1633 1636 1644 1658 ο

247 1699 380 1776 gationes
401 1719 510 1779 magna
531 1720 567 1762 er
588 1709 685 1780 parte,
715 1702 788 1762 nihil
810 1705 895 1778 novi,
929 1702 1008 1779 quod
1037 1710 1197 1763 memoratu
1226 1699 1344 1778 dignum
1374 1704 1427 1778 sit,
1457 1703 1588 1763 efferens.

248 1783 386 1849 Oratione
407 1792 508 1865 utitur,
537 1791 563 1850 si
584 1797 678 1850 totum
699 1792 895 1867 spectaretis,
926 1788 1114 1865 modestiore,
1139 1807 1315 1867 quamquam
1338 1790 1433 1851 elucet
1455 1806 1591 1850 nonnun-

248 1891 338 1952 quam
359 1878 472 1938 animus
496 1875 609 1956 huglioi
632 1878 786 1955 theosophi
809 1896 828 1938 a
848 1876 978 1955 Keplero
1009 1879 1186 1939 vulneratus.
1239 1876 1424 1956 Quantopere
1446 1878 1590 1957 Keplerus

249 1961 286 2023 de
308 1963 514 2025 mathematica
536 1974 565 2027 et
586 1968 764 2026 astronomia
785 1968 930 2039 meruerit,
953 1968 1047 2044 magis
1066 1983 1153 2044 quam
1176 1974 1263 2027 antea
1285 1982 1454 2044 agnoscens,
1477 1968 1539 2026 suis
1555 1964 1590 2026 de

249 2049 358 2112 mundo
380 2056 511 2133 mysticis
533 2055 718 2133 opinionibus
740 2053 806 2132 plus
829 2071 917 2131 quam
931 2053 1052 2132 Kepleri
1067 2054 1204 2132 operibus
1224 2054 1333 2115 tribuit
1363 2053 1592 2128 Cumnonnulla

250 2156 287 2199 ex
307 2140 365 2202 hoc
384 2159 524 2219 responso
546 2141 784 2203 adnotationibus
807 2141 845 2202 ad
867 2142 987 2219 Kepleri
1010 2142 1185 2220 Apologlam
1212 2159 1266 2202 suo
1296 2142 1361 2203 loco
1391 2140 1591 2220 adjecerimus,

249 2244 354 2306 panea,
377 2247 453 2307 quae
476 2232 507 2289 in
528 2230 585 2291 fine
607 2230 751 2308 leguntur,
775 2230 875 2291 aliene
896 2230 987 2291 lubet.

350 2333 497 2415 Keplerus
519 2333 629 2395 dixerat
651 2336 682 2393 in
702 2351 822 2395 numero
839 2336 896 2396 26:
931 2332 1003 2394 mihi
1023 2338 1162 2414 mysteria
1184 2341 1239 2395 tua
1257 2316 1396 2412 perplexa
1416 2343 1485 2394 sunt
1506 2333 1593 2413 culpa

250 2428 303 2483 tua
324 2429 511 2500 morumque,
541 2440 614 2500 quos
635 2420 754 2497 laudas,
777 2438 879 2483 roseae
902 2425 994 2482 uncis
1015 2424 1144 2497 iratrum,
1167 2425 1218 2499 qui
1240 2422 1356 2499 tugiunt
1377 2421 1415 2481 ad
1437 2421 1541 2483 salices
1564 2429 1594 2483 et
1670 2432 1677 2451 ·

250 2526 284 2569 ae
306 2512 426 2588 eupiunt
447 2518 535 2572 antea
555 2508 657 2573 videri.
688 2509 735 2569 Ad
757 2509 831 2570 haec
852 2508 1012 2569 Fluddius:
1038 2515 1149 2570 Fratres
1166 2528 1261 2569 roseae
1279 2514 1321 2568 Cr.
1339 2512 1455 2582 majores
1472 2512 1593 2583 proiectu

251 2600 329 2665 aunt,
346 2609 427 2664 ιιιιι
444 2594 542 2665 quibus
560 2593 750 2649 malevolorum
768 2591 913 2663 opprobria
930 2608 1027 2649 nocere
1045 2592 1158 2664 possint
1198 2592 1220 2647 0
1238 2608 1319 2661 quam
1337 2608 1449 2663 corpore
1466 2592 1594 2649 robustus

252 2671 464 2742 uaetJoaanes,
482 2688 562 2745 quarn
580 2672 677 2743 spiritu
691 2678 789 2743 potens
808 2677 835 2726 et
853 2670 941 2741 fortis,
960 2671 1005 2741 qui
1023 2672 1120 2748 fratres
1133 2674 1192 2740 hos,
1210 2669 1384 2741 philosophia
1395 2677 1423 2726 et
1434 2670 1595 2741 theosophis

252 2753 491 2824 eminentissimos,
516 2753 574 2810 solo
600 2770 649 2810 sno
667 2760 735 2809 nutu
753 2759 873 2822 cogeret,
901 2757 933 2806 ut
950 2750 978 2807 in
995 2752 1132 2810 hominum
1158 2751 1594 2822 frequentiamprouirent.1mo

251 2850 314 2891 sero
332 2850 383 2891 nee
399 2835 450 2892 ubi
466 2850 517 2890 nec
534 2833 599 2888 mihi
617 2832 771 2889 obedientes
789 2831 942 2900 neminique
960 2832 1014 2888 nisr
1006 2832 1077 2888 soli
1088 2836 1146 2890 Deo
1168 2829 1303 2900 subjecti
1294 2847 1322 2885 ιι
1332 2830 1470 2901 publicum
1487 2831 1596 2902 prodire

251 2922 280 2970 et
290 2915 391 2971 mundo
408 2931 439 2971 se
456 2913 577 2971 revelare
594 2930 643 2971 suo
653 2921 780 2982 tempore
791 2909 887 2981 procul
900 2910 982 2966 dubio
994 2927 1047 2967 non
1061 2912 1200 2978 desistent,
1219 2910 1301 2967 dum'
1293 2919 1396 2967 ruterea
1408 2920 1463 2967 tam
1475 2912 1493 2967 J
1494 2925 1596 2969 oannes

251 3010 333 3064 quam
346 2994 481 3050 liebertus
500 2993 557 3050 suia
575 2993 694 3049 contenti
712 2996 838 3046 maneant
855 2989 1077 3059 conceptionibus
1096 2997 1124 3046 et
1141 2998 1237 3047 contra
1254 2991 1412 3060 homines,
1403 2991 1471 3062 rpsis
1485 2998 1516 3047 ut
1531 2975 1598 3046 mill

251 3072 360 3127 ιιιιιιι·
377 3072 473 3128 millies
491 3071 634 3141 doctiores,
652 3070 752 3141 probra
770 3079 798 3126 et
815 3070 936 3126 ιοιιιιιι
954 3070 1011 3125 sine
1029 3086 1113 3126 causa
1129 3076 1157 3125 at
1174 3072 1278 3125 ratione
1295 3071 1393 3127 inferre
1405 3071 1545 3140 desistant,
1563 3086 1598 3127 ne
1702 3117 1707 3124 .

253 3145 323 3205 haec
339 3150 449 3221 linguae
467 3166 533 3207 anae
550 3150 773 3220 intemperantia¹
766 3149 799 3205 ris
810 3147 921 3204 tandem
933 3145 1077 3218 aliquando
1090 3146 1215 3203 damnum
1228 3148 1331 3205 afferat.
1358 3148 1472 3208 Deinde
1486 3150 1596 3226 pergit:

252 3230 306 3284 ista
332 3227 474 3300 apologiae
498 3229 611 3285 Joannis
633 3242 698 3298 pars
720 3227 818 3297 jurgiis
839 3226 922 3295 plena
946 3235 988 3283 ιιι
1014 3234 1042 3283 ιι
1066 3243 1120 3282 uon
1144 3229 1233 3298 magni
1256 3245 1318 3285 cum
1341 3230 1438 3286 ceteris
1460 3228 1598 3284 nonnullis

252 3307 382 3363 momenti
398 3307 519 3378 materia,
537 3322 620 3378 quare
638 3322 698 3362 eam
716 3306 856 3364 brevitatis
874 3321 958 3362 ιιιιι
975 3306 1150 3363 omittendam
1168 3323 1272 3363 censeo.
1316 3305 1408 3377 Tunc,
1430 3307 1598 3383 provocatis

255 3394 305 3469 qui
332 3390 456 3471 legerint
486 3394 561 3453 inter
587 3409 620 3452 se
649 3400 679 3453 et
705 3390 866 3470 Keplerum
896 3392 1020 3467 arbitris,
1054 3393 1181 3468 quaerit,
1210 3409 1306 3453 noune
1337 3394 1399 3472 ipsc
1432 3390 1599 3472 philosophi

253 3472 371 3540 nomine
393 3478 553 3558 digniorem
575 3496 667 3557 quam
683 3478 829 3558 Keplerus
859 3480 888 3536 in
910 3478 967 3539 hac
990 3496 1080 3539 causa
1100 3497 1133 3540 ss
1156 3482 1338 3558 praestiterit,
1369 3487 1400 3541 et
1421 3480 1507 3540 finem
1529 3481 1622 3548 iacit,

254 3567 299 3627 hie
314 3567 414 3629 dietis:
436 3570 544 3627 tametsi
561 3571 602 3625 vir
618 3570 780 3636 clarissime,
803 3577 834 3625 ut
847 3569 885 3624 bd
900 3569 1005 3640 justam
1022 3586 1072 3640 ego
1090 3561 1170 3625 sar'iis
1187 3570 1269 3639 hujus
1286 3569 1435 3641 Apologiae
1451 3578 1515 3627 tuae
1531 3571 1600 3627 locis

253 3650 465 3723 indignationem
484 3656 606 3706 arrectus
624 3648 687 3703 mibi
705 3664 760 3705 non
777 3649 948 3705 mediocriter
966 3666 1164 3717 succenserem,
1187 3649 1240 3705 imo
1263 3666 1326 3705 vero
1348 3666 1398 3721 pro
1420 3649 1501 3707 modo
1519 3651 1599 3707 sahe-
1669 3647 1672 3660 '

253 3730 370 3786 mantiae
380 3737 417 3785 et
433 3727 546 3783 terroris
564 3727 604 3783 tui
621 3728 766 3798 saevirem,
792 3729 933 3799 aptissima
950 3745 980 3784 se
997 3727 1153 3800 praebuerit
1175 3729 1295 3784 occasio:
1323 3745 1357 3785 en
1374 3737 1465 3786 tamen
1483 3737 1511 3785 et
1528 3744 1607 3799 ecce,

255 3807 480 3879 quemadmodum
498 3806 602 3877 magico
620 3806 802 3863 susurramine
820 3822 913 3864 amnes
937 3808 1022 3879 agiles
1044 3806 1155 3875 reverti,
1183 3814 1277 3863 ventos
1299 3808 1439 3864 unanimes
1461 3807 1601 3879 exspirare

255 3885 474 3958 aquetulguris
490 3884 643 3941 uiolentiam
666 3885 788 3942 inhibere
811 3886 949 3956 dicuntur,
977 3886 1016 3943 sic
1041 3885 1121 3941 etiam
1145 3901 1200 3956 me,
1225 3886 1407 3944 moderamine
1425 3895 1453 3945 et
1469 3886 1601 3959 patientia

255 3964 360 4021 meliori
376 3965 508 4022 imbutum
525 3972 606 4033 atqua
623 3963 739 4021 hilosum
756 3966 784 4021 in
801 3982 861 4021 meo
879 3965 1029 4023 meditullio
1053 3964 1227 4037 elementum,
1251 3972 1390 4035 utcunque
1407 3966 1436 4022 in
1455 3983 1485 4023 ιι
1501 3965 1601 4022 mobile

255 4051 284 4099 ct
309 4042 446 4115 rapidum,
471 4043 687 4112 aequanimitatis
712 4053 776 4100 tuae
801 4053 882 4116 atque
904 4045 1039 4101 amicitiae
1061 4044 1167 4100 oblatae
1192 4043 1288 4114 spiritu
1313 4044 1500 4116 propitiatum,
1536 4045 1600 4100 mite

256 4129 339 4194 atque
355 4123 440 4180 lixum
457 4123 523 4178 satis
540 4123 681 4193 hocusque
698 4131 726 4178 te
744 4123 879 4179 invenisse
897 4139 985 4194 spero,
1004 4140 1057 4195 quo
1069 4123 1118 4179 tibi
1135 4122 1247 4180 comiter
1264 4124 1411 4193 mundique
1427 4124 1541 4181 literatis
1558 4139 1601 4179 me

256 4209 333 4259 tuam
349 4204 379 4259 ιι
395 4202 510 4259 mathesi
528 4202 639 4273 gloriam
658 4211 705 4259 aut
729 4201 913 4272 ebuccinatam
937 4202 966 4257 ιι
988 4202 1173 4274 philosophia,
1197 4201 1373 4273 qualisqualis
1396 4210 1450 4274 est,
1475 4204 1601 4260 virtutem

257 4280 437 4339 aemulatione
454 4290 501 4338 aut
517 4281 617 4339 inddia
632 4281 742 4338 minimo
758 4298 877 4352 unquam
894 4289 1074 4352 persecutum,
1100 4284 1149 4340 sed
1167 4281 1240 4353 quod
1256 4298 1346 4337 meum
1364 4289 1406 4338 est
1422 4282 1522 4355 potius,
1552 4287 1600 4338 Δι-

257 4362 365 4420 lantino
383 4363 461 4434 quasi
477 4362 595 4419 humeris
613 4370 766 4419 sustentare
782 4360 811 4415 in
828 4359 1053 4431 praecedentibus
1070 4377 1229 4433 aggressum
1246 4362 1392 4419 indicarem
1410 4404 1417 4417 .
1437 4405 1444 4419 .
1464 4406 1471 4421 .

362 4450 426 4506 Sis'
416 4449 506 4520 igitur,
524 4450 564 4505 ιιι
577 4450 753 4521 ornatissime,
771 4450 800 4506 ιι
811 4449 908 4506 studiis
919 4449 974 4506 mis
987 4450 1183 4509 mathematicis
1195 4450 1261 4507 telin
1273 4458 1355 4521 atque
1366 4450 1480 4519 faustus,
1497 4465 1602 4523 precor,

258 4529 407 4588 aldoberti
421 4528 595 4601 philosophia
611 4529 747 4588 abstineas
764 4529 866 4588 suadeo
884 4536 936 4587 etc.

367 4624 445 4686 lluie
467 4624 589 4686 comilio
616 4627 771 4686 obsecutus
793 4622 937 4702 Keplerus
959 4620 1077 4683 Fluddii
1104 4622 1204 4684 libello
1230 4641 1290 4684 non
1316 4583 1478 4703 respondit,
1507 4622 1615 4683 satius·

259 4711 383 4788 dueeos,
415 4715 615 4774 astronomicis
644 4712 748 4773 studiis
777 4727 861 4791 porro
883 4725 948 4771 sese
971 4708 1090 4785 dedere,
1121 4729 1209 4788 quam
1239 4728 1304 4773 cum
1333 4709 1510 4789 theosopho,
1540 4710 1602 4769 suis

260 4802 445 4880 opinionibus
466 4803 634 4880 insipienter
656 4801 832 4872 inhaerente,
855 4796 979 4874 litigare.
1025 4798 1159 4859 Ceterum
1181 4817 1346 4875 monemus,
1378 4797 1526 4859 addidisse
1548 4813 1624 4856 nos.

260 4891 290 4947 in
311 4891 550 4950 annotationibus
576 4888 718 4966 quasdam
745 4887 864 4948 Fluddii
885 4887 1090 4965 responsiones
1119 4885 1157 4947 ad
1178 4888 1299 4968 Kepleri
1322 4886 1498 4965 apologiam
1520 4893 1550 4944 et
1572 4890 1605 4944 ut

259 4977 375 5037 iaeilim
412 4976 637 5054 comprehendat
672 4976 766 5036 lector
791 4993 841 5046 ea,
863 4990 938 5051 quae
971 4973 1117 5052 Keplerus
1151 4986 1251 5037 contra
1287 4973 1444 5034 Fluddium
1480 4974 1603 5051 scripsit,

259 5068 388 5127 numeris
410 5066 554 5125 continuis
577 5059 797 5147 (i-xxvt)
820 5066 952 5140 signasse
974 5064 1004 5121 in
1028 5062 1146 5141 Kepleri
1175 5062 1394 5142 ,Appendice“,
1420 5078 1496 5138 quae
1511 5059 1604 5119 Flud·

260 5152 327 5215 dius
348 5156 378 5213 in
393 5152 574 5228 ,uacuam
590 5169 644 5213 suo
666 5152 770 5213 ihdem
791 5152 918 5212 numeris
940 5152 1078 5227 signavit,
1102 5153 1240 5230 inscripta
1258 5147 1437 5228 ,Anmysrm
1454 5147 1533 5209 LII.
1549 5155 1604 5208 eto.
