3684 7259
1265 1175 1874 1346 {waic
1898 1202 2143 1275 politica.
2920 1197 3046 1266 208

359 1379 553 1442 dinem
623 1384 772 1442 inter
826 1399 1129 1487 paenam
1190 1390 1249 1444 et
1304 1382 1503 1443 illatae
1556 1382 1745 1443 eidem
1801 1383 2049 1458 injuriae
2095 1376 2440 1455 vindictam,
2499 1395 2631 1439 rara
2688 1385 2883 1439 umen
2942 1385 3047 1453 est,

356 1468 668 1545 plurimum
731 1472 987 1529 vicissim
1045 1473 1105 1530 in
1165 1473 1371 1548 poenis
1427 1469 1722 1530 homicidii
1783 1470 2156 1547 aequalitatis
2210 1468 2638 1540 arithmeticae,
2706 1468 3045 1552 pracsertim

360 1559 507 1615 inter
554 1556 916 1616 Christianos
972 1576 1043 1618 ex
1089 1557 1219 1634 lege
1264 1558 1497 1631 divina,
1561 1576 1673 1635 qua
1736 1557 1913 1617 homo
1958 1557 2174 1615 homini
2225 1556 2638 1632 aequiparatur
2686 1557 2755 1614 et
2807 1555 3046 1630 sanguis

357 1647 641 1720 sanguine
684 1644 1035 1720 rependitur.
1123 1645 1291 1705 Haec
1335 1648 1510 1721 igitur
1553 1648 1853 1721 utriusque
1897 1647 2126 1720 generis
2150 1646 2458 1703 rationum
2487 1642 2751 1701 confusio
2795 1644 3045 1718 pertinet

359 1731 431 1789 ad
479 1732 710 1790 Bodino
775 1732 991 1790 dictam
1044 1733 1465 1807 harmonicam,
1531 1734 1786 1811 inprimis
1845 1732 2017 1793 illud.
2080 1731 2235 1809 quod
2293 1733 2349 1787 in
2413 1731 2551 1805 lege
2590 1728 2793 1787 divina
2851 1729 3047 1788 sicarii

358 1836 555 1877 omnes
602 1826 786 1879 m‘orte
831 1823 1147 1895 puniuntur
1192 1820 1555 1880 arithmetica
1598 1820 2016 1896 aequalitate,
2042 1827 2110 1878 at
2152 1834 2338 1895 genus
2386 1819 2596 1877 mortis
2651 1819 2710 1875 in
2754 1820 3047 1894 potestate

351 1905 566 1981 judicis
611 1915 717 1979 est,
765 1910 1117 1983 geometrico
1163 1924 1463 1985 responsu,
1512 1908 1695 1979 saetis,
1743 1908 2301 1967 circumstantiarum
2344 1906 2625 2020 varietate
2648 1902 3046 2018 dissimilibus,
3124 1900 3128 1904 ’

363 1993 771 2070 irrogandum-3
816 2002 881 2054 ιιι
928 1994 1190 2053 Bodinus
1235 1996 1437 2069 refert,
1477 2002 1626 2073 puto
1671 2012 1747 2054 ex
1788 1993 2111 2055 Rabbinis.
2351 2009 2366 2026 ·

525 2080 732 2156 Neque
778 2089 896 2140 tam
942 2085 1205 2159 personis
1250 2081 1498 2159 singulis
1539 2081 1716 2141 laesis
1761 2081 1907 2145 haec
1949 2097 2267 2158 poenarum
2323 2078 2713 2157 inaequalitas
2756 2077 3048 2157 tribuitur,

358 2185 607 2243 quam
580 2168 754 2227 saluti
803 2171 982 2228 tetius
1016 2172 1204 2247 reip„
1268 2188 1419 2246 quac
1466 2185 1665 2228 omnes
1710 2169 1911 2229 hostes
1972 2170 2193 2246 patriae
2238 2170 2474 2245 impune
2516 2164 2701 2228 occidi
2746 2166 3045 2242 permittit,

357 2257 572 2314 civium
633 2256 804 2315 simul
852 2260 1110 2316 omnium
1153 2255 1401 2316 salutem
1464 2259 1521 2314 in
1567 2258 1849 2336 principis
1907 2258 2369 2333 optimatumque
2411 2253 2815 2314 incolumitate
2868 2254 3046 2329 inque

357 2342 778 2418 tranquillitate
823 2344 1059 2420 publica
1106 2353 1450 2403 conservata
1497 2352 1707 2404 tuetur.
1800 2343 2057 2419 Saepius
2078 2351 2274 2403 autem
2305 2342 2541 2415 dictum,
2587 2327 2806 2400 bonnm
2847 2338 3046 2418 publi-

362 2443 495 2490 cum
550 2429 764 2490 habere
821 2448 1163 2508 responsum
1209 2431 1499 2509 quendam
1559 2431 1634 2491 ad
1694 2433 2046 2491 suavitatem
2093 2428 2408 2492 concentus
2452 2429 2792 2488 harmonici.
2882 2425 3049 2502 Quae

359 2532 480 2576 una
525 2533 753 2578 summa
800 2517 911 2591 lex,
958 2520 1153 2594 legum
1201 2520 1457 2578 omnium
1503 2527 1716 2593 mater,
1761 2520 1809 2577 si
1856 2519 2227 2592 observetur,
2274 2524 2340 2577 ut
2384 2516 2443 2575 id
2482 2524 2752 2576 sanetum
2797 2521 2856 2575 et
2895 2513 3048 2592 legi·-

356 2606 555 2663 timsm
603 2622 730 2664 esse
769 2604 1064 2680 jubeatur,
1112 2609 1167 2664 in
1216 2624 1331 2683 quo
1376 2606 1537 2665 salus
1582 2607 1824 2665 vertitur
1870 2606 2261 2682 reipublicae:
2302 2604 2428 2681 jam
2457 2605 2655 2663 statim
2682 2610 2928 2663 -comtat
2971 2601 3046 2661 de

354 2690 727 2752 similitudine
775 2709 903 2750 cum
936 2694 1285 2754 harmonicis
1315 2694 1654 2767 rationibus,
1701 2711 1773 2751 ex
1800 2711 1931 2753 mea
1974 2695 2160 2771 ipsius
2201 2694 2378 2752 etiam
2406 2692 2697 2751 sententia
2722 2684 3047 2766 descriptis,

356 2780 534 2838 etiam
592 2783 642 2837 si
686 2778 830 2838 nihii
891 2779 986 2840 lex
1048 2782 1149 2841 illa
1203 2780 1392 2840 simile
1448 2789 1751 2858 praeterea
1812 2782 2109 2847 contineat
2166 2797 2357 2856 neque
2411 2780 2803 2867 geometricae
2860 2793 3049 2866 neque

355 2866 753 2926 arithmeticae
797 2872 1254 2950 proportionum.
1344 2868 1495 2928 Nam
1539 2886 1732 2944 neque
1778 2868 1836 2926 hi
1885 2872 2105 2929 numeri
2161 2870 2254 2941 15,
2302 2867 2404 2941 20,
2451 2868 2553 2941 24,
2600 2867 2716 2939 30,
2763 2866 2861 2942 qui
2886 2858 3072 2922 har-v
3198 2851 3203 2858 ⁴

355 2956 607 3012 moniam
653 2957 951 3014 continent
997 2955 1411 3031 dulcissimam,
1458 2958 1893 3033 proportionem
1937 2910 2254 3017 observant²
2295 2953 2392 3013 vel
2422 2971 2599 3013 unam
2646 2951 2741 3012 vel
2786 2947 3046 3024 alteram,

357 3059 628 3100 excessus
674 3044 827 3101 enim
873 3050 1011 3102 sunt
1056 3044 1127 3116 5,
1186 3046 1255 3115 4,
1306 3044 1370 3116 6,
1417 3047 1609 3119 neque
1655 3039 1934 3119 aequales
1977 3060 2168 3119 neque
2212 3040 2433 3101 similes
2476 3042 2885 3118 proportiones
2926 3048 3048 3098 ter-

358 3131 641 3186 minorum
688 3131 1195 3205 proportionibus,
1240 3130 1343 3191 sed
1389 3148 1577 3207 neque
1623 3130 1826 3190 eodem
1874 3145 2004 3190 eum
2052 3129 2166 3190 illis
2210 3128 2416 3189 ordine
2460 3135 2800 3188 crescentes.
2934 3140 2941 3148 ·

532 3215 693 3273 xiv,
746 3216 919 3275 Aliud
951 3216 1313 3294 .exemplum,
1360 3221 1748 3293 geometricae
1794 3218 2137 3295 disciplinae
2181 3214 2543 3289 familiarius,
2587 3214 2755 3275 affert
2790 3212 3051 3278 eodinus

357 3304 413 3359 in
460 3302 657 3379 legum
704 3302 774 3363 de
822 3303 1052 3363 mulctis
1100 3307 1605 3383 interpretatione3
1650 3315 1715 3365 ut
1761 3322 1913 3381 quae
1958 3306 2283 3382 antiquitus
2327 3311 2586 3363 statutae
2630 3308 2766 3362 sunt
2794 3299 3047 3360 mulctae

361 3393 762 3469 pecuniariae,
824 3409 927 3468 pro
973 3395 1198 3452 ratione
1245 3395 1565 3471 praesentis
1608 3392 1881 3469 publicae
1927 3392 2258 3470 opulentiae
2318 3390 2410 3451 vel
2454 3391 2691 3467 inopiae
2723 3390 3049 3449 assumen-

362 3487 463 3534 tur.
556 3477 668 3536 Hic
715 3478 1095 3538 intolerabilis
1140 3479 1466 3556 aequalitas
1505 3481 1880 3540 arithmetica
1926 3483 2183 3539 omnium
2214 3487 2573 3556 temporum,
2619 3472 2810 3553 neque
2851 3482 3057 3535 tamen-

363 3565 670 3624 observatu
718 3566 905 3624 facilis
950 3569 1249 3644 proportio
1293 3570 1647 3643 geometrica
1692 3570 1750 3626 in
1795 3568 2083 3626 omnibus.
2172 3567 2381 3643 Itaque
2437 3582 2542 3642 pro
2587 3580 2697 3624 sna
2739 3561 3052 3640 prudentia

356 3651 533 3725 judex
599 3670 820 3728 proque
865 3671 1053 3712 rerum
1100 3657 1545 3714 circumstantiis
1589 3655 1844 3715 medi-um
1891 3656 2207 3716 sectabitur
2250 3654 2646 3715 harmonicum
2701 3651 3050 3726 cavebitque
3113 3715 3117 3719 .

364 3756 431 3797 ue
489 3738 583 3798 vel
638 3740 800 3815 leges
859 3740 1116 3801 violasse
1171 3741 1473 3815 videatur,
1546 3742 1642 3802 vel
1696 3742 1894 3819 legum
1954 3744 2433 3819 interpretatione
2489 3739 2787 3799 malitiosa
2848 3736 3051 3814 inopes

364 3828 772 3902 opprimantur,
822 3826 1240 3905 locupletibus
1256 3847 1326 3888 ac
1368 3832 1796 3905 potentioribus
1824 3829 2106 3908 peccandi
2149 3829 2385 3889 licentia
2413 3828 2596 3889 detur.
2689 3825 2843 3901 Quin
2874 3828 3051 3885 etiam

363 3912 621 3987 ejusdem
666 3913 1002 3975 harmoniae
1051 3916 1244 3975 studio
1287 3916 1576 3975 interdurn
1622 3920 2036 3994 pecuniariam,
2083 3933 2236 3994 quae
2283 3922 2760 3987 contemneretur,
2817 3915 2875 3970 in
2914 3921 3050 3972 eor-'—

363 4018 595 4076 peream
640 4003 1011 4079 permutabit

531 4087 670 4147 XV.
725 4088 965 4166 Legem,
1015 4107 1165 4165 quae
1210 4090 1366 4150 sures
1411 4091 1725 4168 suspendio
1769 4095 1957 4168 punit,
2005 4090 2267 4152 Rodia-s
2313 4096 2556 4150 eatenus
2596 4088 2843 4165 probat,
2891 4084 3049 4163 quod

363 4176 557 4233 nititur
600 4178 841 4250 ratione,
890 4194 961 4236 ne
1008 4178 1163 4236 fures
1209 4186 1550 4254 augeantur,
1599 4187 1662 4238 ut
1707 4187 1990 4255 peccata,·
2014 4196 2166 4256 quae
2210 4179 2547 4253 frequentia·
2580 4176 2773 4235 futura
2801 4173 3050 4249 fuerunt,

362 4265 598 4336 gravius
644 4265 976 4338 puniantur,
1027 4264 1183 4341 quod
1228 4268 1637 4340 geometricam
1698 4273 1849 4345 sapit
1897 4269 2345 4345 ἢ[ιιιιιειιιι·ι·.ῑι,ιιιιιιιι.,
2442 4265 2694 4325 Eundem
2742 4259 3050 4337 reprehen-

365 4348 442 4409 dit
487 4352 565 4409 ob
613 4352 1029 4426 aequalitatem
1078 4353 1528 4411 arithmeticam:
1575 4354 2039 4430 frequentissima
2085 4357 2305 4429 quippe
2346 4357 2506 4413 attin
2548 4353 2702 4413 furti·
2734 4369 2830 4425 per
2858 4353 3050 4409 ιιιιιιιῑιι

363 4437 576 4513 oppida
624 4455 930 4515 pagosque
959 4438 1881 4518 judices-plerumque·plehejes
1929 4441 2125 4517 habet,
2173 4445 2273 4517 qui
2317 4437 2454 4501 dum
2494 4437 2814 4517 aequaliter
2850 4453 3050 4493 omnes

361 4525 429 4582 ad
474 4526 766 4601 supplicia
812 4528 1069 4602 rapiunt,
1120 4533 1231 4585 n'on
1278 4526 1642 4603 intelligunt,
1697 4545 1761 4587 se
1809 4533 2229 4605 iniquissimam
2273 4525 2546 4593 inducere
2590 4537 2910 4605 paenarum
2958 4529 3050 4581 in*

361 4611 794 4688 aequalitatem,
841 4613 977 4673 dum
1023 4616 1279 4690 peccatis
1328 4616 1885 4677 circumstantiarum
1937 4617 2213 4678 varietate
2273 4613 2762 4693 inaequalissima
2806 4613 3050 4669 eandum
3140 4669 3145 4676 ,

359 4717 605 4774 poenam
652 4703 926 4777 irrogant.
1018 4700 1319 4777 Plerisque
1365 4704 1477 4760 reis
1539 4701 1703 4762 deest
1741 4705 1945 4781 judieii
2009 4701 2337 4777 annuncia,
2406 4717 2526 4781 qua
2570 4701 2678 4765 sihi
2746 4701 2930 4773 tnagis
2978 4701 3050 4757 ab

360 4787 691 4861 infortunio,
737 4806 911 4864 quam
960 4806 996 4846 a
1041 4788 1441 4864 magnitudine
1486 4788 1719 4849 sceleris
1769 4809 1973 4853 carere
2021 4789 2321 4861 deberent,
2373 4805 2518 4869 quus
2550 4789 2802 4861 nnumin,
2838 4789 3050 4857 ἰἰιιιιιιες

358 4872 669 4934 liberorum
715 4876 988 4948 studium,
1037 4876 1247 4936 fiducia
1290 4875 1530 4949 latendi,
1574 4877 1801 4937 alienae
1849 4877 2181 4957 epulantium
2227 4877 2446 4957 opinio,
2492 4873 2650 4937 fures
2690 4877 2858 4949 insit,
2922 4893 3050 4933 cum

360 4963 545 5037 ipsum
590 4979 697 5049 per
738 4980 802 5022 se
846 4964 1069 5022 facinus
1113 4962 1187 5023 ad
1235 4962 1350 5023 alia
1397 4974 1793 5041 comparatum
1845 4969 2089 5025 naturali
2133 4961 2357 5041 indicit}
2402 4961 2822 5041 vilipendatur,
2894 4961 3050 5037 qunti

359 5052 529 5109 etiam
578 5049 672 5108 lex
720 5049 938 5122 divina,
984 5068 1150 5126 quae,
1180 5050 1492 5129 quadrupli
1539 5061 1761 5112 tantum
1809 5057 2177 5113 restitutione
2217 5057 2434 5113 furtum
2474 5053 2658 5129 punit,
2714 5049 3050 5109 cnnlirmsre

360 5138 616 5197 videtum·
696 5137 758 5197 Si
804 5145 997 5197 tamen
1044 5155 1297 5215 aequum
1342 5148 1402 5199 et
1444 5148 1707 5200 sanetmn
1757 5153 1857 5213 est,
1909 5141 2069 5201 illum
2097 5137 2398 5201 huminum
2430 5145 2670 5213 partem,
2718 5153 2870 5213 {iriae
2902 5137 3065 5193 dulia:
3160 5176 3171 5190 .

363 5234 416 5283 et
461 5225 717 5285 tenebris
775 5234 914 5284 nata
972 5227 1223 5285 mnrium
1277 5233 1545 5286 naturam
1602 5228 1805 5297 refert,
1869 5233 2121 5305 parietes
2181 5225 2462 5305 perfudit.
2526 5245 2638 5281 nnn
2694 5225 3050 5285 feminarum

360 5319 616 5384 tantum,
676 5311 781 5371 sed
828 5314 1005 5371 etiam
1064 5314 1223 5373 vitae
1268 5316 1637 5373 securitatem
1694 5313 2007 5390 publicam,
2034 5314 2260 5385 turbat,
2312 5313 2465 5388 reip.
2525 5314 2720 5390 potius
2764 5328 2944 5371 eausa
2985 5316 3053 5369 ut

360 5409 579 5459 ceteras
625 5399 776 5459 seras
824 5417 1066 5476 rapaces
1110 5402 1318 5475 minui,
1378 5408 1531 5461 certe
1576 5408 1874 5478 respectas
1919 5403 2096 5478 reip.,
2143 5406 2210 5458 ut
2252 5415 2431 5476 saepe
2459 5396 2694 5471 dictum,
2738 5396 3052 5475 respondet

361 5487 663 5548 concentui
710 5486 1078 5559 harmonico,
1134 5504 1242 5548 nec
1285 5490 1410 5550 sine
1456 5488 1895 5548 accuratissima
1937 5487 2354 5563 temperatione
2399 5484 2739 5545 harmonica
2782 5486 3049 5560 quaestio

361 5573 501 5634 haec
545 5577 798 5635 exerceri
847 5574 1039 5647 debet,
1088 5592 1176 5647 ne,
1224 5575 1259 5633 d
1593 5573 1934 5645 consulitur,
1979 5573 2213 5647 multis,
2247 5575 2360 5650 ,qui
2405 5589 2570 5651 spem
2609 5575 2752 5633 -boni
2798 5573 2948 5633 civis
2972 5574 3048 5631 ·in
3138 5628 3151 5640 ,

362 5653 973 5800 pestsrwere
1016 5573 1742 5796 pessumo&
1769 5662 1847 5723 ob
1888 5662 2006 5723 boc
2047 5678 2235 5740 genus
2276 5662 2535 5723 erirnims
2583 5662 2875 5762 eripiatur.
