3684 7259
190 1192 192 1194 ’
244 1213 306 1275 aaa
654 1208 979 1279 ire-conagmaonun
996 1206 1174 1266 asmona

245 1396 274 1449 et
295 1390 531 1464 somniatorinm3
561 1391 655 1464 magis
678 1389 847 1466 increpandi
869 1387 1006 1447 videntur
1029 1388 1233 1466 philosophiae
1256 1391 1432 1467 professores
1454 1387 1595 1461 celebres,

244 1480 293 1553 qni
317 1494 381 1536 oum
405 1480 546 1553 recipiant
568 1476 624 1535 boc
646 1478 684 1535 ab
709 1476 865 1537 Aristotele
889 1494 951 1547 suo,
976 1478 1067 1534 vitam
1091 1480 1271 1537 animantum
1299 1479 1522 1554 plantarumque
1546 1477 1594 1535 io-

245 1566 306 1623 veri
329 1568 436 1623 virtute
450 1564 538 1637 Solis,
560 1582 619 1622 non
641 1565 832 1641 perpendunt,
855 1566 965 1640 percipi
982 1581 1050 1639 ergo
1066 1565 1104 1622 ab
1121 1566 1178 1623 illis
1193 1569 1332 1625 creaturis
1353 1568 1489 1623 virtutem
1506 1563 1594 1623 Solis.

245 1651 326 1711 Iners
351 1653 468 1710 omnino
492 1660 523 1711 et
544 1652 730 1711 somnolenta
749 1652 944 1728 philosophia,
970 1668 1045 1725 quae
1069 1655 1177 1728 patitur
1191 1653 1289 1713 Solem
1312 1656 1340 1711 in
1364 1654 1436 1711 haec
1459 1653 1620 1710 interiora*

127 1780 131 1788 ·
178 1757 180 1761 ·
245 1757 352 1815 egere,
378 1748 408 1797 ut
430 1742 588 1799 statuerius
611 1743 673 1816 agit
694 1743 723 1797 in
746 1742 897 1799 materiam
920 1741 1098 1812 exanimem,
1133 1758 1199 1801 curn
1221 1741 1337 1818 sculpra
1359 1740 1421 1799 Soli
1454 1748 1484 1799 et
1511 1739 1596 1798 caela

244 1834 274 1886 et
297 1827 436 1886 dolabrae
460 1827 555 1885 desint
578 1835 608 1887 et
630 1830 729 1887 omnia
750 1830 943 1892 instrumenta
965 1842 1113 1901 corporea.
1161 1827 1277 1902 Quanto
1304 1827 1473 1903 vigilantior
1494 1827 1596 1902 philo·

246 1915 345 1990 sophis
373 1914 571 1999 biscepoiita
593 1915 752 1991 Virgilius,
774 1923 885 1991 quanto
913 1923 943 1971 et
971 1915 1151 1988 sapientior?
1182 1920 1232 1991 qui
1260 1935 1297 1975 ne
1325 1915 1434 1993 pluviis
1465 1914 1594 1990 quidem,

246 2019 321 2078 quae
344 2010 413 2060 sunt
435 2009 532 2061 tamen
557 2010 585 2061 ct
607 2004 690 2078 ipsae
712 2020 781 2077 pars
803 2004 952 2073 materiae,
976 2004 1158 2061 transscribit
1182 2006 1288 2076 omnia,
1312 2003 1363 2063 sed
1382 2002 1489 2061 Terrae
1513 2005 1595 2059 sinus

247 2097 397 2165 comparat
417 2093 532 2166 premio
554 2092 690 2165 conjugia
721 2098 750 2149 et
773 2090 889 2165 quidem
912 2090 1023 2159 laetae,
1056 2089 1112 2147 hoc
1141 2098 1185 2148 est
1214 2093 1414 2167 percipientis,
1445 2080 1516 2165 quid
1538 2090 1595 2162 sibi

247 2177 312 2249 liet,
343 2195 407 2235 cum
432 2177 583 2254 voluptate
613 2186 752 2250 motuque
776 2177 880 2236 idoneo
913 2176 1048 2234 maritum
1077 2177 1259 2253 adjuvantis,
1289 2196 1364 2254 quae
1388 2180 1486 2236 omnia
1513 2180 1595 2237 vitae

248 2273 316 2323 sunt
339 2264 447 2324 indicia
470 2268 655 2341 animamque
678 2273 847 2340 supponunt
869 2267 898 2321 in
922 2280 1041 2339 corpore
1064 2268 1195 2340 patienti.
1241 2267 1302 2326 Nee
1319 2268 1395 2324 enim
1409 2264 1493 2324 facile
1509 2265 1597 2323 tuerit

248 2351 327 2424 Soli,
348 2350 490 2412 militibus
514 2352 626 2411 idoneis
650 2351 804 2420 destitute,
836 2352 974 2410 invadere
1002 2367 1098 2409 arcem
1120 2353 1195 2412 banc
1219 2356 1361 2412 viscerum
1387 2354 1508 2422 Terrae,
1539 2353 1596 2410 nisi

249 2449 406 2499 concurrat
429 2444 527 2499 anima
550 2440 772 2516 qualiscunque,
795 2439 901 2499 sedena
924 2441 1012 2509 intus,
1035 2456 1100 2497 cum
1115 2441 1198 2500 hoste
1215 2441 1364 2500 colludens
1389 2443 1474 2515 eique
1496 2446 1598 2516 portas

140 2559 146 2568 ·
250 2529 394 2604 aperiens
441 2527 559 2594 Videas,
583 2526 715 2587 laborare
738 2526 826 2602 hujus
849 2526 1090 2586 considerationis
1106 2528 1240 2602 neglectu
1264 2547 1317 2590 ceu
1332 2537 1451 2588 veterno
1467 2527 1598 2602 quodam

250 2614 415 2691 plerosque,
439 2614 560 2691 quirel
582 2616 732 2673 minimum
763 2614 941 2689 astrologiae
964 2615 1110 2691 tribuunt,
1139 2615 1214 2674 adeo
1237 2615 1368 2693 quidem,
1401 2624 1433 2674 ut
1456 2632 1600 2675 enm‘ex·

249 2706 338 2763 orirer
360 2720 432 2777 ego,
464 2705 514 2779 qui
544 2702 663 2762 modum
694 2701 941 2774 demonstrabam,
975 2718 1033 2777 quo
1064 2710 1234 2777 sequeretur
1263 2722 1299 2762 ex
1322 2712 1443 2780 aspectu
1474 2704 1598 2762 mutatio

249 2798 474 2866 tempestatum,
504 2793 641 2848 existeret
663 2792 708 2847 vir
730 2791 856 2861 celeber,
887 2791 937 2864 qui
961 2796 1061 2847 utine
1085 2792 1222 2849 refutaret
1249 2810 1356 2867 magua
1379 2791 1599 2850 asseveratione

250 2878 457 2950 contendebat,
488 2877 654 2957 pluviarum
677 2880 827 2936 materiam
851 2875 945 2952 (quod
961 2893 1056 2951 ‚supra
1077 2877 1127 2935 iol.
1152 2880 1214 2936 235
1237 2882 1265 2936 in
1290 2880 1379 2954 vulgo
1409 2882 1496 2937 etiam
1519 2877 1600 2936 ride-

249 2965 366 3041 bamus)
389 2964 545 3025 coelestem
568 2982 648 3037 esse,
671 2982 766 3040 neque
789 2972 895 3036 tamen,
919 2981 956 3020 ne
979 2966 1021 3021 sic
1044 2966 1170 3039 quidem,
1197 2965 1330 3039 docebat,
1354 2983 1413 3043 quo
1435 2966 1599 3042 pacto'fiat,

250 3061 282 3111 ut
305 3070 370 3111 cum
400 3070 514 3128 semper
542 3055 572 3110 in
594 3053 685 3111 Terra
713 3058 817 3111 coeant
847 3051 1030 3127 planetarum
1053 3052 1141 3125 radii,
1172 3054 1291 3129 pluviae
1321 3063 1391 3113 tune
1415 3056 1513 3129 potins
1546 3053 1599 3112 de·

250 3141 357 3210 cidaut,
380 3142 405 3199 si
428 3141 501 3199 radii
526 3142 657 3199 binorum
672 3141 856 3215 planetarum
871 3140 979 3196 saciant
995 3138 1133 3213 angulum
1151 3140 1216 3212 60⁰,
1240 3159 1326 3217 quam
1350 3143 1372 3199 si
1391 3138 1447 3199 59⁰
1464 3130 1516 3199 ait
1534 3136 1600 3199 61⁰.

338 3228 400 3302 Ego
430 3246 499 3287 vero
531 3236 599 3287 ante
628 3230 725 3287 omnia
752 3227 801 3287 Jo.
826 3228 888 3285 Pici
912 3225 1096 3286 Mirandulae
1121 3227 1242 3287 Comitis
1270 3231 1360 3288 libros
1383 3228 1469 3285 XIV.
1499 3236 1603 3285 contra

249 3314 446 3391 astrologiamv
460 3316 531 3374 mibi
554 3314 693 3392 legendos
719 3318 818 3376 censui
840 3316 1037 3388 rationesque,
1061 3333 1134 3389 quas
1155 3318 1181 3374 is
1205 3318 1309 3392 cuique
1326 3319 1413 3392 capiti
1430 3323 1600 3392 opponeret,

251 3402 455 3478 excutiendam
479 3421 536 3478 qua
558 3421 588 3462 re
611 3405 736 3474 tactum,
768 3412 881 3461 utnon
904 3409 1018 3458 tanturn
1042 3403 1223 3466 confirmarer
1245 3408 1274 3462 in
1298 3404 1483 3462 damnatione
1507 3403 1602 3479 pluri-

250 3509 362 3549 marum
385 3494 632 3566 superstitionum,
655 3490 707 3549 sed
731 3493 818 3549 etiam
841 3492 870 3545 in
894 3489 1069 3563 quibusdam
1092 3508 1171 3549 nova
1194 3491 1266 3550 mihi
1287 3491 1337 3548 lux
1362 3493 1497 3563 oriretur,
1531 3490 1602 3548 dum

251 3579 311 3635 vim
334 3579 531 3654 objectionum
565 3581 674 3654 ingenii
698 3582 882 3636 contentione
915 3574 1075 3634 discutiens
1113 3595 1173 3637 rem
1195 3582 1289 3655 ipsam
1312 3582 1437 3656 penitius
1460 3580 1603 3653 introspi-

252 3666 373 3768 coiebam.
419 3667 555 3740 Denique
578 3667 646 3725 iecit
668 3665 740 3724 liber
764 3665 812 3724 ille
835 3663 988 3724 refutando
1012 3665 1160 3737 nonnulla,
1185 3674 1217 3723 nt
1232 3669 1268 3724 iis
1291 3685 1346 3743 ego
1370 3666 1455 3724 fidem
1477 3665 1604 3724 adbibe-

251 3770 330 3831 rem,
362 3755 578 3828 quibusantea
598 3761 630 3812 ut
653 3752 738 3812 fidem
762 3753 940 3828 derogarem,
965 3751 1106 3827 astrologi
1132 3753 1314 3813 defendendo
1345 3755 1507 3813 effecerant.
1554 3753 1604 3811 Sic

251 3841 306 3898 luit
328 3859 393 3899 cum
416 3842 592 3916 aspectibus.
639 3840 712 3899 Cum
735 3845 813 3899 enim
836 3857 871 3898 ex
894 3856 954 3895 une
975 3846 1057 3912 parte
1081 3845 1252 3917 respicerem
1276 3840 1312 3899 ad
1336 3842 1603 3900 constantissimam

252 3931 477 4003 experientiam.
501 3946 559 3986 nou
584 3927 700 4002 quidem
724 3930 860 4001 nivibus,
884 3933 936 3983 aut
960 3928 1069 3998 ventis,
1095 3939 1146 3987 aut
1172 3930 1337 3987 tonitrubus
1359 3929 1501 4003 aliisque,
1526 3946 1605 4003 quae

252 4015 420 4091 praedicere
444 4016 540 4074 solent
561 4016 716 4089 astrologi,
741 4018 834 4074 sicin
857 4013 955 4089 speeie
978 4012 1112 4094 inhians,
1142 4016 1194 4077 sed
1217 4016 1391 4091 generaliter
1413 4015 1603 4074 animadver-

252 4112 326 4175 tens,
351 4111 458 4161 statum
481 4105 556 4161 atiris
573 4121 748 4179 quocunque
763 4104 850 4161 modo
866 4103 1053 4174 commoveri,
1077 4104 1101 4160 si
1125 4113 1222 4162 essent
1238 4112 1381 4180 aspectus,
1405 4104 1486 4163 verbi
1504 4120 1603 4178 eausa,

252 4194 278 4249 si
301 4199 398 4250 essent
421 4191 568 4265 conjuncti
590 4191 670 4249 Mars
693 4198 723 4248 et
745 4190 870 4267 Jupiter,
895 4190 1054 4262 quiescere,
1078 4192 1102 4247 si
1122 4208 1179 4249 non
1197 4191 1349 4262 essent;*)
1373 4209 1407 4250 ex
1424 4191 1517 4250 altera
1532 4207 1604 4250 vero

253 4285 335 4354 parte
370 4277 606 4336 Mirandulanum
630 4277 776 4352 audirem,
811 4282 1012 4353 quaerentem:
1046 4293 1136 4351 quare
1170 4282 1268 4356 potius
1294 4279 1406 4350 eredat,
1442 4278 1552 4337 ,lovem
1575 4284 1605 4337 et

254 4366 393 4436 Martem,
418 4382 483 4423 cum
502 4365 642 4425 videntur
664 4367 751 4423 simul
774 4383 846 4430 ease,
869 4363 982 4436 majora
1005 4363 1114 4436 secere,
1149 4386 1235 4441 qnam
1266 4384 1330 4423 cum
1354 4377 1421 4424 sunt
1450 4364 1605 4440 separati?

255 4455 363 4529 quippe
387 4453 590 4527 conjunctione
615 4470 672 4511 uon
691 4456 795 4528 'augeri
819 4453 944 4521 lumina,
976 4459 1116 4524 quantum
1141 4457 1217 4513 enlm
1246 4454 1437 4529 possederant
1466 4456 1605 4528 separati,

255 4549 367 4599 tantum
392 4543 491 4599 atlerre
514 4543 543 4598 in
568 4558 766 4616 congressum,
792 4540 895 4617 quodsi
921 4537 1102 4596 diversarum
1123 4542 1297 4617 qualitatum
1325 4542 1461 4617 planetae
1485 4542 1605 4612 coirent,

256 4628 347 4687 videri
371 4629 494 4687 alterum
517 4630 555 4686 ab
578 4629 670 4687 altero
693 4632 790 4706 potius
815 4626 963 4702 impediri,
988 4624 1035 4683 hic
1059 4628 1175 4700 inquam
1193 4646 1248 4704 ego
1271 4633 1488 4705 responsionem
1512 4645 1607 4702 quae-

256 4734 337 4788 reus,
369 4723 402 4774 ut
423 4725 559 4791 aspectus
582 4724 690 4788 tuerer,
724 4718 760 4774 ad
784 4733 858 4791 quos
881 4722 1012 4771 meteora
1035 4719 1116 4789 sequi
1136 4713 1294 4788 lidebam,
1332 4720 1456 4792 primum
1479 4714 1546 4773 illos
1575 4724 1608 4774 ut

256 4821 383 4876 causam,
408 4803 512 4862 dende
535 4804 607 4862 haec
630 4813 663 4861 ut
685 4805 818 4863 effectum
836 4802 1004 4877 diligentius
1020 4804 1202 4863 considerare
1224 4805 1317 4879 coepi.
1364 4805 1511 4879 Aspeetus
1528 4805 1607 4860 enim

257 4894 358 4963 torma,
382 4908 459 4965 quae
482 4909 518 4949 ex
534 4891 761 4966 configuratione
785 4891 832 4950 vel
850 4886 1039 4963 angulatione
1055 4894 1220 4962 promiscua
1237 4901 1385 4967 aspectum
1408 4892 1485 4962 facit,
1510 4908 1608 4966 quan·

257 4982 326 5038 titas
349 4978 526 5053 qualitativa
549 4988 624 5049 erat,
654 4982 712 5038 imo
741 4979 844 5038 relatio
868 4977 970 5034 talium
995 4980 1189 5048 quantitatum
1221 4988 1298 5051 erat,
1331 4997 1382 5037 ens
1411 4995 1450 5039 sc.
1475 4980 1607 5037 rationis.

257 5064 297 5126 Ut
319 5068 408 5142 igitur
431 5076 627 5125 commoveret
650 5071 754 5139 a‘c'rem,
780 5067 948 5142 oportebat,
983 5071 1015 5117 ut
1038 5068 1178 5124 rationem
1213 5067 1341 5140 aliquam
1359 5070 1443 5143 prius
1465 5072 1607 5138 moveret,

258 5171 333 5229 quae
356 5154 404 5211 vol
428 5157 533 5226 adrem,
557 5154 657 5227 velid,
682 5172 739 5230 quo
763 5157 788 5211 is
812 5154 953 5219 turbatur,
977 5150 1005 5202 in
1022 5159 1168 5223 potestate
1184 5153 1283 5213 babet.
1330 5153 1422 5213 Simul
1446 5153 1483 5210 ob
1506 5153 1608 5224 oculos

258 5243 430 5300 versabatur
454 5244 631 5316 comparatio
655 5249 823 5318 aspectuum
847 5257 912 5297 cum
934 5237 1149 5299 concordantiis
1170 5243 1296 5315 musicis,
1321 5241 1523 5299 aPtolemaeo
1547 5248 1610 5299 tra-

258 5329 332 5399 dita,
362 5308 539 5388 acardano‘
571 5329 731 5404 explicato,
765 5348 783 5385 a
805 5321 1011 5385 Mirandulauo
1034 5344 1104 5385 vero
1132 5330 1217 5386 nimis
1240 5338 1348 5387 temere
1376 5328 1514 5404 explosa,
1549 5345 1609 5403 qua
1634 5317 1668 5376 Ψ

259 5419 396 5495 analogia
424 5417 579 5493 plurimum
610 5437 672 5475 sum
700 5419 819 5493 adjutus
857 5419 885 5473 in
915 5428 1068 5473 causarum
1101 5416 1300 5493 indagatione.
1352 5418 1425 5476 Nem
1457 5414 1607 5491 pleraque,

336 5614 359 5663 l)
373 5614 433 5655 cave
452 5614 626 5660 ambiguitatem.
656 5612 690 5651 Ad
709 5611 804 5652 effeetus
824 5612 933 5651 meteoroa
955 5612 1090 5658 generaliter
1110 5611 1246 5647 concurrunt
1267 5612 1373 5657 aspectus
1395 5608 1453 5646 inter
1467 5615 1560 5655 caussas
1585 5608 1610 5647 at

258 5665 354 5715 anquam
369 5669 457 5718 longam
471 5670 557 5716 partem
576 5668 628 5705 aunt
652 5666 748 5715 eiusque,
760 5664 890 5713 qualitatem
904 5665 1031 5718 continuam
1052 5667 1075 5702 et
1089 5663 1215 5708 generalem
1236 5664 1343 5712 aspectus
1358 5660 1482 5709 quotidiani
1496 5669 1540 5698 non
1555 5669 1607 5701 eeu·

259 5722 351 5769 maur,
366 5720 407 5762 aad
421 5721 492 5770 aaut
503 5721 528 5760 la
542 5718 591 5761 dies
604 5720 691 5758 uatum
706 5716 821 5765 singulos,
834 5716 858 5754 iu
873 5725 929 5766 quos
943 5715 1052 5755 tundunt.
1080 5713 1216 5757 varietates
