3684 7259
244 1155 313 1252 800v
634 1188 676 1241 lle
693 1186 813 1244 hictibus
831 1152 1004 1244 Planetamrn
1021 1186 1199 1243 Harmonicis.

243 1368 304 1443 pite
331 1368 379 1426 16.
402 1368 596 1444 proprietates
617 1366 706 1427 basso
728 1368 830 1428 tribuit
853 1385 923 1429 usus
946 1368 1135 1445 vindicatque
1159 1371 1281 1439 natura,
1306 1365 1424 1430 easdem
1447 1366 1595 1443 quodam·

243 1453 331 1512 modo
353 1452 496 1514 Saturnus
519 1461 548 1515 et
569 1454 686 1532 Jupiter
708 1456 839 1516 obtinent
862 1459 890 1514 in
914 1457 1006 1530 coelo,
1030 1474 1103 1532 quas
1127 1456 1233 1524 tenori,
1257 1472 1310 1513 nos
1333 1458 1361 1512 in
1385 1455 1481 1514 Marte
1504 1457 1591 1512 inve-

244 1544 356 1614 nimus,
389 1559 464 1618 quas
486 1542 564 1621 alto,
594 1561 646 1603 eae
669 1546 768 1602 insunt
790 1547 819 1601 ln
843 1544 961 1605 Tellure
984 1552 1014 1605 et
1035 1544 1165 1615 Venere,
1200 1559 1275 1617 quas
1297 1541 1446 1615 discanto,
1477 1541 1595 1602 easdem

244 1630 335 1689 habet
355 1628 527 1702 Mercurius,
559 1632 663 1690 sinon
687 1631 867 1708 aequalitate
891 1630 1117 1704 intervallorum,
1142 1639 1173 1689 at
1196 1638 1272 1689 certe
1295 1632 1491 1706 proportione.
1537 1627 1596 1689 Ut·

246 1733 361 1792 eunque
384 1720 461 1776 enim
484 1720 608 1795 propriis
631 1736 666 1777 ex
690 1721 788 1778 causis
811 1722 907 1797 capite
930 1715 1066 1795 sequenti
1089 1717 1270 1777 deducantur
1293 1717 1435 1793 cujusque
1458 1717 1596 1795 planetae

246 1806 475 1865 eccentrieitates
503 1811 533 1864 et
562 1822 614 1883 per
643 1823 694 1865 eas
722 1808 838 1883 propria
868 1806 1011 1883 cujusque
1034 1814 1165 1866 motuum
1189 1802 1358 1879 intervalla,
1393 1805 1464 1864 illud
1497 1813 1596 1864 tamen

244 1890 312 1952 inda
335 1890 458 1952 resultat
479 1892 659 1966 admirabile,
682 1911 737 1953 nec
758 1896 820 1953 scio
843 1912 880 1953 an
902 1912 963 1954 non
981 1895 1068 1971 juxta
1089 1900 1274 1971 procuratum
1289 1908 1344 1951 noc
1365 1911 1442 1951 mere
1465 1894 1597 1952 necessi·

245 1986 338 2040 tatum
360 1987 632 2057 temperamentum,
662 1980 741 2058 quod
766 1977 801 2063 1)
824 1990 857 2040 ut
879 1980 939 2041 alto
961 1980 1066 2041 bassus
1094 1981 1265 2058 opponitur,
1300 1982 1343 2039 sic
1372 1979 1428 2038 duo
1459 1980 1597 2056 planetae

246 2074 323 2141 sunt,
347 2069 396 2143 qui
419 2068 471 2128 alti
493 2076 626 2127 naturam
649 2067 768 2142 habent,
793 2069 850 2128 dno
874 2070 925 2145 qui
947 2070 1036 2141 hassi,
1062 2070 1144 2128 velut
1164 2072 1194 2125 in
1210 2067 1342 2144 quolibet
1364 2085 1468 2143 genere
1492 2076 1596 2127 cantus

246 2157 381 2231 utrinque
404 2173 489 2228 unus,
513 2164 672 2215 ceterarum
695 2157 876 2232 singularum
892 2173 999 2216 vocum
1018 2157 1143 2233 singuli;
1167 2154 1304 2232 quodque
1321 2151 1352 2234 2)
1368 2163 1399 2215 ut
1422 2155 1499 2214 altus
1522 2172 1596 2232 peno

246 2261 399 2320 supremus
421 2245 451 2301 in
474 2246 616 2320 angustiis
639 2251 691 2316 est,
715 2246 888 2304 necessariis
921 2251 950 2304 et
981 2244 1163 2304 naturalibus
1186 2244 1222 2302 de
1245 2245 1356 2315 causis,
1388 2242 1440 2301 lib.
1463 2242 1519 2303 111.
1543 2260 1597 2302 ex-

246 2331 371 2409 plicatis,
395 2333 437 2390 sic
459 2349 534 2407 pene
555 2332 647 2390 intimi
671 2330 823 2408 planetae,
850 2332 942 2391 Terra
965 2339 994 2391 et
1016 2331 1132 2405 Venus,
1156 2332 1363 2407 angustissima
1386 2338 1519 2389 motuum
1541 2330 1598 2390 ha·

248 2420 318 2478 bent
341 2418 511 2493 intervalla,
544 2416 647 2478 Tellus
668 2435 727 2478 non
751 2418 842 2478 multo
875 2418 942 2495 plus
965 2420 1136 2492 semitonio,
1165 2419 1266 2478 Venus
1288 2436 1325 2476 ne
1349 2418 1440 2477 diesin
1464 2418 1597 2493 quidem3

248 2502 284 2588 3)
309 2512 337 2565 et
360 2514 393 2564 ut
415 2513 498 2566 tenor
520 2506 592 2566 liber
615 2514 668 2572 est,
691 2507 823 2567 modesta
847 2513 945 2566 tamen
969 2508 1093 2580 incedit,
1116 2509 1158 2565 sie
1181 2506 1268 2578 Mars,
1294 2523 1351 2562 uno
1375 2505 1520 2563 Mercurio
1546 2524 1598 2563 ex·

248 2602 342 2670 cepto,
366 2597 523 2652 maximum
547 2593 743 2667 intervallum,
767 2593 879 2653 scilieet
902 2594 1048 2672 diapente,
1072 2597 1165 2654 facere
1188 2600 1303 2670 potest,
1328 2589 1362 2672 4)
1387 2601 1415 2651 et
1439 2601 1471 2650 ut
1493 2594 1598 2651 bassus

249 2681 433 2740 harmonicas
456 2680 549 2740 saltus
572 2681 650 2754 iacit,
674 2684 716 2741 aie
739 2682 883 2742 Saturnus
906 2691 936 2742 et
958 2681 1075 2759 Jupiter
1097 2681 1252 2740 intervalla
1276 2680 1600 2741 obtinentharmonica

248 2770 363 2844 ipsiquo
387 2771 462 2828 inter
483 2788 515 2829 se
538 2786 556 2828 a
578 2768 720 2846 diapason
743 2786 836 2845 usque
859 2769 898 2829 ad
920 2770 1057 2846 diapente
1081 2767 1269 2845 epidiapeson
1294 2770 1430 2840 veniunt;
1463 2766 1492 2845 5)
1517 2776 1545 2826 et
1569 2776 1619 2846 ut¹

249 2856 397 2914 discantur
420 2856 585 2935 liberrimus
608 2863 663 2934 est,
685 2857 752 2933 plus
775 2874 863 2933 quarn
887 2875 988 2917 omnes
1010 2858 1125 2933 reliqui,
1148 2857 1283 2933 idemque
1307 2862 1336 2913 et
1358 2854 1534 2928 celerrimus,
1559 2857 1601 2913 sic

250 2945 337 3003 etiam
366 2943 528 3003 Mercurius
557 2944 714 3019 plusquam
746 2944 889 3021 diapason
926 2946 1099 3005 brevissimo
1132 2944 1226 3003 reditu
1255 2942 1459 3020 perambulare
1491 2951 1599 3020 potest,

249 3030 309 3090 Sed
331 3032 370 3091 sit
391 3030 449 3091 hoc
470 3033 541 3092 sane
564 3048 615 3109 per
637 3031 789 3107 accidens3
808 3029 963 3092 audiamus
987 3051 1064 3093 nunc
1086 3033 1333 3092 eccentrieitatum
1356 3048 1470 3090 causas.

818 3266 960 3341 CAPUT
986 3266 1039 3338 lx.

283 3409 400 3466 Ortus
419 3412 767 3468 eccentrieitatum
784 3412 819 3467 in
838 3413 1014 3483 planetis
1033 3412 1204 3481 singulis
1223 3428 1265 3467 cx
1283 3410 1571 3481 procuratione

575 3499 1282 3556 harmoniarum-intercorummotus.

244 3699 252 3707 .
339 3640 525 3725 (lamigitnr
548 3644 708 3719 rideamus,
733 3646 899 3706 harmonias
914 3646 1096 3706 universales
1110 3647 1238 3705 omnium
1261 3661 1313 3702 sex
1335 3642 1519 3720 planetarum
1543 3662 1603 3704 non

252 3735 361 3790 temere
383 3748 471 3808 posse
493 3734 622 3813 evenire,
644 3735 813 3812 praesertim
827 3752 880 3810 per
894 3738 1092 3794 extremitates
1107 3740 1247 3801 motuum,
1270 3749 1343 3807 quas
1359 3732 1485 3790 vidimus
1502 3748 1604 3792 omnes

253 3833 423 3880 concurrere
446 3819 485 3879 ad
507 3821 689 3881 universales
712 3821 888 3895 harmonias,
912 3825 1041 3900 exceptis
1065 3821 1187 3894 duabus,
1212 3836 1287 3896 quae
1303 3818 1342 3877 ad
1364 3822 1511 3896 proximas
1535 3822 1604 3878 uni-

252 3905 417 3966 versalibus
439 3909 665 3983 concurrebant,
697 3925 762 3967 cum
785 3909 878 3969 multo
901 3910 997 3969 minua
1020 3917 1127 3969 temere
1158 3909 1251 3985 possit
1273 3906 1419 3979 accidere,
1448 3915 1482 3965 nt
1505 3909 1605 3967 omnla

250 3993 319 4053 loca
341 3997 509 4071 systematis
533 3999 855 4070 octavae,.constituta
877 3996 953 4057 libro
976 3999 1061 4057 tertio
1084 4014 1136 4073 per
1158 3997 1301 4055 sectiones
1324 3993 1517 4067 harmonicas,
1541 3998 1606 4071 sig-

251 4087 358 4141 nentur
380 4085 613 4143 extremitatibus
636 4091 766 4144 motuum
789 4083 1032 4159 planetariorum,
1057 4086 1185 4144 omnium
1206 4098 1277 4141 vero
1300 4083 1427 4154 minime,
1450 4087 1484 4140 ut
1507 4083 1605 4143 subti-

253 4171 395 4227 lissimum
418 4173 569 4246 negotium
592 4172 786 4232 distinctionis
809 4171 1025 4241 harmoniarum
1048 4173 1217 4232 coelestium
1233 4172 1261 4226 in
1279 4168 1337 4228 duo
1361 4186 1476 4241 genera,
1501 4169 1605 4228 durum

254 4263 283 4316 et
306 4256 401 4329 molle,
426 4276 496 4317 casu
519 4262 680 4336 proveniat,
704 4262 766 4318 sine
789 4276 858 4317 cura
880 4260 1022 4338 singulari
1047 4260 1175 4337 opificis:
1197 4260 1328 4333 sequitur
1352 4260 1439 4333 igitur
1463 4266 1495 4316 ut
1512 4258 1605 4317 Crea-

252 4352 306 4417 tor,
329 4346 492 4420 sapientiae
516 4348 609 4405 omnis
632 4347 706 4421 lons,
729 4347 907 4423 approbator
930 4347 1228 4425 ordinisperpetnus,
1252 4346 1398 4420 scaturigo
1422 4348 1603 4419 geometriae

252 4440 281 4492 et
303 4432 485 4493 harmonicen
508 4442 627 4494 aeterna
650 4442 679 4496 et
701 4436 967 4511 superessentialis,
999 4445 1031 4495 ut
1052 4436 1114 4508 hic,
1148 4436 1277 4508 inquam,
1301 4432 1471 4491 coelestium
1496 4431 1604 4509 Opilex

251 4521 415 4596 ipsissimus
438 4520 621 4583 harmonicas
643 4524 854 4600 proportiones,
878 4532 958 4583 ortas
981 4541 1016 4583 ex
1039 4523 1140 4598 liguris
1163 4521 1257 4598 planis
1278 4518 1470 4594 regularibus,
1494 4519 1604 4595 adjun-

252 4609 325 4667 xerit
347 4608 386 4667 ad
408 4607 518 4669 solidas
541 4612 670 4686 quinqua
692 4610 799 4686 figuras
822 4610 972 4687 regulares
996 4629 1090 4685 exque
1115 4617 1235 4684 utraque
1259 4606 1351 4666 classe
1376 4624 1469 4665 unum
1487 4609 1604 4684 perlec-

251 4696 395 4755 tissimum
418 4696 607 4773 archetypum
623 4698 769 4757 coelorum
785 4701 1018 4772 conformaverit,
1042 4703 1070 4757 in
1088 4714 1158 4775 quo,
1180 4699 1255 4755 sicut
1277 4712 1328 4770 pcr
1346 4694 1456 4754 solidas
1472 4697 1604 4771 quinque

251 4783 376 4858 figuras,
405 4783 489 4844 ideae
512 4785 673 4845 relucerent
696 4787 828 4855 orbium,
855 4788 962 4860 quibus
986 4804 1037 4846 sex
1060 4785 1163 4846 stellae
1186 4783 1350 4854 vehuntur,
1374 4785 1417 4841 sic
1439 4784 1529 4841 etiam
1553 4801 1605 4859 per

250 4870 404 4948 planamm
426 4872 583 4947 figurarum
605 4873 733 4947 soboles,
757 4874 924 4933 harmonias
946 4871 1037 4956 (libro
1061 4876 1146 4932 tertio
1163 4890 1199 4931 ex
1215 4873 1250 4929 iis
1274 4867 1436 4943 deductas),
1459 4872 1604 4930 eccentri-

252 4959 373 5017 eitatum
390 4961 425 5016 in
448 4960 572 5034 singulis
594 4962 715 5021 orbibus
736 4978 890 5021 mensurae
912 4961 951 5021 ad
965 4969 1061 5019 motus
1077 4976 1230 5036 corporum
1251 4956 1517 5036 proportiooandos
1533 4974 1606 5017 con-

252 5048 421 5120 tinerentur,
445 5065 540 5121 exque
562 5048 608 5108 his
631 5049 746 5108 duabus
761 5051 848 5108 rebus
864 5050 1092 5125 contemperatio
1108 5065 1167 5117 nna
1182 5046 1265 5106 fieret
1287 5054 1316 5105 et
1339 5046 1464 5122 majores
1488 5047 1604 5105 orbium

251 5136 454 5211 proportiones
483 5138 643 5196 minoribus
666 5137 927 5208 eccentrieitatum,
952 5136 989 5195 ad
1012 5135 1179 5194 harmonias
1201 5133 1399 5209 procurandas
1421 5136 1606 5193 necessaria-

252 5237 324 5292 rum,
348 5222 482 5282 nonnihil
506 5224 711 5297 concederent,
734 5232 764 5283 et
787 5226 916 5284 vicissim
940 5241 975 5283 ex
998 5223 1236 5301 proportionibus
1258 5221 1434 5281 harmonicis
1456 5220 1526 5280 illae
1549 5239 1605 5300 po-

252 5309 397 5369 tissimum
419 5311 546 5387 planetis
568 5311 871 5382 accommodarentur,
902 5329 978 5386 quae
1006 5329 1071 5371 cum
1100 5310 1196 5370 solida
1230 5327 1348 5384 quaque
1374 5310 1470 5384 figura
1493 5326 1606 5383 cogna-

177 5405 179 5407 ’
253 5397 362 5455 tionem
384 5398 525 5474 majorem
547 5398 703 5472 haberant,
735 5417 793 5476 qua
817 5399 846 5457 id
870 5417 921 5477 per
944 5400 1109 5459 harmonias
1132 5397 1192 5457 lieri
1226 5399 1337 5474 potuit3
1369 5413 1463 5472 eaque
1487 5396 1605 5457 tandem

253 5484 366 5543 rationo
389 5491 419 5544 et
440 5488 644 5563 proportiones
660 5488 773 5547 orbium
790 5496 819 5546 et
841 5485 1022 5563 singulorum
1039 5488 1269 5547 eccentrieitates
1283 5502 1320 5544 ex
1342 5485 1501 5562 archetypo
1518 5484 1605 5544 simul

254 5578 466 5643 educerentur,
490 5590 526 5632 ex
548 5575 662 5635 orbium
684 5592 754 5635 vero
776 5573 969 5652 amplitudine
984 5584 1014 5635 et
1027 5573 1105 5635 mole
1128 5590 1280 5653 corporum
1303 5569 1451 5659 periodica
1473 5577 1606 5653 tempora

253 5657 435 5736 singulm
455 5661 638 5722 rssnltsrsnt-
651 5648 664 5694 ·'
