3684 7259
251 1239 272 1296 4
829 1232 998 1290 Prooemium

250 1429 355 1471 munus
374 1413 403 1469 in
418 1413 569 1488 gymnasio
587 1410 745 1472 Grastiano
761 1411 834 1471 adiit
847 1412 992 1488 Keplerus
1012 1408 1140 1494 (1594),
1163 1420 1251 1472 antea
1272 1413 1436 1472 universam
1458 1420 1589 1471 veterum

250 1498 465 1575 philosophiam
496 1498 575 1557 haud
605 1506 682 1558 certo
713 1499 833 1559 consilio
863 1499 1044 1576 complexus,
1077 1500 1174 1559 studia
1207 1518 1261 1559 sua
1292 1499 1330 1560 ad
1364 1509 1472 1559 certum
1503 1498 1589 1557 finem

251 1586 362 1646 direxit.
392 1585 550 1661 Regularia
564 1585 749 1663 Pythagorae
772 1604 893 1664 corpora
915 1587 983 1661 alie,
1007 1605 1094 1663 quam
1116 1588 1153 1646 ab
1177 1587 1233 1647 hoc
1254 1587 1363 1646 lactum
1385 1596 1455 1661 erat,
1478 1588 1589 1645 ratione

250 1691 315 1733 cum
331 1674 512 1750 planetarum
527 1675 652 1732 motibus
668 1676 841 1752 conjungere
857 1674 1001 1748 studebat,
1018 1674 1286 1752 Pythagoraeorum
1302 1673 1451 1753 symbolos
1463 1676 1589 1733 retinens

251 1778 406 1837 eorumque
429 1763 567 1839 mysticos
589 1778 723 1821 numeros
745 1762 824 1821 haud
846 1764 887 1821 ita
908 1764 992 1838 parvi
1013 1761 1151 1837 pendens.
1199 1762 1266 1837 „Ad
1295 1779 1477 1822 numerorum
1506 1779 1589 1821 men-

250 1866 356 1921 suram,
380 1852 482 1924 inquit,
506 1847 638 1907 conditus
661 1856 705 1908 est
727 1850 860 1923 mundus,
883 1866 952 1925 ergo
975 1849 1012 1908 ad
1036 1852 1228 1925 quantitatum
1251 1866 1430 1925 mensuram3
1460 1851 1489 1907 in
1511 1849 1590 1908 linea

250 1953 319 1995 vero
343 1935 440 1996 nullus
462 1946 506 1994 est
527 1953 663 1995 numerus
686 1954 739 1995 nec
762 1940 791 1995 in
813 1936 973 2012 superficie,
996 1937 1047 1996 sed
1066 1936 1192 1996 infinitas
1208 1970 1249 1982 —
1265 1939 1352 2013 igitur
1367 1940 1395 1995 in
1412 1936 1590 2013 corporibus.

249 2023 311 2082 Nec
338 2041 407 2083 vero
437 2031 576 2099 superant
602 2041 751 2083 numerum
775 2026 793 2081 6
821 2025 878 2082 ista
908 2041 1041 2100 corpora,
1073 2024 1110 2083 ad
1137 2024 1237 2083 mundi
1260 2027 1500 2085 constructionem
1522 2040 1590 2099 per·

250 2113 385 2183 tinentia,
419 2111 529 2170 scilicet
556 2111 662 2188 globus
692 2113 754 2170 sive
774 2112 880 2186 ,potius
909 2113 1091 2188 sphaericum
1122 2129 1297 2186 concavum,
1332 2112 1402 2171 eth
1430 2111 1586 2171 rectilinea.

250 2196 439 2273 Sphaerieum
461 2197 563 2258 ultimo
580 2199 661 2257 coelo
681 2197 808 2272 debetur,
833 2216 899 2257 nam
915 2198 1022 2275 duplex
1038 2207 1082 2258 est
1097 2198 1229 2273 mundus,
1252 2200 1368 2258 mobilis
1384 2208 1413 2260 et
1428 2202 1588 2275 quiescens,

251 2285 299 2345 ille
322 2285 359 2344 ad
382 2287 537 2361 imaginem
560 2286 625 2358 Dei,
649 2286 792 2360 quatenus
814 2296 906 2361 creat,
936 2287 983 2345 hic
1006 2286 1043 2345 ad
1066 2289 1221 2363 imaginem
1245 2290 1388 2347 essentiae
1410 2286 1537 2346 Divinae
1560 2288 1588 2342 in

249 2390 281 2431 se
305 2373 511 2433 consideratae.
558 2372 686 2431 Currum
708 2373 781 2446 Deo,
813 2382 923 2433 rectum
954 2382 1100 2433 creaturae
1129 2381 1320 2450 comparatur.
1365 2374 1400 2432 In
1429 2374 1517 2450 globo
1546 2380 1590 2431 est

249 2462 377 2519 trinitas:
401 2460 590 2536 sphaericum,
614 2469 752 2534 centrum,
775 2463 937 2537 capacites3
961 2463 1002 2520 sic
1017 2464 1046 2519 in
1061 2461 1168 2520 mundo
1185 2464 1283 2537 quieto
1297 2461 1382 2535 fixae,
1405 2461 1465 2535 Sol,
1489 2460 1591 2520 aethra

248 2548 428 2608 intermedia.
462 2547 590 2606 Mundus
612 2548 728 2607 mobilis
751 2565 786 2606 ex
808 2548 965 2608 rectilineis
988 2548 1162 2623 censendus,
1185 2550 1309 2609 illorum'
1321 2558 1389 2608 sunt
1411 2552 1538 2624 quinque
1561 2556 1590 2607 et

242 2632 274 2692 ‘si
296 2635 347 2694 illa
370 2653 422 2711 pro
446 2636 574 2694 terminis
596 2634 732 2694 habenda
753 2642 833 2710 sunt,
857 2653 914 2694 non
939 2643 1074 2712 poterunt
1096 2636 1193 2713 plures
1215 2655 1260 2697 res
1283 2637 1481 2713 distinguere,
1501 2652 1589 2711 quam

249 2739 312 2781 sex:
340 2741 391 2781 sex
414 2724 501 2798 igitur
522 2723 642 2781 mobilia
664 2721 763 2782 Solem
786 2725 1091 2784 circumambeuntia.“
1142 2723 1227 2782 Hanc
1249 2728 1420 2783 sententiam
1443 2710 1588 2799 quom'odo

248 2809 393 2885 Keplerus
421 2810 622 2886 explicaverit,
654 2809 799 2885 quomodo
828 2813 954 2886 quinque
983 2810 1128 2887 regularia
1156 2828 1277 2888 corpora
1307 2813 1336 2868 in
1363 2812 1497 2888 planetas
1528 2820 1589 2868 tum

248 2898 381 2971 cognitos
405 2897 548 2970 diviserit,
578 2906 732 2957 retractare
754 2897 881 2956 alienum
904 2915 968 2959 esse
990 2899 1028 2959 ab
1051 2897 1194 2959 hocloco
1217 2898 1339 2959 ridetur.
1393 2898 1500 2958 Videre
1522 2897 1590 2956 licet

248 2981 284 3043 de
298 2984 343 3042 his
359 2987 524 3060 primarium
539 2983 660 3060 Kepleri
674 3002 757 3061 opus,
780 2984 1027 3059 Prodromum,
1050 2987 1143 3062 primo
1160 2986 1307 3045 volumine
1328 2986 1420 3064 hujus
1439 2985 1588 3058 editionis3

152 3123 155 3135 .
246 3072 331 3130 nobis
362 3077 433 3131 satis
462 3075 557 3131 visum
586 3072 758 3145 intendisse,
792 3073 938 3148 quomodo
962 3073 1107 3149 Keplerns
1130 3076 1263 3133 notiones
1289 3076 1362 3133 inter
1387 3072 1591 3149 philosophica

246 3158 343 3218 studia
359 3158 511 3236 Tubingee
535 3159 570 3218 de
585 3158 788 3238 Pythagoricis
811 3162 957 3238 mysteriis
980 3169 1136 3237 conceptas
1158 3164 1188 3220 in
1211 3179 1294 3220 usum
1316 3179 1402 3220 suum
1425 3161 1589 3232 contulerit,

247 3254 279 3306 ut
301 3249 400 3306 statim
423 3256 652 3307 astronomorum
675 3250 862 3322 omniumque
884 3248 1034 3307 hominum
1055 3248 1147 3309 literis
1169 3248 1345 3310 eruditorum
1368 3251 1480 3308 animos
1502 3250 1531 3305 in
1557 3265 1589 3306 se

250 3342 438 3394 converteret
482 3335 618 3395 Proxime
648 3342 746 3394 autem
776 3333 832 3394 hoc
860 3334 961 3396 libello
989 3336 1098 3396 lactum
1129 3343 1185 3410 est,
1221 3344 1254 3395 ut
1281 3343 1511 3396 astronomorum
1537 3334 1588 3394 illo

246 3430 375 3498 tempore
399 3421 599 3495 celeberrimo,
632 3421 765 3497 Tychoni
787 3421 893 3499 Brahe,
921 3425 1126 3498 innotesceret,
1157 3425 1207 3499 qui
1238 3441 1305 3484 eum
1332 3425 1413 3485 brevi
1443 3432 1525 3500 post,
1558 3431 1590 3480 nt

242 3509 361 3585 juvenis
394 3512 512 3585 ingenio
543 3512 573 3567 in
607 3527 690 3570 suam
723 3527 783 3569 rem
812 3511 993 3584 abuteretur,
1027 3511 1153 3587 Pragam
1186 3512 1345 3571 arcessivit.
1396 3511 1434 3569 Et
1465 3512 1589 3587 primum

246 3597 363 3672 quidem
383 3596 485 3674 Tycho
508 3596 637 3673 collegae
656 3597 760 3672 juveni
782 3597 941 3671 mandavit,
966 3606 999 3657 ut
1021 3601 1115 3675 ipsum
1137 3597 1237 3658 libello
1261 3598 1466 3657 conscribendo
1489 3605 1588 3656 0011110

244 3683 414 3744 Raimarum
437 3682 542 3743 Ursum
565 3684 739 3774 defenderet.
788 3683 880 3746 Ursus
902 3687 980 3746 euim
1002 3703 1068 3745 cum
1090 3685 1149 3746 alia
1170 3685 1303 3763 Tychoni
1326 3687 1437 3745 crimini
1460 3683 1587 3755 dederat,

247 3778 307 3830 tum
335 3790 427 3830 rerum
459 3773 655 3831 universitatis
684 3774 840 3847 rationem,
871 3771 1005 3851 Tychoni
1031 3773 1198 3849 probatam,
1226 3789 1284 3832 non
1307 3790 1371 3832 esse
1391 3790 1513 3845 novam,
1537 3770 1588 3830 sed

246 3856 367 3918 Graecis
389 3860 537 3919 veteribus
560 3859 658 3918 deberi
680 3862 855 3934 auctoribus,
879 3868 1051 3921 asseruerat
1074 3859 1215 3935 Idemque
1231 3856 1322 3919 Ursus
1345 3876 1424 3920 nova
1446 3858 1588 3934 quaedam

247 3945 284 4005 de
307 3948 507 4005 astronomicis
529 3945 740 4023 hypothesibus
762 3949 909 4024 protessus
932 3954 1002 4021 erat,
1026 3965 1099 4023 quas
1122 3948 1191 4007 dicit
1214 3946 1350 4020 „fictitias
1373 3948 1589 4023 suppositiones

245 4035 420 4109 minimeque
434 4050 518 4093 veras
533 4051 586 4092 seu
601 4035 836 4111 substantiales“,
854 4035 1018 4110 eujusmodi
1032 4034 1209 4111 hypotheses
1224 4035 1459 4109 ,concentricas“
1474 4033 1588 4093 Eudoxi

246 4129 276 4181 et
301 4122 516 4196 „exceuuicas“
540 4121 809 4198 Pythagoraeorum
836 4131 954 4183 anctore
977 4121 1134 4181 Aristotele
1156 4123 1372 4196 nominaverat,
1402 4139 1531 4198 suaeque
1554 4121 1589 4179 de

245 4208 456 4286 hypothesibus
487 4211 649 4268 sententiae
678 4213 936 4270 astronomicarum
967 4208 1174 4287 hypothesium
1203 4209 1367 4283 historiam,
1400 4227 1470 4269 vera
1499 4209 1588 4281 salsis,

246 4308 324 4356 certa
339 4296 480 4355 sabulosis
494 4296 574 4355 nullo
586 4296 697 4371 judicio
714 4301 912 4371 commiscens,
936 4303 1123 4357 adnexuerat.
1161 4296 1269 4357 Contra
1283 4297 1365 4357 illam
1385 4297 1589 4376 hypothesium

247 4383 456 4457 definitionem,
497 4392 597 4443 contra
632 4384 781 4446 historiam
815 4388 857 4445 ita
893 4393 1057 4461 corruptam
1089 4385 1150 4461 jam
1182 4379 1329 4462 Keplerus
1361 4383 1457 4460 prodit
1487 4381 1588 4441 libello

246 4471 387 4530 advorsus
410 4468 515 4541 Ursum
539 4473 715 4548 conscripto,
740 4472 818 4549 quod
840 4479 873 4532 ut
894 4472 1015 4546 iaceret,
1047 4473 1151 4533 studia⁴
1166 4475 1326 4533 novissimo
1349 4480 1476 4546 tempore
1499 4471 1589 4529 inter-

246 4562 336 4618 missa
357 4559 485 4633 recipere
508 4567 628 4618 coaetus
651 4568 712 4619 erat
736 4563 833 4624 (0111.
854 4563 976 4633 21900).
1021 4559 1105 4635 Quae
1123 4561 1191 4620 dum
1213 4562 1329 4636 repetit,
1353 4559 1471 4634 propius
1493 4574 1591 4616 rursus

246 4647 285 4707 ad
308 4664 374 4706 eum
396 4645 538 4705 accedunt
559 4646 758 4724 Pythagorica
780 4648 924 4725 symbola,
947 4649 1067 4721 numeri,
1091 4648 1200 4723 figurae
1223 4655 1252 4706 01
1272 4645 1440 4710 harmoniae
1466 4647 1589 4703 arctius·

247 4751 358 4811 queso
382 4733 561 4809 conjungunt
583 4751 648 4793 cum
671 4737 721 4809 iis,
746 4753 821 4811 quae
845 4736 880 4796 de
903 4754 990 4809 nexu,
1011 4751 1142 4807 numero,
1165 4731 1377 4809 magnitudine,
1401 4730 1539 4791 distantia
1561 4741 1589 4793 et

139 4884 146 4899 ,
246 4830 328 4881 motu
350 4820 530 4898 planetarum
553 4831 649 4883 mente
673 4832 845 4899 conceperat
867 4830 897 4884 et
919 4840 994 4899 quae
1010 4821 1127 4897 quidem
1148 4827 1244 4879 mente
1267 4825 1407 4896 concepta
1428 4822 1507 4895 prius
1525 4820 1588 4895 jam

246 4910 487 4985 pronuntiaturus
510 4910 603 4970 luerat
626 4909 841 4971 conscribendis
861 4909 995 4985 pluribus
1017 4906 1134 4982 libellis,
1157 4923 1231 4983 quos
1247 4906 1346 4970 literis¹
1355 4906 1392 4968 ad
1407 4905 1588 4968 Hernartum

198 5045 204 5062 ,
247 4995 323 5055 datis
347 5000 690 5070 0111110101(011.1.62).
725 5060 727 5064 ,

343 5083 483 5161 Γ1110110110
506 5090 619 5144 mortuo
643 5077 760 5163 (1601)
784 5087 969 5141 asbonomus
992 5081 1184 5142 Caesarianus
1207 5088 1330 5157 creatus,
1354 5098 1419 5141 eum
1441 5080 1589 5159 Tyehonis

247 5187 336 5247 opera
357 5171 457 5231 relicta
479 5188 594 5233 cernere
617 5178 647 5228 et
668 5169 753 5227 edere
771 5168 872 5243 jussus
895 5177 981 5242 esset,
1005 5168 1118 5246 Pragae
1142 5169 1250 5246 degens
1272 5168 1428 5246 impeditus
1450 5177 1503 5242 est,
1532 5186 1589 5244 quo

247 5261 557 5335 minuspropositum,
581 5255 660 5330 quod
683 5253 816 5328 diximus,
839 5255 997 5332 perficeret.
1036 5258 1078 5315 At
1100 5257 1169 5317 dum
1190 5275 1236 5317 res
1259 5275 1278 5317 a
1298 5258 1447 5333 proposito
1469 5256 1588 5329 alienas,

245 5344 394 5422 Rndolphi
416 5344 601 5423 Imperatoris
625 5349 654 5402 et
677 5342 837 5403 aulicorum
860 5360 959 5404 amore
982 5350 1012 5404 et
1033 5346 1237 5421 superstitione
1261 5345 1404 5417 obtrusas,
1428 5345 1496 5419 agit,
1520 5343 1588 5402 dum

245 5434 355 5509 majore
383 5437 413 5493 in
444 5436 505 5494 dies
532 5430 672 5508 astrologi
698 5433 829 5490 nomine¹
844 5431 1039 5492 inclarescens
1062 5432 1098 5492 de
1120 5432 1265 5494 sideribus
1286 5429 1432 5491 nataliciis
1455 5438 1484 5490 et
1504 5433 1588 5507 geni-

245 5524 318 5580 turis
338 5525 368 5580 in
391 5520 543 5582 consilium
566 5526 687 5580 vocatur
716 5527 745 5580 et
773 5536 867 5579 rerum
893 5521 993 5595 inopia
1021 5519 1238 5582 consulentibus
1265 5519 1439 5595 respondere
1467 5520 1587 5594 cogitur,

244 5607 307 5669 lieri
329 5627 387 5668 non
409 5610 515 5685 potuit,
543 5610 613 5683 quin
636 5606 678 5666 illi
701 5607 747 5666 his
770 5608 857 5668 rebus
880 5606 1023 5684 occupato
1052 5611 1142 5683 10110,
1172 5625 1259 5684 quam
1288 5607 1323 5667 de
1353 5607 1588 5683 proportionibus

186 5765 188 5768 ¹
245 5695 422 5758 harmonicis
444 5712 510 5756 eum
531 5694 700 5757 coelestium
727 5712 880 5773 corporum
906 5702 989 5757 motu
1018 5695 1229 5773 conjungendis
1255 5702 1439 5773 conceperat,
1469 5695 1588 5772 propius
