3684 7259
296 1188 362 1254 en
402 1119 405 1126 ⁵
674 1169 1271 1266 ummooomonom
1368 1128 1375 1140 ’

297 1364 413 1414 minnota
430 1361 555 1420 strenus,
573 1372 639 1424 ques
657 1360 708 1407 sibl
726 1363 813 1409 mutuo
831 1357 942 1419 pondere
958 1359 1135 1421 respondeant.
1171 1362 1230 1419 rm.
1248 1364 1313 1414 ³56:
1337 1362 1399 1413 Cum
1424 1379 1456 1414 ex
1474 1379 1551 1429 quam
1568 1367 1651 1429 pluri-

297 1434 346 1488 mis
363 1433 446 1481 reneis
463 1431 636 1494 argenteisque
654 1429 776 1493 monetis,
795 1442 859 1493 ques
877 1428 981 1476 solerter
998 1428 1176 1491 appenderem,
1194 1432 1278 1481 nullm
1296 1436 1442 1496 reperissem
1458 1439 1527 1500 justo
1545 1438 1652 1499 ponderi

297 1501 460 1567 mordere,
478 1501 544 1548 bluls
562 1507 645 1549 tamen
664 1498 787 1547 dre'chmis
805 1497 990 1560 respondebant
1016 1511 1046 1547 ex
1065 1514 1144 1564 ecquo
1163 1502 1246 1564 plures
1269 1505 1373 1553 seorsim
1391 1505 1468 1554 aurei
1504 1506 1567 1567 Pag.
1587 1510 1650 1558 36⁴:

299 1611 307 1627 ,
326 1608 332 1622 .
353 1611 360 1624 .
379 1611 385 1622 .
404 1571 447 1619 Fit
464 1571 540 1628 igitur
559 1570 669 1632 plenum,
689 1575 803 1618 sisterem
829 1568 927 1616 duobus
946 1567 1112 1634 didrachmis,
1132 1571 1156 1619 δ.
1175 1586 1196 1621 δ.
1215 1573 1404 1624 tetredrscbmo.
1415 1577 1547 1641 aequalem
1566 1579 1651 1629 muse.

290 1640 357 1704 'ree
370 1640 435 1693 ³96:
454 1641 596 1691 Stetuamue
613 1639 661 1688 boc
678 1641 794 1702 primum,
813 1638 983 1687 Hebraeorum
996 1636 1092 1691 siclum
1107 1643 1193 1691 statori
1206 1645 1250 1691 c'eu
1262 1643 1442 1695 tetrrdracbmo
1457 1647 1542 1695 Attico
1555 1662 1650 1713 aequa-

189 1776 191 1780 ·
297 1714 348 1764 hm
365 1711 454 1776 inisse,
474 1724 520 1761 uec
537 1723 588 1759 nou
606 1709 736 1760 sommae
754 1710 913 1782 semiunciae

354 1831 358 1840 ·
388 1812 414 1879 8)
431 1827 490 1877 pag.
510 1816 568 1861 593.
603 1813 727 1876 Koplerus
739 1812 935 1875 Arcbleplecopo
947 1814 1052 1864 Ernesto
1071 1816 1258 1865 commendatus
1271 1820 1352 1866 estab
1365 1819 1502 1881 Hervarto,
1520 1821 1650 1881 quilllmn
1718 1849 1722 1865 .

299 1885 340 1936 lu
358 1886 488 1935 certiorem
504 1883 565 1932 isclt
582 1885 657 1945 hujus
675 1883 910 1931 commendationis:

456 1954 628 2019 Ebrenvseter,
646 1953 720 2003 Hocb
739 1954 789 2002 vnd
807 1952 995 2018 resurgente,
1013 1956 1116 2004 condere
1133 1956 1211 2005 lieber
1229 1958 1279 2005 vnd
1297 1964 1367 2019 guter
1384 1959 1491 2010 Freuud.

386 2026 491 2074 Dlewell
511 2026 551 2073 lcb
569 2026 608 2071 ult
625 2038 685 2085 geru
704 2025 759 2072 eine
772 2022 934 2084 Gelegenbsit
951 2026 1084 2085 vsrgebene
1101 2026 1212 2087 sbqeben
1231 2028 1313 2078 lesem
1332 2027 1423 2088 nolite,
1441 2031 1514 2079 dabei
1532 2032 1574 2079 ieb
1593 2033 1650 2081 dem

298 2096 382 2147 Herru
400 2099 477 2143 etwas
495 2096 645 2155 gratidclren
664 2096 766 2157 kbunte,
784 2093 836 2141 vno
853 2091 898 2141 der
915 2093 979 2143 llerr
996 2093 1126 2144 Cburfilrst
1143 2110 1191 2144 von
1205 2095 1276 2161 coln,
1294 2099 1333 2148 als
1351 2101 1391 2147 eiu
1407 2100 1550 2149 Liebbaber
1568 2116 1650 2152 rerum

298 2167 528 2216 matbemtticarum
553 2165 616 2213 uach
639 2164 705 2224 Prag
728 2166 843 2211 lommen
868 2165 945 2227 vird,
972 2164 1022 2212 hab
1046 2166 1086 2214 leb
1114 2169 1207 2214 seluern
1225 2167 1420 2220 (iebelmenretb
1446 2169 1529 2219 Herrn
1555 2174 1650 2222 Lorrnz

277 2238 405 2312 ,veum
423 2239 468 2283 rub
486 2233 631 2284 ltolleedori
645 2236 688 2282 ein
704 2234 840 2294 Sebrelbeu
858 2247 891 2281 eu
910 2234 958 2282 den
971 2234 1060 2299 llerrn,
1079 2249 1107 2284 eo
1125 2250 1151 2284 er
1162 2237 1214 2285 lme
1232 2240 1384 2301 paeeutlren
1403 2241 1472 2300 vlrd,
1489 2242 1650 2301 mitgetbeilt.

346 2297 352 2308 “
395 2306 537 2356 desselben
556 2304 618 2353 vird
635 2304 689 2353 eleb
707 2304 751 2352 der
769 2303 832 2351 liert
848 2305 897 2364 bey
914 2303 970 2352 dem
990 2303 1249 2356 llerrn'cburidrrten
1273 2322 1314 2357 am
1331 2311 1417 2359 booten
1435 2313 1576 2361 lurinuiren
1600 2314 1650 2362 ind

266 2407 269 2412 <
355 2365 502 2428 'ffunn
519 2373 594 2435 ltsst,
613 2375 728 2441 erlangen
745 2375 841 2433 mogon.

326 2473 328 2478 ·
388 2437 486 2496 lieston
504 2446 554 2493 beb
571 2445 613 2493 iob
631 2445 679 2493 den
698 2444 778 2492 llerrn
796 2445 902 2509 umsiron
919 2442 1008 2501 vellen
1027 2445 1077 2494 vnd
1095 2446 1163 2496 blelb
1182 2452 1228 2500 etc.

449 2515 545 2564 Detum
562 2513 685 2563 lidnebeu
704 2514 752 2562 deu
770 2514 812 2561 il.
830 2513 892 2564 llov.
913 2516 988 2563 teob.
1609 2558 1612 2564 .

387 2586 463 2637 nme
480 2585 603 2634 lienwarti
621 2583 862 2633 commendationem
880 2597 931 2631 nou
950 2585 1046 2632 irritam
1064 2586 1150 2646 tuisse,
1167 2586 1229 2636 broc
1245 2591 1479 2652 testanturlieplerl
1497 2594 1584 2652 verba,
1605 2595 1650 2643 de-

293 2657 377 2709 eumta
394 2670 425 2706 ex
443 2657 531 2720 literis
550 2655 575 2706 d.
592 2654 795 2705 retrursus.
813 2654 845 2701 ed
858 2653 1011 2702 Hermum
1025 2655 1101 2721 detis,
1118 2670 1224 2722 quarum
1242 2662 1361 2720 malorem
1379 2668 1476 2721 partem
1488 2664 1651 2714 enblbulmur

294 2730 345 2778 rol.
366 2727 410 2778 lv.
429 2740 455 2788 p.
474 2727 507 2774 90
525 2740 559 2774 δε
589 2721 656 2775 Cum
679 2721 737 2789 jem
759 2719 904 2775 defunctus
928 2735 990 2775 esse
1012 2722 1085 2775 omni
1107 2722 1203 2779 lebors
1227 2725 1345 2791 viderer,
1372 2741 1436 2782 ecce
1452 2729 1651 2785 'coloniensem

298 2804 464 2872 illectorem
482 2800 529 2872 qui
546 2814 590 2855 me
606 2814 657 2869 per
674 2797 813 2853 octiduum
831 2798 948 2868 mplius
966 2802 1090 2858 exercuit
1107 2804 1134 2857 in
1149 2805 1310 2874 quaestione
1321 2806 1513 2865 methemstica
1535 2808 1651 2863 donata·
1677 2805 1680 2809 ’

289 2899 349 2957 que
367 2896 450 2938 eursu
467 2881 514 2936 sui
528 2878 645 2947 imagine
662 2892 724 2934 cum
741 2873 841 2945 poculo
860 2876 941 2932 trium
960 2893 1111 2936 marcarum
1131 2883 1321 2939 necessitatem
1339 2886 1404 2941 mihi
1415 2887 1553 2958 imposuit,
1573 2890 1649 2944 iden·

289 2963 380 3019 -tidem
399 2958 481 3014 officii
497 2971 582 3013 causa
600 2954 774 3025 comparendi
776 2995 888 3010 .....
918 2958 1059 3028 Respondi
1084 2962 1119 3016 od
1137 2962 1231 3017 literas
1250 2963 1274 3019 6.
1293 2963 1362 3034 Aug.
1381 2971 1409 3019 et
1427 2968 1453 3021 1.
1471 2966 1555 3035 Dec,
1581 2982 1651 3035 quas

226 3055 231 3067 =
295 3044 506 3114 praecesserunt
522 3037 566 3091 21.
584 3035 653 3090 Nor.
673 3032 818 3103 prodromi,
837 3032 936 3102 quibus
953 3036 1132 3108 indicabatur,
1150 3056 1193 3096 ms
1211 3040 1262 3096 has
1280 3042 1381 3112 literas,
1400 3046 1425 3098 1.
1437 3044 1504 3099 Dec.
1524 3044 1651 3113 scriptas,

220 3117 223 3122 ’
294 3120 363 3178 δΙ).
376 3115 537 3186 Weneelino
555 3121 738 3183 accepturum.
774 3113 801 3167 Is
820 3127 892 3181 vero,
912 3121 944 3168 ut
961 3114 1050 3182 didici,
1068 3119 1236 3187 Noribcreee
1253 3121 1316 3174 al).
1329 3120 1456 3176 Electore
1474 3121 1651 3193 discesserat,

296 3216 350 3257 nee
367 3199 473 3253 interes
495 3196 550 3251 hue
572 3193 658 3249 rediit.
697 3192 751 3248 Sed
768 3208 844 3262 reor,
869 3194 1008 3265 negotium
1032 3195 1131 3252 abillo
1154 3198 1183 3252 in
1201 3198 1292 3266 Magn.
1312 3199 1388 3253 Tuee
1406 3202 1520 3269 gratiam
1546 3204 1651 3269 optime

294 3276 512 3335 administratum
533 3272 619 3328 nihilo
642 3272 739 3333 miuus.
775 3270 895 3326 Primum
920 3273 992 3325 euim
1015 3281 1099 3341 atque
1124 3275 1158 3329 de
1175 3275 1312 3331 Electoris
1330 3278 1485 3346 praesentis
1511 3278 1593 3333 didici
1612 3279 1651 3340 tid

239 3387 242 3394 ·
293 3358 348 3415 init
371 3356 480 3412 octiduo
499 3360 643 3423 postquam
661 3351 685 3406 is
703 3350 881 3421 edocuisset),
911 3352 1010 3407 librum
1028 3351 1194 3421 Optumum,
1213 3354 1268 3410 tuis
1287 3355 1423 3410 excitatus
1441 3357 1543 3425 literis,
1562 3358 1652 3412 obtuli

291 3426 438 3505 iuvenique
455 3431 609 3487 Electorem
627 3438 752 3502 paratum
771 3430 805 3485 ad
823 3446 867 3485 me
885 3431 957 3486 ultro
980 3430 1181 3487 accersendum.
1219 3433 1287 3488 Erat
1299 3434 1370 3487 enim
1383 3435 1408 3488 ei
1421 3434 1489 3489 liber
1500 3435 1529 3489 in
1541 3432 1651 3505 promtu

295 3514 330 3572 de
349 3509 509 3584 quaestione
527 3509 720 3565 mathematica
738 3525 799 3563 cum
817 3509 956 3579 responsio
970 3508 1110 3578 Schoneri,
1128 3511 1236 3581 Zelstii,
1260 3512 1370 3583 sevini,
1390 3514 1487 3583 quibus
1500 3529 1591 3569 mcum
1604 3531 1651 3585 pe

294 3593 341 3651 tiit
358 3590 478 3662 sdjuuqi.
513 3587 587 3657 Feci,
605 3588 719 3666 multum
738 3602 872 3643 excusans
891 3587 1046 3666 libertatem
1064 3605 1159 3646 meum.
1195 3592 1233 3647 Et
1250 3590 1307 3649 ills.
1331 3598 1408 3648 tanto
1426 3592 1512 3661 magis
1531 3593 1651 3649 delecta·

293 3676 340 3730 tn's
358 3670 417 3739 illa,
435 3666 556 3723 uberiori
571 3681 614 3721 me
631 3662 817 3722 munificentie
835 3667 993 3734 complexus
1012 3677 1063 3725 est.
1100 3668 1147 3724 Bis
1165 3685 1225 3725 sum
1239 3670 1357 3727 auditus.

382 3750 425 3804 De
449 3746 553 3815 reliquo
584 3744 739 3815 calamites,
766 3762 836 3816 quee
862 3748 951 3803 4001
978 3748 1065 3818 ipsius
1088 3748 1219 3804 comitatu
1243 3750 1362 3819 grabatis
1391 3748 1487 3804 stravit
1512 3751 1650 3822 etiamque

215 3821 242 3837 ''
294 3846 367 3890 nuuc
384 3828 522 3884 bie'tenet
539 3825 649 3894 aiiixos,
674 3826 830 3894 intervenit,
855 3843 909 3896 quo
928 3828 1016 3882 miuus
1034 3826 1231 3882 valedicturum
1255 3826 1399 3882 admittere
1416 3829 1545 3895 potuerit
1582 3831 1649 3889 Exi·

294 3909 391 3969 ntimo.
408 3906 500 3974 Magn.
517 3912 547 3960 et
565 3904 637 3960 Nob.
655 3904 711 3973 Vir,
730 3911 758 3959 te
776 3904 810 3959 de
827 3920 871 3958 ms
888 3906 1015 3960 meritum
1033 3921 1094 3959 cum
1113 3904 1195 3975 alies,
1214 3913 1273 3960 tum
1289 3905 1317 3959 iu
1336 3906 1389 3961 hoc
1407 3906 1525 3974 negotio,
1545 3916 1576 3963 ut
1594 3925 1648 3963 me·

252 4032 254 4038 ,
292 3985 390 4042 tutiori
406 3999 540 4054 msponm
558 3982 656 4051 diguus
674 3982 776 4039 heberi·
787 3982 932 4053 debueris,
950 3983 998 4039 sed
1016 3990 1108 4038 tamen
1126 3983 1176 4037 abs
1194 3982 1253 4038 Tua
1271 3984 1473 4052 Magnificentia
1490 3999 1587 4054 spero,
1607 4003 1649 4043 me

208 4112 211 4118 .
294 4072 455 4122 menmmn
472 4063 514 4137 iri,
532 4061 578 4117 ubi
596 4059 695 4116 molem
713 4062 897 4131 negotiorum,
915 4077 987 4132 quse
1006 4063 1088 4132 paulo
1112 4071 1195 4118 entes
1211 4064 1345 4134 descripsi
1363 4068 1422 4133 (vol.
1441 4068 1485 4119 lv.
1510 4083 1536 4130 ρ.
1556 4072 1590 4118 st
1609 4070 1647 4139 δ),

292 4138 349 4205 nno
368 4142 450 4200 animi
468 4140 567 4197 iutuitu
586 4139 666 4196 simul
683 4139 766 4195 suerii
784 4140 935 4210 amplexus.
1603 4202 1606 4206 ,

381 4235 521 4296 Bpmcomrs
539 4233 707 4287 Ernestus.
733 4233 852 4284 Βδνδῐίιδ
878 4233 930 4280 dux
956 4229 1017 4296 (net.
1039 4236 1120 4284 lbbl.
1145 4238 1219 4283 mort.
1239 4231 1317 4298 1612)
1341 4237 1452 4285 obtinuit
1474 4238 1648 4301 episcopatum

295 4307 493 4365 lutringensem
518 4316 612 4351 tonum
635 4316 711 4363 egene
736 4301 859 4351 decimum
877 4303 992 4367 tertium,
1019 4302 1247 4358 lllldetbemeueem
1269 4313 1337 4354 tubo
1357 4308 1438 4370 157³,
1466 4308 1649 4359 leodinensem

296 4391 364 4427 auno
385 4376 460 4424 leel.
475 4369 510 4421 'et
532 4386 599 4421 auno
619 4375 695 4423 leet.
720 4373 840 4421 eueemsit
862 4371 959 4421 famoso
981 4374 1021 4421 illl
1046 4373 1233 4435 archiepiscopo
1252 4372 1396 4425 Golonlenei
1414 4376 1549 4429 Gerherdo.
1587 4378 1649 4429 Cum

295 4460 361 4497 anuo
382 4447 456 4495 1606.
484 4458 539 4492 eum
566 4444 714 4493 electoribus
734 4442 879 4502 Mogontiae
903 4449 928 4490 et
946 4441 1101 4491 Trevirorum
1124 4444 1293 4503 conuenisset,
1320 4450 1348 4493 ut
1372 4447 1534 4495 fundamenta
1556 4452 1650 4508 jaceret

297 4517 428 4570 wolstatis
447 4515 588 4577 principum
606 4514 744 4562 catholicae
762 4512 820 4559 ddol
839 4512 995 4561 addictorum
1013 4507 1100 4561 contre
1116 4514 1221 4561 Luthorl
1238 4513 1297 4563 idei
1314 4515 1439 4575 eddlctos,
1459 4518 1527 4566 bend
1546 4519 1600 4567 scio
1617 4534 1649 4568 an

295 4586 417 4648 suspicari
442 4586 531 4647 licest,
558 4584 606 4633 iter
624 4597 690 4634 enuo
712 4584 786 4632 leot.
805 4580 910 4643 Pragam
930 4588 1085 4647 susceptum,
1111 4584 1179 4646 quod
1198 4583 1353 4651 llerwertus,
1379 4586 1534 4636 Jesuitanrm
1558 4592 1650 4652 soclus,

295 4655 433 4706 Mouecblo
451 4655 560 4717 Keplero
579 4654 752 4713 nunclavsret,
769 4657 895 4713 spectams
912 4652 976 4701 illud
995 4652 1084 4702 foedus
1101 4652 1251 4702 Lulberenis
1269 4656 1416 4706 ominosum.

386 4725 508 4787 Quaestio
528 4729 623 4789 auum,
642 4735 718 4788 quem
737 4722 799 4771 diclt
816 4722 947 4783 Keplerus‚
964 4723 1152 4785 mathematice·
1165 4727 1370 4774 restaurationem
1379 4729 1501 4787 specum
1518 4743 1649 4779 mensure·

293 4811 351 4847 rum
370 4801 395 4844 et
411 4795 559 4858 ponderum.
595 4795 663 4843 luter
680 4794 738 4843 lias.
760 4793 939 4841 Pulloviensia
956 4793 1162 4855 deprehendimus
1174 4793 1333 4856 iascloulum,
1358 4798 1527 4846 coutinentem
1546 4798 1650 4863 Kspleri

287 4868 450 4919 ¹seutentiam
471 4864 503 4917 de
521 4866 567 4914 bac
585 4865 744 4929 quaestione,
764 4876 870 4928 remque
887 4865 1008 4924 integrum
1026 4863 1068 4913 bie
1083 4863 1243 4913 inserendam
1262 4867 1409 4916 censuimus.

299 5010 1502 5132 Adfflriwmmuiwffloeimfflrffld‘mmm
1531 4990 1649 5124 ‘W

724 5148 805 5205 tione
825 5143 878 5204 Jo.
901 5137 1221 5240 Koplaikqooeso.

852 5333 906 5394 lld
929 5332 1048 5412 Caput
1068 5332 1092 5401 l.

306 5518 308 5524 ·
383 5488 481 5546 Divide
497 5485 684 5558 queestionem
701 5487 728 5541 in
745 5493 838 5557 partos
855 5492 996 5556 quartuor.
1035 5491 1059 5550 ll
1076 5486 1273 5556 Οδςίδδδίοδδιδ
1290 5488 1432 5545 instituere
1448 5488 1484 5546 do
1494 5493 1648 5561 ponderum

297 5582 538 5638 momentorumque
548 5568 717 5639 aequatione,
728 5568 902 5644 praecipuum
911 5567 1087 5637 magistratus
1097 5563 1224 5623 officium.
1237 5568 1356 5623 Scientia
1363 5568 1432 5624 bueo
1440 5575 1484 5624 est
1493 5574 1649 5629 noemseria

297 5640 495 5716 mmcemribue
523 5655 553 5708 et
569 5648 727 5712 emtoribus.
763 5646 885 5741 Erpedit
900 5647 983 5719 initur
999 5646 1072 5705 banc
1095 5647 1234 5708 socrum
1251 5647 1460 5723 marmoreum
1474 5648 1648 5723 munientis
