<?xml version="1.0" encoding="UTF-8"?>
<!DOCTYPE html PUBLIC "-//W3C//DTD XHTML 1.0 Transitional//EN"
    "http://www.w3.org/TR/xhtml1/DTD/xhtml1-transitional.dtd">
<html xmlns="http://www.w3.org/1999/xhtml" xml:lang="en" lang="en">
 <head>
  <title>
</title>
<meta http-equiv="Content-Type" content="text/html;charset=utf-8" />
  <meta name='ocr-system' content='tesseract 3.04.00' />
  <meta name='ocr-capabilities' content='ocr_page ocr_carea ocr_par ocr_line ocrx_word'/>
</head>
<body>
  <div class='ocr_page' id='page_1' title='image "./joanniskepleria09frisgoog_0084.png"; bbox 0 0 3684 7259; ppageno 0'>
   <div class='ocr_carea' id='block_1_1' title="bbox 292 1224 1162 1326">
    <p class='ocr_par' dir='ltr' id='par_1_1' title="bbox 292 1224 1162 1326">
     <span class='ocr_line' id='line_1_1' title="bbox 292 1224 1162 1326; baseline 0.002 -14"><span class='ocrx_word' id='word_1_1' title='bbox 292 1266 333 1326; x_wconf 69' lang='grc' dir='ltr'><strong>ῃ</strong></span> <span class='ocrx_word' id='word_1_2' title='bbox 457 1236 463 1248; x_wconf 88' lang='grc'><strong>“</strong></span> <span class='ocrx_word' id='word_1_3' title='bbox 856 1257 898 1314; x_wconf 74' lang='lat' dir='ltr'><strong>ue</strong></span> <span class='ocrx_word' id='word_1_4' title='bbox 915 1257 1071 1314; x_wconf 68' lang='lat' dir='ltr'><strong>nemeen</strong></span> <span class='ocrx_word' id='word_1_5' title='bbox 1160 1224 1162 1227; x_wconf 38' lang='lat'><strong>⁴</strong></span> 
     </span>
    </p>
   </div>
   <div class='ocr_carea' id='block_1_2' title="bbox 290 1437 1640 2655">
    <p class='ocr_par' dir='ltr' id='par_1_2' title="bbox 292 1437 1640 1868">
     <span class='ocr_line' id='line_1_2' title="bbox 292 1437 1639 1517; baseline -0.003 -14"><span class='ocrx_word' id='word_1_6' title='bbox 292 1446 480 1503; x_wconf 72' lang='lat' dir='ltr'><strong>sonuum</strong></span> <span class='ocrx_word' id='word_1_7' title='bbox 520 1437 569 1499; x_wconf 89' lang='lat' dir='ltr'><strong>Sic</strong></span> <span class='ocrx_word' id='word_1_8' title='bbox 600 1438 748 1516; x_wconf 76' lang='lat' dir='ltr'><strong>trigonus,</strong></span> <span class='ocrx_word' id='word_1_9' title='bbox 778 1444 966 1515; x_wconf 84' lang='lat' dir='ltr'><strong>tetragonus,</strong></span> <span class='ocrx_word' id='word_1_10' title='bbox 996 1445 1181 1517; x_wconf 74' lang='lat' dir='ltr'><strong>pentagonus</strong></span> <span class='ocrx_word' id='word_1_11' title='bbox 1208 1443 1324 1497; x_wconf 90' lang='lat' dir='ltr'><strong>struunt</strong></span> <span class='ocrx_word' id='word_1_12' title='bbox 1350 1438 1485 1517; x_wconf 82' lang='lat' dir='ltr'><strong>&#39;quinque</strong></span> <span class='ocrx_word' id='word_1_13' title='bbox 1518 1443 1639 1515; x_wconf 86' lang='lat' dir='ltr'><strong>corpora</strong></span> 
     </span>
     <span class='ocr_line' id='line_1_3' title="bbox 292 1524 1639 1606; baseline -0.004 -17"><span class='ocrx_word' id='word_1_14' title='bbox 292 1527 447 1606; x_wconf 83' lang='lat' dir='ltr'><strong>regularis,</strong></span> <span class='ocrx_word' id='word_1_15' title='bbox 471 1527 514 1586; x_wconf 93' lang='lat' dir='ltr'><strong>sic</strong></span> <span class='ocrx_word' id='word_1_16' title='bbox 535 1526 676 1603; x_wconf 88' lang='lat' dir='ltr'><strong>trigonus,</strong></span> <span class='ocrx_word' id='word_1_17' title='bbox 700 1533 883 1604; x_wconf 79' lang='lat' dir='ltr'><strong>tensgonm,</strong></span> <span class='ocrx_word' id='word_1_18' title='bbox 906 1526 1077 1602; x_wconf 71' lang='lat' dir='ltr'><strong>hexagonus</strong></span> <span class='ocrx_word' id='word_1_19' title='bbox 1101 1527 1272 1588; x_wconf 88' lang='lat' dir='ltr'><strong>continuant</strong></span> <span class='ocrx_word' id='word_1_20' title='bbox 1295 1524 1460 1604; x_wconf 68' lang='lat' dir='ltr'><strong>planitiem</strong></span> <span class='ocrx_word' id='word_1_21' title='bbox 1488 1526 1531 1585; x_wconf 88' lang='lat' dir='ltr'><strong>sic</strong></span> <span class='ocrx_word' id='word_1_22' title='bbox 1553 1525 1639 1586; x_wconf 88' lang='lat' dir='ltr'><strong>stella</strong></span> 
     </span>
     <span class='ocr_line' id='line_1_4' title="bbox 292 1612 1640 1695; baseline -0.002 -21"><span class='ocrx_word' id='word_1_23' title='bbox 292 1616 495 1695; x_wconf 84' lang='lat' dir='ltr'><strong>pentagonica,</strong></span> <span class='ocrx_word' id='word_1_24' title='bbox 520 1613 603 1690; x_wconf 89' lang='lat' dir='ltr'><strong>cnjus</strong></span> <span class='ocrx_word' id='word_1_25' title='bbox 625 1613 703 1674; x_wconf 89' lang='lat' dir='ltr'><strong>latus</strong></span> <span class='ocrx_word' id='word_1_26' title='bbox 725 1612 909 1675; x_wconf 90' lang='lat' dir='ltr'><strong>subtenditur</strong></span> <span class='ocrx_word' id='word_1_27' title='bbox 932 1612 1045 1674; x_wconf 86' lang='lat' dir='ltr'><strong>duabus</strong></span> <span class='ocrx_word' id='word_1_28' title='bbox 1061 1617 1169 1692; x_wconf 84' lang='lat' dir='ltr'><strong>quintis</strong></span> <span class='ocrx_word' id='word_1_29' title='bbox 1191 1612 1408 1687; x_wconf 87' lang='lat' dir='ltr'><strong>circuli,·strnit</strong></span> <span class='ocrx_word' id='word_1_30' title='bbox 1429 1612 1545 1677; x_wconf 83' lang='lat' dir='ltr'><strong>stellam</strong></span> <span class='ocrx_word' id='word_1_31' title='bbox 1565 1613 1640 1673; x_wconf 90' lang='lat' dir='ltr'><strong>soli·</strong></span> 
     </span>
     <span class='ocr_line' id='line_1_5' title="bbox 293 1699 1639 1787; baseline -0.003 -23"><span class='ocrx_word' id='word_1_32' title='bbox 293 1703 361 1764; x_wconf 78' lang='lat' dir='ltr'><strong>dam</strong></span> <span class='ocrx_word' id='word_1_33' title='bbox 384 1700 638 1775; x_wconf 80' lang='lat' dir='ltr'><strong>dodecae&#39;dricam,</strong></span> <span class='ocrx_word' id='word_1_34' title='bbox 668 1704 712 1762; x_wconf 92' lang='lat' dir='ltr'><strong>sic</strong></span> <span class='ocrx_word' id='word_1_35' title='bbox 741 1700 844 1787; x_wconf 74' lang='lat' dir='ltr'><strong>stellae</strong></span> <span class='ocrx_word' id='word_1_36' title='bbox 875 1700 1039 1763; x_wconf 75' lang='lat' dir='ltr'><strong>ocuedrics</strong></span> <span class='ocrx_word' id='word_1_37' title='bbox 1067 1709 1097 1762; x_wconf 93' lang='lat' dir='ltr'><strong>et</strong></span> <span class='ocrx_word' id='word_1_38' title='bbox 1125 1699 1295 1761; x_wconf 74' lang='lat' dir='ltr'><strong>decaddrica</strong></span> <span class='ocrx_word' id='word_1_39' title='bbox 1324 1700 1425 1781; x_wconf 87' lang='lat' dir='ltr'><strong>(latere</strong></span> <span class='ocrx_word' id='word_1_40' title='bbox 1447 1699 1639 1762; x_wconf 73' lang='lat' dir='ltr'><strong>subtendente</strong></span> 
     </span>
     <span class='ocr_line' id='line_1_6' title="bbox 292 1784 1543 1868; baseline -0.002 -17"><span class='ocrx_word' id='word_1_41' title='bbox 292 1790 354 1852; x_wconf 85' lang='lat' dir='ltr'><strong>illle</strong></span> <span class='ocrx_word' id='word_1_42' title='bbox 375 1797 434 1851; x_wconf 92' lang='lat' dir='ltr'><strong>tres</strong></span> <span class='ocrx_word' id='word_1_43' title='bbox 458 1784 587 1864; x_wconf 69' lang='lat' dir='ltr'><strong>neuras,</strong></span> <span class='ocrx_word' id='word_1_44' title='bbox 610 1789 659 1849; x_wconf 90' lang='lat' dir='ltr'><strong>hic</strong></span> <span class='ocrx_word' id='word_1_45' title='bbox 681 1796 739 1850; x_wconf 83' lang='lat' dir='ltr'><strong>tres</strong></span> <span class='ocrx_word' id='word_1_46' title='bbox 762 1786 902 1868; x_wconf 84' lang='lat' dir='ltr'><strong>decimas)</strong></span> <span class='ocrx_word' id='word_1_47' title='bbox 925 1795 1096 1849; x_wconf 88' lang='lat' dir='ltr'><strong>construunt</strong></span> <span class='ocrx_word' id='word_1_48' title='bbox 1118 1788 1251 1865; x_wconf 86' lang='lat' dir='ltr'><strong>singulae</strong></span> <span class='ocrx_word' id='word_1_49' title='bbox 1273 1787 1388 1849; x_wconf 89' lang='lat' dir='ltr'><strong>stellam</strong></span> <span class='ocrx_word' id='word_1_50' title='bbox 1410 1787 1543 1849; x_wconf 88' lang='lat' dir='ltr'><strong>solidam.</strong></span> 
     </span>
    </p>

    <p class='ocr_par' dir='ltr' id='par_1_3' title="bbox 290 1875 1640 2297">
     <span class='ocr_line' id='line_1_7' title="bbox 378 1875 1637 1954; baseline -0.002 -17"><span class='ocrx_word' id='word_1_51' title='bbox 378 1877 506 1937; x_wconf 80' lang='lat' dir='ltr'><strong>Rursum</strong></span> <span class='ocrx_word' id='word_1_52' title='bbox 534 1888 610 1954; x_wconf 81' lang='lat' dir='ltr'><strong>quae</strong></span> <span class='ocrx_word' id='word_1_53' title='bbox 639 1884 707 1936; x_wconf 91' lang='lat' dir='ltr'><strong>sunt</strong></span> <span class='ocrx_word' id='word_1_54' title='bbox 733 1876 865 1954; x_wconf 87' lang='lat' dir='ltr'><strong>ejusdem</strong></span> <span class='ocrx_word' id='word_1_55' title='bbox 887 1879 962 1937; x_wconf 90' lang='lat' dir='ltr'><strong>inter</strong></span> <span class='ocrx_word' id='word_1_56' title='bbox 983 1894 1015 1936; x_wconf 88' lang='lat' dir='ltr'><strong>se</strong></span> <span class='ocrx_word' id='word_1_57' title='bbox 1038 1880 1166 1953; x_wconf 80' lang='lat' dir='ltr'><strong>generis,</strong></span> <span class='ocrx_word' id='word_1_58' title='bbox 1198 1878 1278 1936; x_wconf 86' lang='lat' dir='ltr'><strong>varic</strong></span> <span class='ocrx_word' id='word_1_59' title='bbox 1300 1880 1406 1937; x_wconf 74' lang='lat' dir='ltr'><strong>coiunt</strong></span> <span class='ocrx_word' id='word_1_60' title='bbox 1427 1875 1465 1936; x_wconf 88' lang='lat' dir='ltr'><strong>ad</strong></span> <span class='ocrx_word' id='word_1_61' title='bbox 1487 1875 1637 1953; x_wconf 72' lang='lat' dir='ltr'><strong>planitiem</strong></span> 
     </span>
     <span class='ocr_line' id='line_1_8' title="bbox 291 1962 1639 2045; baseline -0.003 -17"><span class='ocrx_word' id='word_1_62' title='bbox 291 1965 468 2039; x_wconf 80' lang='lat' dir='ltr'><strong>struendum,</strong></span> <span class='ocrx_word' id='word_1_63' title='bbox 491 1962 734 2042; x_wconf 83' lang='lat' dir='ltr'><strong>quadrangulum,</strong></span> <span class='ocrx_word' id='word_1_64' title='bbox 757 1964 957 2045; x_wconf 87' lang='lat' dir='ltr'><strong>octangnlum,</strong></span> <span class='ocrx_word' id='word_1_65' title='bbox 979 1963 1072 2024; x_wconf 61' lang='lat' dir='ltr'><strong>stella&lt;</strong></span> <span class='ocrx_word' id='word_1_66' title='bbox 1087 1963 1282 2041; x_wconf 86' lang='lat' dir='ltr'><strong>octanguleris</strong></span> <span class='ocrx_word' id='word_1_67' title='bbox 1304 1964 1381 2036; x_wconf 88' lang='lat' dir='ltr'><strong>hinc,</strong></span> <span class='ocrx_word' id='word_1_68' title='bbox 1404 1963 1471 2033; x_wconf 90' lang='lat' dir='ltr'><strong>inde</strong></span> <span class='ocrx_word' id='word_1_69' title='bbox 1493 1970 1639 2043; x_wconf 89' lang='lat' dir='ltr'><strong>pentago-</strong></span> 
     </span>
     <span class='ocr_line' id='line_1_9' title="bbox 293 2049 1639 2131; baseline -0.002 -16"><span class='ocrx_word' id='word_1_70' title='bbox 293 2069 362 2129; x_wconf 90' lang='lat' dir='ltr'><strong>nus,</strong></span> <span class='ocrx_word' id='word_1_71' title='bbox 381 2051 469 2114; x_wconf 90' lang='lat' dir='ltr'><strong>stella</strong></span> <span class='ocrx_word' id='word_1_72' title='bbox 490 2054 695 2131; x_wconf 88' lang='lat' dir='ltr'><strong>pentagonica,</strong></span> <span class='ocrx_word' id='word_1_73' title='bbox 718 2051 901 2129; x_wconf 87' lang='lat' dir='ltr'><strong>decagonus,</strong></span> <span class='ocrx_word' id='word_1_74' title='bbox 925 2050 1011 2112; x_wconf 90' lang='lat' dir='ltr'><strong>stelle</strong></span> <span class='ocrx_word' id='word_1_75' title='bbox 1033 2051 1220 2131; x_wconf 81' lang='lat' dir='ltr'><strong>decagonica.</strong></span> <span class='ocrx_word' id='word_1_76' title='bbox 1266 2049 1315 2113; x_wconf 89' lang='lat' dir='ltr'><strong>Sic</strong></span> <span class='ocrx_word' id='word_1_77' title='bbox 1336 2054 1483 2130; x_wconf 78' lang='lat' dir='ltr'><strong>trigonus,</strong></span> <span class='ocrx_word' id='word_1_78' title='bbox 1505 2051 1639 2129; x_wconf 84' lang='lat' dir='ltr'><strong>hexago-</strong></span> 
     </span>
     <span class='ocr_line' id='line_1_10' title="bbox 290 2131 1640 2221; baseline -0.001 -19"><span class='ocrx_word' id='word_1_79' title='bbox 290 2131 361 2216; x_wconf 75' lang='lat' dir='ltr'><strong>u‘us,</strong></span> <span class='ocrx_word' id='word_1_80' title='bbox 395 2138 616 2217; x_wconf 82' lang='lat' dir='ltr'><strong>dodeesgonus,</strong></span> <span class='ocrx_word' id='word_1_81' title='bbox 649 2139 733 2217; x_wconf 88' lang='lat' dir='ltr'><strong>cnjus</strong></span> <span class='ocrx_word' id='word_1_82' title='bbox 755 2142 844 2201; x_wconf 87' lang='lat' dir='ltr'><strong>etiam</strong></span> <span class='ocrx_word' id='word_1_83' title='bbox 866 2149 950 2216; x_wconf 72' lang='lat' dir='ltr'><strong>area‘,</strong></span> <span class='ocrx_word' id='word_1_84' title='bbox 973 2147 1006 2199; x_wconf 91' lang='lat' dir='ltr'><strong>nt</strong></span> <span class='ocrx_word' id='word_1_85' title='bbox 1028 2140 1186 2218; x_wconf 81' lang='lat' dir='ltr'><strong>tetragoni,</strong></span> <span class='ocrx_word' id='word_1_86' title='bbox 1208 2139 1362 2221; x_wconf 82' lang='lat' dir='ltr'><strong>rationalis</strong></span> <span class='ocrx_word' id='word_1_87' title='bbox 1385 2146 1429 2200; x_wconf 89' lang='lat' dir='ltr'><strong>eet</strong></span> <span class='ocrx_word' id='word_1_88' title='bbox 1450 2137 1488 2199; x_wconf 91' lang='lat' dir='ltr'><strong>ed</strong></span> <span class='ocrx_word' id='word_1_89' title='bbox 1511 2137 1640 2217; x_wconf 85' lang='lat' dir='ltr'><strong>quadra·</strong></span> 
     </span>
     <span class='ocr_line' id='line_1_11' title="bbox 290 2222 1438 2297; baseline -0.003 -7"><span class='ocrx_word' id='word_1_90' title='bbox 290 2236 354 2290; x_wconf 83' lang='lat' dir='ltr'><strong>tum</strong></span> <span class='ocrx_word' id='word_1_91' title='bbox 375 2227 517 2289; x_wconf 88' lang='lat' dir='ltr'><strong>diametri.</strong></span> <span class='ocrx_word' id='word_1_92' title='bbox 1113 2279 1117 2287; x_wconf 93' lang='lat'>.</span> <span class='ocrx_word' id='word_1_93' title='bbox 1426 2222 1438 2297; x_wconf 70' lang='grc'><strong>’,</strong></span> 
     </span>
    </p>

    <p class='ocr_par' dir='ltr' id='par_1_4' title="bbox 290 2312 1639 2655">
     <span class='ocr_line' id='line_1_12' title="bbox 378 2312 1639 2393; baseline 0.001 -19"><span class='ocrx_word' id='word_1_94' title='bbox 378 2315 418 2375; x_wconf 78' lang='lat' dir='ltr'><strong>ht</strong></span> <span class='ocrx_word' id='word_1_95' title='bbox 437 2315 622 2393; x_wconf 90' lang='lat' dir='ltr'><strong>heptagonus</strong></span> <span class='ocrx_word' id='word_1_96' title='bbox 651 2319 681 2375; x_wconf 95' lang='lat' dir='ltr'><strong>et</strong></span> <span class='ocrx_word' id='word_1_97' title='bbox 709 2316 820 2379; x_wconf 87' lang='lat' dir='ltr'><strong>similes</strong></span> <span class='ocrx_word' id='word_1_98' title='bbox 847 2334 901 2379; x_wconf 91' lang='lat' dir='ltr'><strong>uec</strong></span> <span class='ocrx_word' id='word_1_99' title='bbox 931 2318 994 2392; x_wconf 91' lang='lat' dir='ltr'><strong>ipsc</strong></span> <span class='ocrx_word' id='word_1_100' title='bbox 1023 2331 1079 2376; x_wconf 91' lang='lat' dir='ltr'><strong>uec</strong></span> <span class='ocrx_word' id='word_1_101' title='bbox 1105 2332 1172 2376; x_wconf 89' lang='lat' dir='ltr'><strong>cum</strong></span> <span class='ocrx_word' id='word_1_102' title='bbox 1198 2315 1244 2374; x_wconf 91' lang='lat' dir='ltr'><strong>sui</strong></span> <span class='ocrx_word' id='word_1_103' title='bbox 1273 2314 1387 2391; x_wconf 79' lang='lat' dir='ltr'><strong>generis</strong></span> <span class='ocrx_word' id='word_1_104' title='bbox 1410 2312 1474 2391; x_wconf 85' lang='lat' dir='ltr'><strong>allis</strong></span> <span class='ocrx_word' id='word_1_105' title='bbox 1496 2331 1550 2375; x_wconf 91' lang='lat' dir='ltr'><strong>nec</strong></span> <span class='ocrx_word' id='word_1_106' title='bbox 1572 2332 1639 2376; x_wconf 91' lang='lat' dir='ltr'><strong>cnm</strong></span> 
     </span>
     <span class='ocr_line' id='line_1_13' title="bbox 290 2398 1638 2485; baseline 0 -23"><span class='ocrx_word' id='word_1_107' title='bbox 290 2403 435 2485; x_wconf 87' lang='lat' dir='ltr'><strong>prioribus</strong></span> <span class='ocrx_word' id='word_1_108' title='bbox 458 2404 615 2480; x_wconf 89' lang='lat' dir='ltr'><strong>quicquam</strong></span> <span class='ocrx_word' id='word_1_109' title='bbox 637 2401 684 2463; x_wconf 80' lang='lat' dir='ltr'><strong>rel</strong></span> <span class='ocrx_word' id='word_1_110' title='bbox 707 2404 827 2485; x_wconf 90' lang='lat' dir='ltr'><strong>planum</strong></span> <span class='ocrx_word' id='word_1_111' title='bbox 849 2403 898 2466; x_wconf 82' lang='lat' dir='ltr'><strong>rel</strong></span> <span class='ocrx_word' id='word_1_112' title='bbox 919 2401 1047 2466; x_wconf 90' lang='lat' dir='ltr'><strong>solidum</strong></span> <span class='ocrx_word' id='word_1_113' title='bbox 1070 2403 1164 2462; x_wconf 89' lang='lat' dir='ltr'><strong>stmit.</strong></span> <span class='ocrx_word' id='word_1_114' title='bbox 1208 2398 1293 2464; x_wconf 87' lang='lat' dir='ltr'><strong>Unde</strong></span> <span class='ocrx_word' id='word_1_115' title='bbox 1317 2401 1401 2463; x_wconf 91' lang='lat' dir='ltr'><strong>datur</strong></span> <span class='ocrx_word' id='word_1_116' title='bbox 1422 2401 1561 2482; x_wconf 78' lang='lat' dir='ltr'><strong>intelligi,</strong></span> <span class='ocrx_word' id='word_1_117' title='bbox 1592 2402 1638 2462; x_wconf 85' lang='lat' dir='ltr'><strong>ia·</strong></span> 
     </span>
     <span class='ocr_line' id='line_1_14' title="bbox 292 2487 1639 2568; baseline -0.003 -15"><span class='ocrx_word' id='word_1_118' title='bbox 292 2490 431 2553; x_wconf 83' lang='lat' dir='ltr'><strong>cultatem</strong></span> <span class='ocrx_word' id='word_1_119' title='bbox 453 2487 570 2549; x_wconf 86' lang='lat' dir='ltr'><strong>auditus</strong></span> <span class='ocrx_word' id='word_1_120' title='bbox 594 2488 646 2549; x_wconf 89' lang='lat' dir='ltr'><strong>illa</strong></span> <span class='ocrx_word' id='word_1_121' title='bbox 667 2507 805 2568; x_wconf 89' lang='lat' dir='ltr'><strong>quaerere</strong></span> <span class='ocrx_word' id='word_1_122' title='bbox 828 2494 902 2554; x_wconf 91' lang='lat' dir='ltr'><strong>iuter</strong></span> <span class='ocrx_word' id='word_1_123' title='bbox 924 2506 1023 2560; x_wconf 90' lang='lat' dir='ltr'><strong>sonos,</strong></span> <span class='ocrx_word' id='word_1_124' title='bbox 1046 2507 1122 2567; x_wconf 86' lang='lat' dir='ltr'><strong>quae</strong></span> <span class='ocrx_word' id='word_1_125' title='bbox 1138 2490 1227 2550; x_wconf 69' lang='lat' dir='ltr'><strong>Deus‘</strong></span> <span class='ocrx_word' id='word_1_126' title='bbox 1241 2492 1354 2550; x_wconf 84' lang='lat' dir='ltr'><strong>invenit</strong></span> <span class='ocrx_word' id='word_1_127' title='bbox 1375 2491 1450 2550; x_wconf 92' lang='lat' dir='ltr'><strong>inter</strong></span> <span class='ocrx_word' id='word_1_128' title='bbox 1472 2491 1639 2568; x_wconf 78' lang='lat' dir='ltr'><strong>proportio·</strong></span> 
     </span>
     <span class='ocr_line' id='line_1_15' title="bbox 292 2576 1638 2655; baseline -0.003 -16"><span class='ocrx_word' id='word_1_129' title='bbox 292 2596 345 2639; x_wconf 86' lang='lat' dir='ltr'><strong>nes</strong></span> <span class='ocrx_word' id='word_1_130' title='bbox 369 2578 562 2655; x_wconf 84' lang='lat' dir='ltr'><strong>geometricas</strong></span> <span class='ocrx_word' id='word_1_131' title='bbox 577 2576 685 2637; x_wconf 89' lang='lat' dir='ltr'><strong>mundo</strong></span> <span class='ocrx_word' id='word_1_132' title='bbox 701 2579 868 2641; x_wconf 84' lang='lat' dir='ltr'><strong>exornando</strong></span> <span class='ocrx_word' id='word_1_133' title='bbox 891 2579 1012 2640; x_wconf 70' lang='lat' dir='ltr'><strong>idoneae</strong></span> <span class='ocrx_word' id='word_1_134' title='bbox 1035 2595 1103 2637; x_wconf 87' lang='lat' dir='ltr'><strong>nam</strong></span> <span class='ocrx_word' id='word_1_135' title='bbox 1126 2579 1213 2638; x_wconf 85' lang='lat' dir='ltr'><strong>etiam</strong></span> <span class='ocrx_word' id='word_1_136' title='bbox 1236 2578 1321 2637; x_wconf 89' lang='lat' dir='ltr'><strong>orhes</strong></span> <span class='ocrx_word' id='word_1_137' title='bbox 1343 2576 1485 2638; x_wconf 86' lang='lat' dir='ltr'><strong>coelestes</strong></span> <span class='ocrx_word' id='word_1_138' title='bbox 1508 2576 1546 2639; x_wconf 84' lang='lat' dir='ltr'><strong>od</strong></span> <span class='ocrx_word' id='word_1_139' title='bbox 1567 2595 1638 2638; x_wconf 90' lang='lat' dir='ltr'><strong>nor·</strong></span> 
     </span>
    </p>
   </div>
   <div class='ocr_carea' id='block_1_3' title="bbox 163 2664 1637 2744">
    <p class='ocr_par' dir='ltr' id='par_1_5' title="bbox 163 2664 1637 2744">
     <span class='ocr_line' id='line_1_16' title="bbox 163 2664 1637 2744; baseline -0.002 -18"><span class='ocrx_word' id='word_1_140' title='bbox 163 2690 165 2694; x_wconf 95' lang='lat'>·</span> <span class='ocrx_word' id='word_1_141' title='bbox 291 2684 371 2726; x_wconf 86' lang='lat' dir='ltr'><strong>mam</strong></span> <span class='ocrx_word' id='word_1_142' title='bbox 393 2667 521 2741; x_wconf 89' lang='lat' dir='ltr'><strong>quinque</strong></span> <span class='ocrx_word' id='word_1_143' title='bbox 544 2681 697 2743; x_wconf 88' lang='lat' dir='ltr'><strong>corporum</strong></span> <span class='ocrx_word' id='word_1_144' title='bbox 712 2667 887 2744; x_wconf 78' lang='lat' dir='ltr'><strong>regularium</strong></span> <span class='ocrx_word' id='word_1_145' title='bbox 910 2668 1012 2739; x_wconf 88' lang='lat' dir='ltr'><strong>iactos,</strong></span> <span class='ocrx_word' id='word_1_146' title='bbox 1036 2668 1064 2723; x_wconf 93' lang='lat' dir='ltr'><strong>in</strong></span> <span class='ocrx_word' id='word_1_147' title='bbox 1087 2664 1228 2744; x_wconf 84' lang='lat' dir='ltr'><strong>Mysterio</strong></span> <span class='ocrx_word' id='word_1_148' title='bbox 1244 2664 1491 2744; x_wconf 80' lang='lat' dir='ltr'><strong>cosmographtco</strong></span> <span class='ocrx_word' id='word_1_149' title='bbox 1505 2666 1637 2743; x_wconf 88' lang='lat' dir='ltr'><strong>probavi.</strong></span> 
     </span>
    </p>
   </div>
   <div class='ocr_carea' id='block_1_4' title="bbox 291 2750 1639 2922">
    <p class='ocr_par' dir='ltr' id='par_1_6' title="bbox 291 2750 1639 2922">
     <span class='ocr_line' id='line_1_17' title="bbox 378 2750 1639 2834; baseline -0.002 -22"><span class='ocrx_word' id='word_1_150' title='bbox 378 2754 455 2829; x_wconf 85' lang='lat' dir='ltr'><strong>Ergo</strong></span> <span class='ocrx_word' id='word_1_151' title='bbox 478 2751 587 2812; x_wconf 91' lang='lat' dir='ltr'><strong>chorda</strong></span> <span class='ocrx_word' id='word_1_152' title='bbox 608 2757 772 2834; x_wconf 81' lang='lat' dir='ltr'><strong>proposita,</strong></span> <span class='ocrx_word' id='word_1_153' title='bbox 795 2757 939 2816; x_wconf 89' lang='lat' dir='ltr'><strong>sectiones</strong></span> <span class='ocrx_word' id='word_1_154' title='bbox 962 2753 1026 2830; x_wconf 89' lang='lat' dir='ltr'><strong>ejus</strong></span> <span class='ocrx_word' id='word_1_155' title='bbox 1048 2752 1233 2813; x_wconf 71' lang='lat' dir='ltr'><strong>harmonicae</strong></span> <span class='ocrx_word' id='word_1_156' title='bbox 1255 2750 1310 2834; x_wconf 91' lang='lat' dir='ltr'><strong>(sic</strong></span> <span class='ocrx_word' id='word_1_157' title='bbox 1332 2761 1365 2812; x_wconf 92' lang='lat' dir='ltr'><strong>ut</strong></span> <span class='ocrx_word' id='word_1_158' title='bbox 1386 2760 1567 2829; x_wconf 84' lang='lat' dir='ltr'><strong>segmentum</strong></span> <span class='ocrx_word' id='word_1_159' title='bbox 1589 2752 1639 2811; x_wconf 83' lang='lat' dir='ltr'><strong>rel</strong></span> 
     </span>
     <span class='ocr_line' id='line_1_18' title="bbox 291 2835 1636 2922; baseline -0.001 -20"><span class='ocrx_word' id='word_1_160' title='bbox 291 2858 361 2922; x_wconf 81' lang='lat' dir='ltr'><strong>pars</strong></span> <span class='ocrx_word' id='word_1_161' title='bbox 383 2842 479 2901; x_wconf 92' lang='lat' dir='ltr'><strong>minor</strong></span> <span class='ocrx_word' id='word_1_162' title='bbox 499 2841 539 2900; x_wconf 89' lang='lat' dir='ltr'><strong>sit</strong></span> <span class='ocrx_word' id='word_1_163' title='bbox 561 2856 691 2902; x_wconf 85' lang='lat' dir='ltr'><strong>consone</strong></span> <span class='ocrx_word' id='word_1_164' title='bbox 712 2844 767 2904; x_wconf 92' lang='lat' dir='ltr'><strong>toti</strong></span> <span class='ocrx_word' id='word_1_165' title='bbox 790 2850 820 2904; x_wconf 89' lang='lat' dir='ltr'><strong>et</strong></span> <span class='ocrx_word' id='word_1_166' title='bbox 840 2842 958 2904; x_wconf 88' lang='lat' dir='ltr'><strong>residuo</strong></span> <span class='ocrx_word' id='word_1_167' title='bbox 982 2835 1031 2901; x_wconf 84' lang='lat' dir='ltr'><strong>vel</strong></span> <span class='ocrx_word' id='word_1_168' title='bbox 1044 2837 1160 2922; x_wconf 87' lang='lat' dir='ltr'><strong>majori)</strong></span> <span class='ocrx_word' id='word_1_169' title='bbox 1186 2858 1247 2908; x_wconf 85' lang='lat' dir='ltr'><strong>non</strong></span> <span class='ocrx_word' id='word_1_170' title='bbox 1269 2839 1374 2905; x_wconf 84' lang='lat' dir='ltr'><strong>dentur</strong></span> <span class='ocrx_word' id='word_1_171' title='bbox 1395 2839 1493 2918; x_wconf 91' lang='lat' dir='ltr'><strong>plures</strong></span> <span class='ocrx_word' id='word_1_172' title='bbox 1515 2848 1636 2920; x_wconf 88' lang='lat' dir='ltr'><strong>septem.</strong></span> 
     </span>
    </p>
   </div>
   <div class='ocr_carea' id='block_1_5' title="bbox 516 2941 1413 3145">
    <p class='ocr_par' dir='ltr' id='par_1_7' title="bbox 516 2941 1413 3145">
     <span class='ocr_line' id='line_1_19' title="bbox 516 2941 1413 3066; baseline 0.004 -77"><span class='ocrx_word' id='word_1_173' title='bbox 516 2941 579 2990; x_wconf 76' lang='lat' dir='ltr'><strong>&#39;iota</strong></span> <span class='ocrx_word' id='word_1_174' title='bbox 596 2943 622 2991; x_wconf 91' lang='lat' dir='ltr'><strong>lu</strong></span> <span class='ocrx_word' id='word_1_175' title='bbox 641 2948 724 3006; x_wconf 89' lang='lat' dir='ltr'><strong>partes</strong></span> <span class='ocrx_word' id='word_1_176' title='bbox 743 2947 767 3006; x_wconf 72' lang='lat' dir='ltr'><strong>l,</strong></span> <span class='ocrx_word' id='word_1_177' title='bbox 786 2952 939 3007; x_wconf 84' lang='lat' dir='ltr'><strong>segmentum</strong></span> <span class='ocrx_word' id='word_1_178' title='bbox 958 2946 1066 3008; x_wconf 79' lang='lat' dir='ltr'><strong>partium</strong></span> <span class='ocrx_word' id='word_1_179' title='bbox 1079 2941 1103 3066; x_wconf 47' lang='grc' dir='ltr'><strong>ξ,</strong></span> <span class='ocrx_word' id='word_1_180' title='bbox 1128 2944 1253 2993; x_wconf 87' lang='lat' dir='ltr'><strong>residuum</strong></span> <span class='ocrx_word' id='word_1_181' title='bbox 1271 2945 1379 3007; x_wconf 84' lang='lat' dir='ltr'><strong>partium</strong></span> <span class='ocrx_word' id='word_1_182' title='bbox 1395 2942 1413 3066; x_wconf 55' lang='grc' dir='ltr'><strong>ὲ</strong></span> 
     </span>
     <span class='ocr_line' id='line_1_20' title="bbox 1009 3048 1324 3076; baseline 0 0"><span class='ocrx_word' id='word_1_183' title='bbox 1009 3050 1021 3076; x_wconf 81' lang='lat' dir='ltr'><strong>n</strong></span> <span class='ocrx_word' id='word_1_184' title='bbox 1191 3048 1203 3075; x_wconf 71' lang='lat' dir='ltr'><strong>li</strong></span> <span class='ocrx_word' id='word_1_185' title='bbox 1311 3050 1324 3076; x_wconf 80' lang='lat' dir='ltr'><strong>n</strong></span> 
     </span>
     <span class='ocr_line' id='line_1_21' title="bbox 1191 3119 1204 3145; baseline 0 0"><span class='ocrx_word' id='word_1_186' title='bbox 1191 3119 1204 3145; x_wconf 73' lang='lat' dir='ltr'><strong>il</strong></span> 
     </span>
    </p>
   </div>
   <div class='ocr_carea' id='block_1_6' title="bbox 297 3082 1637 3533">
    <p class='ocr_par' dir='ltr' id='par_1_8' title="bbox 852 3082 1413 3362">
     <span class='ocr_line' id='line_1_22' title="bbox 1080 3082 1413 3146; baseline -0.003 -9"><span class='ocrx_word' id='word_1_187' title='bbox 1080 3083 1102 3145; x_wconf 89' lang='lat' dir='ltr'><strong>i,</strong></span> <span class='ocrx_word' id='word_1_188' title='bbox 1312 3121 1325 3146; x_wconf 85' lang='lat'><strong>,</strong></span> <span class='ocrx_word' id='word_1_189' title='bbox 1397 3082 1413 3136; x_wconf 81' lang='lat'><strong>3</strong></span> 
     </span>
     <span class='ocr_line' id='line_1_23' title="bbox 853 3152 1412 3218; baseline -0.002 0"><span class='ocrx_word' id='word_1_190' title='bbox 853 3192 866 3218; x_wconf 64' lang='lat' dir='ltr'><strong>n</strong></span> <span class='ocrx_word' id='word_1_191' title='bbox 1010 3190 1022 3215; x_wconf 81' lang='lat' dir='ltr'><strong>n</strong></span> <span class='ocrx_word' id='word_1_192' title='bbox 1076 3153 1102 3216; x_wconf 71' lang='lat'><strong>12</strong></span> <span class='ocrx_word' id='word_1_193' title='bbox 1190 3189 1203 3215; x_wconf 57' lang='grc' dir='ltr'><em>ἢ</em></span> <span class='ocrx_word' id='word_1_194' title='bbox 1310 3190 1323 3217; x_wconf 79' lang='lat' dir='ltr'><strong>li</strong></span> <span class='ocrx_word' id='word_1_195' title='bbox 1394 3152 1412 3206; x_wconf 72' lang='grc'>4</span> 
     </span>
     <span class='ocr_line' id='line_1_24' title="bbox 852 3221 1413 3288; baseline -0.004 0"><span class='ocrx_word' id='word_1_196' title='bbox 852 3261 866 3288; x_wconf 64' lang='lat' dir='ltr'>D</span> <span class='ocrx_word' id='word_1_197' title='bbox 997 3260 1022 3287; x_wconf 67' lang='lat' dir='ltr'><strong>=n</strong></span> <span class='ocrx_word' id='word_1_198' title='bbox 1077 3221 1102 3281; x_wconf 68' lang='lat'><strong>2⁸</strong></span> <span class='ocrx_word' id='word_1_199' title='bbox 1191 3260 1203 3286; x_wconf 82' lang='lat' dir='ltr'><strong>n</strong></span> <span class='ocrx_word' id='word_1_200' title='bbox 1312 3261 1325 3286; x_wconf 81' lang='lat' dir='ltr'><strong>ii</strong></span> <span class='ocrx_word' id='word_1_201' title='bbox 1396 3221 1413 3276; x_wconf 74' lang='grc'>3</span> 
     </span>
     <span class='ocr_line' id='line_1_25' title="bbox 1009 3293 1412 3362; baseline 0.002 -6"><span class='ocrx_word' id='word_1_202' title='bbox 1009 3330 1021 3356; x_wconf 72' lang='lat' dir='ltr'><strong>li</strong></span> <span class='ocrx_word' id='word_1_203' title='bbox 1078 3294 1102 3362; x_wconf 68' lang='grc'><strong>1)</strong></span> <span class='ocrx_word' id='word_1_204' title='bbox 1191 3330 1203 3355; x_wconf 81' lang='lat' dir='ltr'><strong>n</strong></span> <span class='ocrx_word' id='word_1_205' title='bbox 1312 3331 1324 3357; x_wconf 74' lang='lat' dir='ltr'><strong>ii</strong></span> <span class='ocrx_word' id='word_1_206' title='bbox 1396 3293 1412 3347; x_wconf 69' lang='grc'>5</span> 
     </span>
    </p>

    <p class='ocr_par' dir='ltr' id='par_1_9' title="bbox 297 3363 1637 3533">
     <span class='ocr_line' id='line_1_26' title="bbox 532 3363 1411 3437; baseline 0.003 -14"><span class='ocrx_word' id='word_1_207' title='bbox 532 3398 545 3423; x_wconf 80' lang='lat' dir='ltr'><strong>rr</strong></span> <span class='ocrx_word' id='word_1_208' title='bbox 602 3398 614 3424; x_wconf 85' lang='lat' dir='ltr'><strong>rr</strong></span> <span class='ocrx_word' id='word_1_209' title='bbox 640 3434 642 3437; x_wconf 88' lang='lat'>.</span> <span class='ocrx_word' id='word_1_210' title='bbox 672 3399 685 3425; x_wconf 83' lang='lat' dir='ltr'><strong>rr</strong></span> <span class='ocrx_word' id='word_1_211' title='bbox 852 3401 865 3427; x_wconf 84' lang='lat' dir='ltr'><strong>rr</strong></span> <span class='ocrx_word' id='word_1_212' title='bbox 1008 3401 1021 3426; x_wconf 86' lang='lat' dir='ltr'><strong>rr</strong></span> <span class='ocrx_word' id='word_1_213' title='bbox 1075 3363 1100 3424; x_wconf 72' lang='lat' dir='ltr'><strong>3r</strong></span> <span class='ocrx_word' id='word_1_214' title='bbox 1188 3401 1201 3426; x_wconf 80' lang='lat' dir='ltr'><strong>rr</strong></span> <span class='ocrx_word' id='word_1_215' title='bbox 1310 3401 1322 3426; x_wconf 86' lang='lat' dir='ltr'><strong>rr</strong></span> <span class='ocrx_word' id='word_1_216' title='bbox 1395 3364 1411 3417; x_wconf 75' lang='grc'>5</span> 
     </span>
     <span class='ocr_line' id='line_1_27' title="bbox 297 3449 1637 3533; baseline 0.004 -24"><span class='ocrx_word' id='word_1_217' title='bbox 297 3484 299 3490; x_wconf 61' lang='grc'><strong><em>«</em></strong></span> <span class='ocrx_word' id='word_1_218' title='bbox 379 3449 420 3510; x_wconf 81' lang='lat' dir='ltr'><strong>At</strong></span> <span class='ocrx_word' id='word_1_219' title='bbox 441 3453 467 3510; x_wconf 92' lang='lat' dir='ltr'><strong>si</strong></span> <span class='ocrx_word' id='word_1_220' title='bbox 489 3458 603 3512; x_wconf 86' lang='lat' dir='ltr'><strong>secetur</strong></span> <span class='ocrx_word' id='word_1_221' title='bbox 624 3457 688 3512; x_wconf 90' lang='lat' dir='ltr'><strong>tota</strong></span> <span class='ocrx_word' id='word_1_222' title='bbox 709 3453 739 3510; x_wconf 90' lang='lat' dir='ltr'><strong>in</strong></span> <span class='ocrx_word' id='word_1_223' title='bbox 762 3458 859 3531; x_wconf 89' lang='lat' dir='ltr'><strong>partes</strong></span> <span class='ocrx_word' id='word_1_224' title='bbox 877 3454 906 3533; x_wconf 86' lang='lat'><strong>8,</strong></span> <span class='ocrx_word' id='word_1_225' title='bbox 929 3459 1167 3530; x_wconf 79' lang='lat' dir='ltr'><strong>augmentumque</strong></span> <span class='ocrx_word' id='word_1_226' title='bbox 1189 3453 1228 3513; x_wconf 92' lang='lat' dir='ltr'><strong>sit</strong></span> <span class='ocrx_word' id='word_1_227' title='bbox 1249 3457 1339 3532; x_wconf 88' lang='lat' dir='ltr'><strong>partis</strong></span> <span class='ocrx_word' id='word_1_228' title='bbox 1356 3456 1383 3530; x_wconf 92' lang='lat'><strong>1,</strong></span> <span class='ocrx_word' id='word_1_229' title='bbox 1404 3452 1552 3515; x_wconf 88' lang='lat' dir='ltr'><strong>residuum</strong></span> <span class='ocrx_word' id='word_1_230' title='bbox 1566 3472 1637 3533; x_wconf 83' lang='lat' dir='ltr'><strong>par-</strong></span> 
     </span>
    </p>
   </div>
   <div class='ocr_carea' id='block_1_7' title="bbox 184 3538 1637 3619">
    <p class='ocr_par' dir='ltr' id='par_1_10' title="bbox 184 3538 1637 3619">
     <span class='ocr_line' id='line_1_28' title="bbox 184 3538 1637 3619; baseline 0.006 -27"><span class='ocrx_word' id='word_1_231' title='bbox 184 3585 188 3592; x_wconf 90' lang='lat'><em>.</em></span> <span class='ocrx_word' id='word_1_232' title='bbox 290 3538 364 3602; x_wconf 87' lang='lat' dir='ltr'><strong>tium</strong></span> <span class='ocrx_word' id='word_1_233' title='bbox 389 3541 418 3610; x_wconf 81' lang='grc'><strong>7,</strong></span> <span class='ocrx_word' id='word_1_234' title='bbox 442 3546 494 3598; x_wconf 92' lang='lat' dir='ltr'><strong>aut</strong></span> <span class='ocrx_word' id='word_1_235' title='bbox 515 3545 579 3599; x_wconf 91' lang='lat' dir='ltr'><strong>tota</strong></span> <span class='ocrx_word' id='word_1_236' title='bbox 601 3539 631 3597; x_wconf 93' lang='lat' dir='ltr'><strong>in</strong></span> <span class='ocrx_word' id='word_1_237' title='bbox 657 3540 705 3614; x_wconf 92' lang='lat'><strong>10,</strong></span> <span class='ocrx_word' id='word_1_238' title='bbox 733 3547 915 3617; x_wconf 86' lang='lat' dir='ltr'><strong>segmentum</strong></span> <span class='ocrx_word' id='word_1_239' title='bbox 940 3543 966 3612; x_wconf 91' lang='grc'><strong>1,</strong></span> <span class='ocrx_word' id='word_1_240' title='bbox 996 3539 1144 3601; x_wconf 83' lang='lat' dir='ltr'><strong>residuum</strong></span> <span class='ocrx_word' id='word_1_241' title='bbox 1168 3542 1197 3615; x_wconf 83' lang='lat'><strong>9,</strong></span> <span class='ocrx_word' id='word_1_242' title='bbox 1225 3548 1277 3602; x_wconf 91' lang='lat' dir='ltr'><strong>aut</strong></span> <span class='ocrx_word' id='word_1_243' title='bbox 1298 3548 1478 3619; x_wconf 83' lang='lat' dir='ltr'><strong>segmentum</strong></span> <span class='ocrx_word' id='word_1_244' title='bbox 1502 3543 1532 3617; x_wconf 85' lang='lat'><strong>3,</strong></span> <span class='ocrx_word' id='word_1_245' title='bbox 1560 3545 1637 3602; x_wconf 88' lang='lat' dir='ltr'><strong>resi·</strong></span> 
     </span>
    </p>
   </div>
   <div class='ocr_carea' id='block_1_8' title="bbox 284 3623 1638 3965">
    <p class='ocr_par' dir='ltr' id='par_1_11' title="bbox 284 3623 1638 3965">
     <span class='ocr_line' id='line_1_29' title="bbox 284 3623 1637 3774; baseline 0.002 -86"><span class='ocrx_word' id='word_1_246' title='bbox 284 3623 380 3774; x_wconf 48' lang='grc' dir='ltr'><strong>ἔξω</strong></span> <span class='ocrx_word' id='word_1_247' title='bbox 405 3629 433 3699; x_wconf 80' lang='lat' dir='ltr'><strong>i,</strong></span> <span class='ocrx_word' id='word_1_248' title='bbox 465 3627 555 3687; x_wconf 90' lang='lat' dir='ltr'><strong>sectio</strong></span> <span class='ocrx_word' id='word_1_249' title='bbox 578 3642 637 3686; x_wconf 91' lang='lat' dir='ltr'><strong>nou</strong></span> <span class='ocrx_word' id='word_1_250' title='bbox 661 3633 705 3687; x_wconf 88' lang='lat' dir='ltr'><strong>est</strong></span> <span class='ocrx_word' id='word_1_251' title='bbox 726 3627 909 3704; x_wconf 85' lang='lat' dir='ltr'><strong>harmonica,</strong></span> <span class='ocrx_word' id='word_1_252' title='bbox 934 3629 1004 3705; x_wconf 87' lang='lat' dir='ltr'><strong>quia</strong></span> <span class='ocrx_word' id='word_1_253' title='bbox 1025 3628 1056 3712; x_wconf 71' lang='lat' dir='ltr'><strong>l„</strong></span> <span class='ocrx_word' id='word_1_254' title='bbox 1077 3627 1108 3714; x_wconf 65' lang='lat' dir='ltr'><strong>g,</strong></span> <span class='ocrx_word' id='word_1_255' title='bbox 1131 3627 1161 3713; x_wconf 56' lang='lat' dir='ltr'><strong>g,</strong></span> <span class='ocrx_word' id='word_1_256' title='bbox 1183 3627 1215 3716; x_wconf 54' lang='grc' dir='ltr'><strong>ἢ,</strong></span> <span class='ocrx_word' id='word_1_257' title='bbox 1238 3627 1281 3714; x_wconf 61' lang='lat'><strong>1⁷,</strong></span> <span class='ocrx_word' id='word_1_258' title='bbox 1302 3647 1392 3707; x_wconf 91' lang='lat' dir='ltr'><strong>supra</strong></span> <span class='ocrx_word' id='word_1_259' title='bbox 1412 3632 1538 3709; x_wconf 80' lang='lat' dir='ltr'><strong>reperies</strong></span> <span class='ocrx_word' id='word_1_260' title='bbox 1561 3632 1637 3691; x_wconf 90' lang='lat' dir='ltr'><strong>inter</strong></span> 
     </span>
     <span class='ocr_line' id='line_1_30' title="bbox 351 3729 1637 3881; baseline 0.002 -22"><span class='ocrx_word' id='word_1_261' title='bbox 351 3729 471 3877; x_wconf 50' lang='lat' dir='ltr'><strong>oiaglmr</strong></span> <span class='ocrx_word' id='word_1_262' title='bbox 492 3806 597 3859; x_wconf 88' lang='lat' dir='ltr'><strong>natura</strong></span> <span class='ocrx_word' id='word_1_263' title='bbox 618 3800 697 3877; x_wconf 87' lang='lat' dir='ltr'><strong>prior</strong></span> <span class='ocrx_word' id='word_1_264' title='bbox 718 3808 763 3861; x_wconf 85' lang='lat' dir='ltr'><strong>cst</strong></span> <span class='ocrx_word' id='word_1_265' title='bbox 784 3801 953 3877; x_wconf 86' lang='lat' dir='ltr'><strong>harmonia,</strong></span> <span class='ocrx_word' id='word_1_266' title='bbox 985 3819 1073 3879; x_wconf 87' lang='lat' dir='ltr'><strong>qnam</strong></span> <span class='ocrx_word' id='word_1_267' title='bbox 1096 3801 1160 3879; x_wconf 87' lang='lat' dir='ltr'><strong>ejus</strong></span> <span class='ocrx_word' id='word_1_268' title='bbox 1182 3820 1287 3865; x_wconf 93' lang='lat' dir='ltr'><strong>nomen</strong></span> <span class='ocrx_word' id='word_1_269' title='bbox 1310 3803 1357 3864; x_wconf 85' lang='lat' dir='ltr'><strong>rcl</strong></span> <span class='ocrx_word' id='word_1_270' title='bbox 1380 3804 1524 3865; x_wconf 89' lang='lat' dir='ltr'><strong>elementa</strong></span> <span class='ocrx_word' id='word_1_271' title='bbox 1546 3765 1637 3881; x_wconf 84' lang='lat' dir='ltr'><strong>vulgo</strong></span> 
     </span>
     <span class='ocr_line' id='line_1_31' title="bbox 291 3886 1638 3965; baseline 0 -16"><span class='ocrx_word' id='word_1_272' title='bbox 291 3886 449 3959; x_wconf 83' lang='lat' dir='ltr'><strong>celebrata,</strong></span> <span class='ocrx_word' id='word_1_273' title='bbox 472 3906 491 3947; x_wconf 91' lang='lat' dir='ltr'><strong>a</strong></span> <span class='ocrx_word' id='word_1_274' title='bbox 513 3903 637 3965; x_wconf 86' lang='lat' dir='ltr'><strong>quorum</strong></span> <span class='ocrx_word' id='word_1_275' title='bbox 657 3905 778 3964; x_wconf 85' lang='lat' dir='ltr'><strong>pumero</strong></span> <span class='ocrx_word' id='word_1_276' title='bbox 800 3890 971 3951; x_wconf 84' lang='lat' dir='ltr'><strong>harmoniae</strong></span> <span class='ocrx_word' id='word_1_277' title='bbox 994 3889 1225 3951; x_wconf 75' lang='lat' dir='ltr'><strong>denominantur.</strong></span> <span class='ocrx_word' id='word_1_278' title='bbox 1262 3892 1378 3952; x_wconf 83' lang='lat' dir='ltr'><strong>Divisio</strong></span> <span class='ocrx_word' id='word_1_279' title='bbox 1401 3907 1471 3952; x_wconf 86' lang='lat' dir='ltr'><strong>rero</strong></span> <span class='ocrx_word' id='word_1_280' title='bbox 1493 3894 1523 3950; x_wconf 89' lang='lat' dir='ltr'><strong>iu</strong></span> <span class='ocrx_word' id='word_1_281' title='bbox 1546 3892 1638 3951; x_wconf 90' lang='lat' dir='ltr'><strong>iuter-</strong></span> 
     </span>
    </p>
   </div>
   <div class='ocr_carea' id='block_1_9' title="bbox 290 3973 1748 4059">
    <p class='ocr_par' dir='ltr' id='par_1_12' title="bbox 290 3973 1748 4059">
     <span class='ocr_line' id='line_1_32' title="bbox 290 3973 1748 4059; baseline 0.005 -25"><span class='ocrx_word' id='word_1_282' title='bbox 290 3973 374 4036; x_wconf 83' lang='lat' dir='ltr'><strong>valla</strong></span> <span class='ocrx_word' id='word_1_283' title='bbox 394 3976 507 4035; x_wconf 88' lang='lat' dir='ltr'><strong>minora</strong></span> <span class='ocrx_word' id='word_1_284' title='bbox 523 3973 638 4036; x_wconf 82' lang='lat' dir='ltr'><strong>accidit</strong></span> <span class='ocrx_word' id='word_1_285' title='bbox 659 3975 822 4038; x_wconf 79' lang='lat' dir='ltr'><strong>intervallis</strong></span> <span class='ocrx_word' id='word_1_286' title='bbox 845 3978 1022 4039; x_wconf 86' lang='lat' dir='ltr'><strong>harmonicis</strong></span> <span class='ocrx_word' id='word_1_287' title='bbox 1038 3979 1191 4056; x_wconf 88' lang='lat' dir='ltr'><strong>posterius,</strong></span> <span class='ocrx_word' id='word_1_288' title='bbox 1214 3981 1348 4039; x_wconf 88' lang='lat' dir='ltr'><strong>uimimm</strong></span> <span class='ocrx_word' id='word_1_289' title='bbox 1370 3996 1406 4039; x_wconf 86' lang='lat' dir='ltr'><strong>ex</strong></span> <span class='ocrx_word' id='word_1_290' title='bbox 1421 3976 1637 4059; x_wconf 82' lang='lat' dir='ltr'><strong>comparatione</strong></span> <span class='ocrx_word' id='word_1_291' title='bbox 1740 4011 1748 4023; x_wconf 70' lang='lat'><strong>,</strong></span> 
     </span>
    </p>
   </div>
   <div class='ocr_carea' id='block_1_10' title="bbox 259 4061 662 4149">
    <p class='ocr_par' dir='ltr' id='par_1_13' title="bbox 259 4061 662 4149">
     <span class='ocr_line' id='line_1_33' title="bbox 259 4061 662 4149; baseline 0.007 -28"><span class='ocrx_word' id='word_1_292' title='bbox 259 4143 262 4149; x_wconf 13' lang='lat' dir='ltr'><em>ff</em></span> <span class='ocrx_word' id='word_1_293' title='bbox 287 4061 504 4122; x_wconf 74' lang='lat' dir='ltr'><strong>harmoniarum</strong></span> <span class='ocrx_word' id='word_1_294' title='bbox 525 4063 600 4123; x_wconf 90' lang='lat' dir='ltr'><strong>inter</strong></span> <span class='ocrx_word' id='word_1_295' title='bbox 621 4079 662 4124; x_wconf 86' lang='lat' dir='ltr'><strong>sc.</strong></span> 
     </span>
    </p>
   </div>
   <div class='ocr_carea' id='block_1_11' title="bbox 685 4151 1291 4564">
    <p class='ocr_par' dir='ltr' id='par_1_14' title="bbox 685 4151 883 4200">
     <span class='ocr_line' id='line_1_34' title="bbox 685 4151 883 4200; baseline 0.005 -1"><span class='ocrx_word' id='word_1_296' title='bbox 685 4151 792 4200; x_wconf 85' lang='lat' dir='ltr'><strong>luteret</strong></span> <span class='ocrx_word' id='word_1_297' title='bbox 845 4155 883 4200; x_wconf 86' lang='lat' dir='ltr'><strong>sst</strong></span> 
     </span>
    </p>

    <p class='ocr_par' dir='ltr' id='par_1_15' title="bbox 716 4254 866 4282">
     <span class='ocr_line' id='line_1_35' title="bbox 716 4254 866 4282; baseline 0.013 -2"><span class='ocrx_word' id='word_1_298' title='bbox 716 4255 729 4280; x_wconf 68' lang='lat' dir='ltr'><strong>ll</strong></span> <span class='ocrx_word' id='word_1_299' title='bbox 768 4254 781 4280; x_wconf 57' lang='grc' dir='ltr'><em>ἢ</em></span> <span class='ocrx_word' id='word_1_300' title='bbox 853 4257 866 4282; x_wconf 78' lang='lat' dir='ltr'><strong>n</strong></span> 
     </span>
    </p>

    <p class='ocr_par' dir='ltr' id='par_1_16' title="bbox 716 4324 867 4351">
     <span class='ocr_line' id='line_1_36' title="bbox 716 4324 867 4351; baseline 0.013 -2"><span class='ocrx_word' id='word_1_301' title='bbox 716 4324 780 4350; x_wconf 75' lang='lat' dir='ltr'><strong>nrt</strong></span> <span class='ocrx_word' id='word_1_302' title='bbox 855 4325 867 4351; x_wconf 77' lang='lat' dir='ltr'><strong>li</strong></span> 
     </span>
    </p>

    <p class='ocr_par' dir='ltr' id='par_1_17' title="bbox 715 4359 1291 4503">
     <span class='ocr_line' id='line_1_37' title="bbox 715 4359 1291 4503; baseline 0.005 -94"><span class='ocrx_word' id='word_1_303' title='bbox 715 4394 728 4420; x_wconf 91' lang='lat'>„</span> <span class='ocrx_word' id='word_1_304' title='bbox 768 4392 780 4420; x_wconf 82' lang='lat'><strong>,</strong></span> <span class='ocrx_word' id='word_1_305' title='bbox 855 4395 868 4423; x_wconf 85' lang='lat'><strong><em>„</em></strong></span> <span class='ocrx_word' id='word_1_306' title='bbox 896 4359 1098 4501; x_wconf 36' lang='lat' dir='ltr'><strong>&amp;nicetium</strong></span> <span class='ocrx_word' id='word_1_307' title='bbox 1116 4359 1291 4503; x_wconf 47' lang='lat' dir='ltr'><strong>iuter‘etss</strong></span> 
     </span>
    </p>

    <p class='ocr_par' dir='ltr' id='par_1_18' title="bbox 716 4464 1248 4564">
     <span class='ocr_line' id='line_1_38' title="bbox 716 4464 1248 4495; baseline 0.008 -4"><span class='ocrx_word' id='word_1_308' title='bbox 716 4464 729 4491; x_wconf 68' lang='lat' dir='ltr'><em>n</em></span> <span class='ocrx_word' id='word_1_309' title='bbox 767 4464 780 4491; x_wconf 65' lang='lat' dir='ltr'><em>D</em></span> <span class='ocrx_word' id='word_1_310' title='bbox 854 4465 867 4493; x_wconf 69' lang='grc'>1</span> <span class='ocrx_word' id='word_1_311' title='bbox 1236 4469 1248 4495; x_wconf 81' lang='lat' dir='ltr'><strong>n</strong></span> 
     </span>
     <span class='ocr_line' id='line_1_39' title="bbox 768 4534 866 4564; baseline 0.041 -4"><span class='ocrx_word' id='word_1_312' title='bbox 768 4534 810 4560; x_wconf 78' lang='lat' dir='ltr'><strong>n&#39;</strong></span> <span class='ocrx_word' id='word_1_313' title='bbox 853 4537 866 4564; x_wconf 72' lang='lat' dir='ltr'><strong>n</strong></span> 
     </span>
    </p>
   </div>
   <div class='ocr_carea' id='block_1_12' title="bbox 651 4466 1077 4571">
    <p class='ocr_par' dir='ltr' id='par_1_19' title="bbox 651 4466 1077 4571">
     <span class='ocr_line' id='line_1_40' title="bbox 651 4466 1077 4571; baseline 0.005 -3"><span class='ocrx_word' id='word_1_314' title='bbox 651 4498 729 4568; x_wconf 77' lang='lat' dir='ltr'><strong>r.</strong></span> <span class='ocrx_word' id='word_1_315' title='bbox 895 4466 1077 4571; x_wconf 75' lang='lat' dir='ltr'><strong>e&#39;”</strong></span> 
     </span>
    </p>
   </div>
   <div class='ocr_carea' id='block_1_13' title="bbox 284 4572 1721 5273">
    <p class='ocr_par' dir='ltr' id='par_1_20' title="bbox 284 4572 1721 5273">
     <span class='ocr_line' id='line_1_41' title="bbox 289 4572 1635 4670; baseline 0.008 -36"><span class='ocrx_word' id='word_1_316' title='bbox 289 4572 411 4651; x_wconf 83' lang='lat' dir='ltr'><strong>Viden&#39;,</strong></span> <span class='ocrx_word' id='word_1_317' title='bbox 441 4582 475 4636; x_wconf 95' lang='lat' dir='ltr'><strong>ut</strong></span> <span class='ocrx_word' id='word_1_318' title='bbox 503 4594 538 4635; x_wconf 82' lang='lat' dir='ltr'><strong>ex</strong></span> <span class='ocrx_word' id='word_1_319' title='bbox 569 4580 785 4657; x_wconf 87' lang='lat' dir='ltr'><strong>comparatione</strong></span> <span class='ocrx_word' id='word_1_320' title='bbox 815 4580 1030 4643; x_wconf 73' lang='lat' dir='ltr'><strong>harmoniarum</strong></span> <span class='ocrx_word' id='word_1_321' title='bbox 1061 4580 1165 4643; x_wconf 89' lang='lat' dir='ltr'><strong>dentur</strong></span> <span class='ocrx_word' id='word_1_322' title='bbox 1194 4583 1268 4645; x_wconf 84' lang='lat' dir='ltr'><strong>haec</strong></span> <span class='ocrx_word' id='word_1_323' title='bbox 1298 4584 1464 4646; x_wconf 79' lang='lat' dir='ltr'><strong>intervalla:</strong></span> <span class='ocrx_word' id='word_1_324' title='bbox 1497 4582 1519 4670; x_wconf 63' lang='grc' dir='ltr'>ξ</span> <span class='ocrx_word' id='word_1_325' title='bbox 1548 4592 1635 4645; x_wconf 90' lang='lat' dir='ltr'><strong>tonus</strong></span> 
     </span>
     <span class='ocr_line' id='line_1_42' title="bbox 288 4662 1636 4824; baseline 0.008 -103"><span class='ocrx_word' id='word_1_326' title='bbox 288 4662 390 4824; x_wconf 49' lang='lat' dir='ltr'><strong>unffi,</strong></span> <span class='ocrx_word' id='word_1_327' title='bbox 412 4662 456 4748; x_wconf 54' lang='grc' dir='ltr'><strong>ἧς</strong></span> <span class='ocrx_word' id='word_1_328' title='bbox 477 4663 565 4725; x_wconf 87' lang='lat' dir='ltr'><strong>tonus</strong></span> <span class='ocrx_word' id='word_1_329' title='bbox 585 4666 688 4739; x_wconf 90' lang='lat' dir='ltr'><strong>minor,</strong></span> <span class='ocrx_word' id='word_1_330' title='bbox 711 4665 756 4757; x_wconf 47' lang='grc' dir='ltr'><em>ἦ</em></span> <span class='ocrx_word' id='word_1_331' title='bbox 769 4671 964 4747; x_wconf 87' lang='lat' dir='ltr'><strong>semitonium,</strong></span> <span class='ocrx_word' id='word_1_332' title='bbox 989 4668 1030 4757; x_wconf 55' lang='grc' dir='ltr'><strong>ἓξ</strong></span> <span class='ocrx_word' id='word_1_333' title='bbox 1046 4668 1208 4732; x_wconf 78' lang='lat' dir='ltr'><strong>differentia</strong></span> <span class='ocrx_word' id='word_1_334' title='bbox 1229 4674 1302 4733; x_wconf 92' lang='lat' dir='ltr'><strong>iuter</strong></span> <span class='ocrx_word' id='word_1_335' title='bbox 1324 4670 1354 4757; x_wconf 60' lang='grc' dir='ltr'><strong>ξ,</strong></span> <span class='ocrx_word' id='word_1_336' title='bbox 1376 4670 1412 4759; x_wconf 57' lang='lat' dir='ltr'><strong>g,</strong></span> <span class='ocrx_word' id='word_1_337' title='bbox 1437 4689 1513 4749; x_wconf 85' lang='lat' dir='ltr'><strong>quac</strong></span> <span class='ocrx_word' id='word_1_338' title='bbox 1530 4671 1636 4736; x_wconf 90' lang='lat' dir='ltr'><strong>dicitur</strong></span> 
     </span>
     <span class='ocr_line' id='line_1_43' title="bbox 374 4836 1636 4925; baseline 0.009 -29"><span class='ocrx_word' id='word_1_339' title='bbox 374 4836 535 4898; x_wconf 72' lang='lat' dir='ltr'><strong>Intervalla</strong></span> <span class='ocrx_word' id='word_1_340' title='bbox 548 4841 657 4925; x_wconf 31' lang='lat' dir='ltr'><strong>ligitur,</strong></span> <span class='ocrx_word' id='word_1_341' title='bbox 691 4858 725 4901; x_wconf 84' lang='lat' dir='ltr'><strong>ex</strong></span> <span class='ocrx_word' id='word_1_342' title='bbox 749 4849 965 4924; x_wconf 88' lang='lat' dir='ltr'><strong>comparatione</strong></span> <span class='ocrx_word' id='word_1_343' title='bbox 986 4844 1201 4904; x_wconf 88' lang='lat' dir='ltr'><strong>harmoniarum</strong></span> <span class='ocrx_word' id='word_1_344' title='bbox 1223 4853 1303 4922; x_wconf 87' lang='lat' dir='ltr'><strong>orta,</strong></span> <span class='ocrx_word' id='word_1_345' title='bbox 1333 4854 1402 4906; x_wconf 88' lang='lat' dir='ltr'><strong>suut</strong></span> <span class='ocrx_word' id='word_1_346' title='bbox 1430 4848 1496 4924; x_wconf 85' lang='lat' dir='ltr'><strong>ipss</strong></span> <span class='ocrx_word' id='word_1_347' title='bbox 1517 4844 1636 4922; x_wconf 89' lang='lat' dir='ltr'><strong>quidem</strong></span> 
     </span>
     <span class='ocr_line' id='line_1_44' title="bbox 290 4920 1635 5017; baseline 0.007 -33"><span class='ocrx_word' id='word_1_348' title='bbox 290 4920 425 5000; x_wconf 72' lang='grc' dir='ltr'><strong>ᾶὶωοιια,</strong></span> <span class='ocrx_word' id='word_1_349' title='bbox 453 4923 514 4985; x_wconf 87' lang='lat' dir='ltr'><strong>sed·</strong></span> <span class='ocrx_word' id='word_1_350' title='bbox 528 4934 625 4988; x_wconf 89' lang='lat' dir='ltr'><strong>tamen</strong></span> <span class='ocrx_word' id='word_1_351' title='bbox 648 4931 806 5005; x_wconf 87' lang='lat' dir='ltr'><strong>concinna,</strong></span> <span class='ocrx_word' id='word_1_352' title='bbox 829 4931 943 5011; x_wconf 75' lang='grc' dir='ltr'><strong><em>ἐμμελη.</em></strong></span> <span class='ocrx_word' id='word_1_353' title='bbox 989 4930 1119 5008; x_wconf 86' lang='lat' dir='ltr'><strong>Quorum</strong></span> <span class='ocrx_word' id='word_1_354' title='bbox 1140 4931 1214 4993; x_wconf 89' lang='lat' dir='ltr'><strong>haec</strong></span> <span class='ocrx_word' id='word_1_355' title='bbox 1236 4940 1280 5005; x_wconf 89' lang='lat' dir='ltr'><strong>est</strong></span> <span class='ocrx_word' id='word_1_356' title='bbox 1303 4932 1478 5010; x_wconf 86' lang='lat' dir='ltr'><strong>differentia,</strong></span> <span class='ocrx_word' id='word_1_357' title='bbox 1502 4932 1581 5010; x_wconf 84' lang='lat' dir='ltr'><strong>quod</strong></span> <span class='ocrx_word' id='word_1_358' title='bbox 1604 4932 1635 5017; x_wconf 61' lang='lat' dir='ltr'><strong>g,</strong></span> 
     </span>
     <span class='ocr_line' id='line_1_45' title="bbox 290 5008 1721 5106; baseline 0.008 -35"><span class='ocrx_word' id='word_1_359' title='bbox 290 5008 349 5096; x_wconf 58' lang='lat' dir='ltr'><strong>fg,</strong></span> <span class='ocrx_word' id='word_1_360' title='bbox 372 5011 568 5099; x_wconf 32' lang='lat' dir='ltr'><strong>ppvcanendo</strong></span> <span class='ocrx_word' id='word_1_361' title='bbox 591 5023 775 5077; x_wconf 81' lang='lat' dir='ltr'><strong>nmscuntur</strong></span> <span class='ocrx_word' id='word_1_362' title='bbox 788 5027 893 5092; x_wconf 76' lang='lat' dir='ltr'><strong>nutura</strong></span> <span class='ocrx_word' id='word_1_363' title='bbox 912 5019 998 5092; x_wconf 89' lang='lat' dir='ltr'><strong>duce,</strong></span> <span class='ocrx_word' id='word_1_364' title='bbox 1021 5019 1073 5080; x_wconf 91' lang='lat' dir='ltr'><strong>sed</strong></span> <span class='ocrx_word' id='word_1_365' title='bbox 1098 5018 1137 5106; x_wconf 49' lang='grc' dir='ltr'><strong>ξς</strong></span> <span class='ocrx_word' id='word_1_366' title='bbox 1159 5037 1218 5081; x_wconf 93' lang='lat' dir='ltr'><strong>nou</strong></span> <span class='ocrx_word' id='word_1_367' title='bbox 1240 5024 1378 5100; x_wconf 76' lang='lat' dir='ltr'><strong>trunsitur</strong></span> <span class='ocrx_word' id='word_1_368' title='bbox 1399 5038 1459 5081; x_wconf 92' lang='lat' dir='ltr'><strong>nuo</strong></span> <span class='ocrx_word' id='word_1_369' title='bbox 1482 5028 1511 5081; x_wconf 93' lang='lat' dir='ltr'><strong>ct</strong></span> <span class='ocrx_word' id='word_1_370' title='bbox 1533 5019 1637 5081; x_wconf 89' lang='lat' dir='ltr'><strong>eodem</strong></span> <span class='ocrx_word' id='word_1_371' title='bbox 1719 5057 1721 5061; x_wconf 53' lang='lat'><em>2</em></span> 
     </span>
     <span class='ocr_line' id='line_1_46' title="bbox 284 5101 1637 5190; baseline 0.009 -32"><span class='ocrx_word' id='word_1_372' title='bbox 284 5106 385 5159; x_wconf 85' lang='lat' dir='ltr'><strong>-traotn</strong></span> <span class='ocrx_word' id='word_1_373' title='bbox 408 5107 519 5160; x_wconf 87' lang='lat' dir='ltr'><strong>cautus.</strong></span> <span class='ocrx_word' id='word_1_374' title='bbox 549 5101 647 5163; x_wconf 82' lang='lat' dir='ltr'><strong>Causa</strong></span> <span class='ocrx_word' id='word_1_375' title='bbox 662 5104 838 5169; x_wconf 83' lang='lat' dir='ltr'><strong>differentiae</strong></span> <span class='ocrx_word' id='word_1_376' title='bbox 861 5114 906 5168; x_wconf 89' lang='lat' dir='ltr'><strong>est</strong></span> <span class='ocrx_word' id='word_1_377' title='bbox 927 5101 1000 5166; x_wconf 67' lang='lat' dir='ltr'><strong>ista}</strong></span> <span class='ocrx_word' id='word_1_378' title='bbox 1021 5107 1077 5166; x_wconf 83' lang='lat' dir='ltr'><strong>tn&#39;a</strong></span> <span class='ocrx_word' id='word_1_379' title='bbox 1098 5108 1344 5185; x_wconf 81' lang='lat' dir='ltr'><strong>suntdgnrarum</strong></span> <span class='ocrx_word' id='word_1_380' title='bbox 1365 5126 1522 5190; x_wconf 19' lang='lat' dir='ltr'><strong>generabo</strong></span> <span class='ocrx_word' id='word_1_381' title='bbox 1543 5109 1637 5170; x_wconf 87' lang='lat' dir='ltr'><strong>trihus</strong></span> 
     </span>
     <span class='ocr_line' id='line_1_47' title="bbox 290 5186 1635 5273; baseline 0.01 -29"><span class='ocrx_word' id='word_1_382' title='bbox 290 5186 465 5264; x_wconf 75' lang='lat' dir='ltr'><strong>capitalibus</strong></span> <span class='ocrx_word' id='word_1_383' title='bbox 486 5188 585 5265; x_wconf 79' lang='lat' dir='ltr'><strong>liguris</strong></span> <span class='ocrx_word' id='word_1_384' title='bbox 608 5199 687 5266; x_wconf 80' lang='lat' dir='ltr'><strong>ortu,</strong></span> <span class='ocrx_word' id='word_1_385' title='bbox 710 5211 729 5253; x_wconf 91' lang='lat' dir='ltr'><strong>e</strong></span> <span class='ocrx_word' id='word_1_386' title='bbox 750 5195 873 5271; x_wconf 90' lang='lat' dir='ltr'><strong>trigono,</strong></span> <span class='ocrx_word' id='word_1_387' title='bbox 899 5187 1066 5271; x_wconf 83' lang='lat' dir='ltr'><strong>tetragono,</strong></span> <span class='ocrx_word' id='word_1_388' title='bbox 1089 5204 1272 5272; x_wconf 83' lang='lat' dir='ltr'><strong>pentagono,</strong></span> <span class='ocrx_word' id='word_1_389' title='bbox 1296 5215 1313 5257; x_wconf 92' lang='lat' dir='ltr'><strong>e</strong></span> <span class='ocrx_word' id='word_1_390' title='bbox 1336 5197 1442 5273; x_wconf 86' lang='lat' dir='ltr'><strong>quihus</strong></span> <span class='ocrx_word' id='word_1_391' title='bbox 1465 5204 1635 5273; x_wconf 77' lang='lat' dir='ltr'><strong>tetragonus</strong></span> 
     </span>
    </p>
   </div>
   <div class='ocr_carea' id='block_1_14' title="bbox 289 5276 1751 5362">
    <p class='ocr_par' dir='ltr' id='par_1_21' title="bbox 289 5276 1751 5362">
     <span class='ocr_line' id='line_1_48' title="bbox 289 5276 1751 5362; baseline -0.007 -27"><span class='ocrx_word' id='word_1_392' title='bbox 289 5276 506 5360; x_wconf 91' lang='lat' dir='ltr'><strong>proportionem</strong></span> <span class='ocrx_word' id='word_1_393' title='bbox 527 5278 621 5355; x_wconf 88' lang='lat' dir='ltr'><strong>gignit</strong></span> <span class='ocrx_word' id='word_1_394' title='bbox 643 5278 761 5359; x_wconf 86' lang='lat' dir='ltr'><strong>duplam</strong></span> <span class='ocrx_word' id='word_1_395' title='bbox 785 5284 937 5362; x_wconf 84' lang='lat' dir='ltr'><strong>continno,</strong></span> <span class='ocrx_word' id='word_1_396' title='bbox 960 5297 1141 5343; x_wconf 89' lang='lat' dir='ltr'><strong>communem</strong></span> <span class='ocrx_word' id='word_1_397' title='bbox 1162 5284 1542 5362; x_wconf 61' lang='lat' dir='ltr'><strong>proportiontourduamm</strong></span> <span class='ocrx_word' id='word_1_398' title='bbox 1563 5284 1635 5344; x_wconf 59' lang='lat'>1211.</span> <span class='ocrx_word' id='word_1_399' title='bbox 1748 5315 1751 5324; x_wconf 83' lang='grc'>.</span> 
     </span>
    </p>
   </div>
   <div class='ocr_carea' id='block_1_15' title="bbox 289 5365 1634 5805">
    <p class='ocr_par' dir='ltr' id='par_1_22' title="bbox 289 5365 1634 5805">
     <span class='ocr_line' id='line_1_49' title="bbox 290 5365 1632 5451; baseline 0.009 -31"><span class='ocrx_word' id='word_1_400' title='bbox 290 5378 427 5439; x_wconf 87' lang='lat' dir='ltr'><strong>quarum,</strong></span> <span class='ocrx_word' id='word_1_401' title='bbox 458 5365 574 5440; x_wconf 83' lang='lat' dir='ltr'><strong>quihus.</strong></span> <span class='ocrx_word' id='word_1_402' title='bbox 587 5383 618 5426; x_wconf 87' lang='lat' dir='ltr'><strong>se</strong></span> <span class='ocrx_word' id='word_1_403' title='bbox 641 5368 801 5443; x_wconf 82' lang='lat' dir='ltr'><strong>immiscet,</strong></span> <span class='ocrx_word' id='word_1_404' title='bbox 834 5371 970 5430; x_wconf 90' lang='lat' dir='ltr'><strong>continue</strong></span> <span class='ocrx_word' id='word_1_405' title='bbox 997 5367 1154 5431; x_wconf 87' lang='lat' dir='ltr'><strong>hisecando</strong></span> <span class='ocrx_word' id='word_1_406' title='bbox 1184 5378 1236 5430; x_wconf 85' lang='lat' dir='ltr'><strong>ant</strong></span> <span class='ocrx_word' id='word_1_407' title='bbox 1264 5370 1440 5451; x_wconf 87' lang='lat' dir='ltr'><strong>duplicando</strong></span> <span class='ocrx_word' id='word_1_408' title='bbox 1469 5378 1632 5448; x_wconf 85' lang='lat' dir='ltr'><strong>utramque.</strong></span> 
     </span>
     <span class='ocr_line' id='line_1_50' title="bbox 290 5447 1634 5545; baseline 0.012 -38"><span class='ocrx_word' id='word_1_409' title='bbox 290 5447 412 5526; x_wconf 70' lang='lat' dir='ltr'><strong>&#39;l’rigoui</strong></span> <span class='ocrx_word' id='word_1_410' title='bbox 434 5467 504 5510; x_wconf 83' lang='lat' dir='ltr'><strong>vero</strong></span> <span class='ocrx_word' id='word_1_411' title='bbox 526 5453 643 5514; x_wconf 89' lang='lat' dir='ltr'><strong>eoholes</strong></span> <span class='ocrx_word' id='word_1_412' title='bbox 666 5455 834 5517; x_wconf 87' lang='lat' dir='ltr'><strong>harmonica</strong></span> <span class='ocrx_word' id='word_1_413' title='bbox 856 5457 976 5517; x_wconf 87' lang='lat' dir='ltr'><strong>minima</strong></span> <span class='ocrx_word' id='word_1_414' title='bbox 998 5463 1042 5516; x_wconf 89' lang='lat' dir='ltr'><strong>est</strong></span> <span class='ocrx_word' id='word_1_415' title='bbox 1064 5456 1093 5543; x_wconf 60' lang='lat' dir='ltr'><strong>ff,</strong></span> <span class='ocrx_word' id='word_1_416' title='bbox 1116 5475 1168 5536; x_wconf 86' lang='lat' dir='ltr'><strong>per</strong></span> <span class='ocrx_word' id='word_1_417' title='bbox 1191 5457 1221 5541; x_wconf 55' lang='grc' dir='ltr'><strong>ᾗ,</strong></span> <span class='ocrx_word' id='word_1_418' title='bbox 1243 5460 1273 5543; x_wconf 54' lang='lat' dir='ltr'><strong>ff,</strong></span> <span class='ocrx_word' id='word_1_419' title='bbox 1296 5460 1390 5535; x_wconf 80' lang='lat' dir='ltr'><strong>maior</strong></span> <span class='ocrx_word' id='word_1_420' title='bbox 1411 5458 1443 5543; x_wconf 56' lang='grc' dir='ltr'><strong>ἒ,</strong></span> <span class='ocrx_word' id='word_1_421' title='bbox 1465 5460 1502 5545; x_wconf 53' lang='lat' dir='ltr'><strong>p,</strong></span> <span class='ocrx_word' id='word_1_422' title='bbox 1528 5467 1634 5536; x_wconf 81' lang='lat' dir='ltr'><strong>pente·</strong></span> 
     </span>
     <span class='ocr_line' id='line_1_51' title="bbox 290 5536 1632 5633; baseline 0.01 -41"><span class='ocrx_word' id='word_1_423' title='bbox 290 5538 360 5612; x_wconf 88' lang='lat' dir='ltr'><strong>geni</strong></span> <span class='ocrx_word' id='word_1_424' title='bbox 382 5536 500 5598; x_wconf 91' lang='lat' dir='ltr'><strong>soboles</strong></span> <span class='ocrx_word' id='word_1_425' title='bbox 522 5538 553 5622; x_wconf 58' lang='lat' dir='ltr'><strong>g,</strong></span> <span class='ocrx_word' id='word_1_426' title='bbox 577 5536 628 5618; x_wconf 89' lang='lat' dir='ltr'><strong>per</strong></span> <span class='ocrx_word' id='word_1_427' title='bbox 648 5542 680 5627; x_wconf 60' lang='grc' dir='ltr'><strong>ξ,</strong></span> <span class='ocrx_word' id='word_1_428' title='bbox 702 5543 741 5629; x_wconf 63' lang='lat'><strong>,¹53</strong></span> <span class='ocrx_word' id='word_1_429' title='bbox 764 5546 807 5604; x_wconf 92' lang='lat' dir='ltr'><strong>sic</strong></span> <span class='ocrx_word' id='word_1_430' title='bbox 827 5543 850 5631; x_wconf 49' lang='grc' dir='ltr'><em>ᾗ</em></span> <span class='ocrx_word' id='word_1_431' title='bbox 871 5562 924 5623; x_wconf 91' lang='lat' dir='ltr'><strong>per</strong></span> <span class='ocrx_word' id='word_1_432' title='bbox 944 5543 975 5629; x_wconf 58' lang='grc' dir='ltr'><strong>ξ,</strong></span> <span class='ocrx_word' id='word_1_433' title='bbox 1004 5542 1055 5629; x_wconf 55' lang='lat'><strong>¹5⁰3</strong></span> <span class='ocrx_word' id='word_1_434' title='bbox 1079 5546 1122 5605; x_wconf 92' lang='lat' dir='ltr'><strong>sic</strong></span> <span class='ocrx_word' id='word_1_435' title='bbox 1142 5545 1165 5632; x_wconf 59' lang='grc' dir='ltr'>ξ</span> <span class='ocrx_word' id='word_1_436' title='bbox 1185 5564 1237 5625; x_wconf 91' lang='lat' dir='ltr'><strong>per</strong></span> <span class='ocrx_word' id='word_1_437' title='bbox 1257 5546 1309 5633; x_wconf 53' lang='lat' dir='ltr'><strong>,im</strong></span> <span class='ocrx_word' id='word_1_438' title='bbox 1333 5543 1411 5631; x_wconf 53' lang='lat' dir='ltr'><strong>sic}</strong></span> <span class='ocrx_word' id='word_1_439' title='bbox 1431 5563 1484 5626; x_wconf 89' lang='lat' dir='ltr'><strong>per</strong></span> <span class='ocrx_word' id='word_1_440' title='bbox 1498 5544 1528 5630; x_wconf 55' lang='lat' dir='ltr'><strong>ff,</strong></span> <span class='ocrx_word' id='word_1_441' title='bbox 1553 5544 1582 5627; x_wconf 64' lang='lat'><strong>3,</strong></span> <span class='ocrx_word' id='word_1_442' title='bbox 1602 5545 1632 5632; x_wconf 54' lang='lat' dir='ltr'><strong>ff.</strong></span> 
     </span>
     <span class='ocr_line' id='line_1_52' title="bbox 291 5621 1634 5708; baseline 0.01 -27"><span class='ocrx_word' id='word_1_443' title='bbox 291 5621 449 5699; x_wconf 80' lang='lat' dir='ltr'><strong>&#39;Ihlgonica</strong></span> <span class='ocrx_word' id='word_1_444' title='bbox 462 5641 533 5686; x_wconf 77' lang='lat' dir='ltr'><strong>uero</strong></span> <span class='ocrx_word' id='word_1_445' title='bbox 555 5633 703 5707; x_wconf 89' lang='lat' dir='ltr'><strong>proportio</strong></span> <span class='ocrx_word' id='word_1_446' title='bbox 718 5634 930 5708; x_wconf 84' lang='lat' dir='ltr'><strong>pentagonicae</strong></span> <span class='ocrx_word' id='word_1_447' title='bbox 944 5647 1002 5693; x_wconf 91' lang='lat' dir='ltr'><strong>non</strong></span> <span class='ocrx_word' id='word_1_448' title='bbox 1018 5636 1220 5708; x_wconf 88' lang='lat' dir='ltr'><strong>communicat,</strong></span> <span class='ocrx_word' id='word_1_449' title='bbox 1244 5642 1275 5696; x_wconf 92' lang='lat' dir='ltr'><strong>et</strong></span> <span class='ocrx_word' id='word_1_450' title='bbox 1295 5641 1398 5695; x_wconf 83' lang='lat' dir='ltr'><strong>neutra</strong></span> <span class='ocrx_word' id='word_1_451' title='bbox 1419 5642 1464 5694; x_wconf 92' lang='lat' dir='ltr'><strong>est</strong></span> <span class='ocrx_word' id='word_1_452' title='bbox 1477 5635 1634 5701; x_wconf 84' lang='lat' dir='ltr'><strong>continue-</strong></span> 
     </span>
     <span class='ocr_line' id='line_1_53' title="bbox 289 5708 1634 5805; baseline 0.028 -37"><span class='ocrx_word' id='word_1_453' title='bbox 289 5708 371 5785; x_wconf 76' lang='lat' dir='ltr'><strong>hiltp:</strong></span> <span class='ocrx_word' id='word_1_454' title='bbox 402 5729 460 5785; x_wconf 84' lang='lat' dir='ltr'><strong>nou</strong></span> <span class='ocrx_word' id='word_1_455' title='bbox 488 5711 574 5773; x_wconf 85' lang='lat' dir='ltr'><strong>datur</strong></span> <span class='ocrx_word' id='word_1_456' title='bbox 600 5718 676 5789; x_wconf 83' lang='lat' dir='ltr'><strong>enim</strong></span> <span class='ocrx_word' id='word_1_457' title='bbox 704 5720 882 5796; x_wconf 85' lang='lat' dir='ltr'><strong>geometrica</strong></span> <span class='ocrx_word' id='word_1_458' title='bbox 902 5721 994 5786; x_wconf 75' lang='lat' dir='ltr'><strong>secde</strong></span> <span class='ocrx_word' id='word_1_459' title='bbox 1015 5736 1101 5792; x_wconf 65' lang='lat' dir='ltr'><strong>utut</strong></span> <span class='ocrx_word' id='word_1_460' title='bbox 1121 5722 1153 5789; x_wconf 81' lang='lat' dir='ltr'><strong>ln</strong></span> <span class='ocrx_word' id='word_1_461' title='bbox 1173 5723 1230 5786; x_wconf 83' lang='lat' dir='ltr'><strong>tric</strong></span> <span class='ocrx_word' id='word_1_462' title='bbox 1250 5728 1302 5784; x_wconf 86' lang='lat' dir='ltr'><strong>ant</strong></span> <span class='ocrx_word' id='word_1_463' title='bbox 1323 5724 1353 5783; x_wconf 91' lang='lat' dir='ltr'><strong>iu</strong></span> <span class='ocrx_word' id='word_1_464' title='bbox 1381 5722 1525 5805; x_wconf 77' lang='lat' dir='ltr'><strong>qumque,</strong></span> <span class='ocrx_word' id='word_1_465' title='bbox 1556 5722 1634 5783; x_wconf 57' lang='lat' dir='ltr'>⁵¹⁰¹st</span> 
     </span>
    </p>
   </div>
   <div class='ocr_carea' id='block_1_16' title="bbox 0 0 1846 7253">
    <p class='ocr_par' dir='ltr' id='par_1_23' title="bbox 0 0 1846 7253">
     <span class='ocr_line' id='line_1_54' title="bbox 0 0 1846 7253; baseline 0 0"><span class='ocrx_word' id='word_1_466' title='bbox 0 0 1846 7253; x_wconf 95' lang='lat' dir='ltr'><strong> </strong></span> 
     </span>
    </p>
   </div>
  </div>
 </body>
</html>
