3684 7259
860 1225 1001 1298 Apologia.
1544 1237 1605 1300 tor

168 1391 171 1398 ⁴
256 1409 339 1483 deur,
371 1411 628 1486 quantamcunque
651 1409 703 1467 tibi
728 1408 857 1466 chartam
885 1407 1080 1472 suffecturam.
1129 1406 1224 1483 htque
1252 1373 1309 1467 hoc
1337 1406 1416 1467 idem
1446 1410 1553 1487 elego
1577 1410 1606 1470 ln

256 1507 283 1556 te
308 1500 464 1570 excusavi,
489 1516 553 1556 cum
576 1496 694 1567 addidi,
718 1496 772 1553 tibi
794 1507 839 1553 sat
862 1512 927 1554 esse
951 1497 1114 1571 cognitum,
1137 1512 1196 1552 uon
1220 1513 1283 1554 esse
1306 1495 1360 1554 has
1383 1495 1484 1554 mundi
1507 1501 1607 1574 regio-

255 1602 306 1644 nes
330 1588 404 1644 inter
433 1602 463 1643 sc
486 1586 635 1660 aequales.
682 1582 758 1656 Quin
788 1585 876 1641 etiam
899 1588 981 1639 tuam
1010 1584 1101 1658 ipsius
1123 1584 1266 1642 rationem
1297 1583 1488 1660 ipsissimam,
1518 1603 1606 1661 qnam

255 1681 285 1730 tu
309 1674 357 1741 bie
381 1674 478 1730 verbis
509 1681 567 1731 tam
592 1669 690 1729 multis
723 1670 938 1745 prosequeris,
956 1669 1126 1745 complexus
1148 1688 1212 1729 esse
1243 1668 1336 1729 rideri
1367 1687 1504 1746 possum,
1537 1674 1606 1733 duni

255 1778 392 1818 recenseo
416 1768 473 1818 tres
497 1767 563 1817 tuas
587 1762 729 1817 unitates:
754 1758 908 1830 elementa,
932 1757 1089 1831 aetherem,
1114 1773 1292 1836 empyreum.
1339 1758 1400 1816 Btsi
1425 1775 1495 1817 sero
1517 1761 1605 1820 intel-

256 1849 304 1923 ligi
330 1865 448 1924 possum
473 1846 508 1904 de
532 1848 693 1927 unitatibus
716 1845 798 1902 nullo
819 1844 907 1920 plane
930 1852 1063 1921 respectu
1087 1847 1160 1903 iuter
1183 1863 1214 1902 se
1237 1844 1425 1920 aequalibus,
1457 1854 1487 1904 at
1509 1851 1606 1923 patuit

174 1941 177 1945 '
254 1944 283 1993 ct
307 1944 376 1994 tuae
399 1939 572 2006 sententiae,
597 1950 685 2009 quam
709 1932 756 1991 hic
779 1932 1053 2009 prolixe-explicas,
1076 1943 1210 2007 receptus
1232 1933 1288 1992 sub
1311 1935 1368 1991 ista
1393 1933 1492 1991 verba.
1530 1931 1606 1995 llam

169 2094 170 2099 η
253 2021 356 2092 doces,
390 2024 443 2080 tibi
474 2025 640 2080 nominatas
672 2030 769 2095 partes
799 2020 942 2094 aequales·
969 2037 1032 2079 csse
1064 2014 1225 2095 potestate,
1258 2021 1302 2077 sle
1330 2023 1406 2078 enim
1437 2032 1603 2096 geometrae

254 2108 333 2185 loqui
357 2109 462 2180 solent,
487 2114 595 2188 quippe
619 2106 790 2165 tantundem
812 2124 876 2165 esse
900 2110 1039 2165 materiae
1064 2098 1184 2179 iu'uno,
1208 2117 1351 2183 quantum
1375 2110 1404 2165 in
1427 2106 1501 2183 alio;
1525 2110 1604 2186 quod

254 2206 285 2255 tu
309 2197 441 2273 appellas
464 2207 585 2254 naturae
609 2194 734 2271 pondus.
779 2193 862 2252 Idem
888 2196 978 2270 igitur
1001 2195 1140 2265 dicimus,
1170 2211 1224 2253 nec
1247 2196 1381 2254 invenior
1405 2213 1459 2269 eqo
1488 2195 1536 2255 hic
1558 2205 1605 2257 te·

176 2333 179 2341 .
253 2302 329 2341 mere
358 2285 393 2342 de
426 2286 484 2340 tuis
513 2284 665 2363 sententiis
696 2282 818 2341 locutus.
865 2279 1051 2357 Quamquam
1073 2281 1124 2340 sol.
1149 2283 1200 2340 27.
1229 2283 1259 2338 in
1283 2283 1339 2340 line
1363 2297 1454 2358 negas
1484 2301 1604 2360 corpore

253 2368 298 2451 (id
322 2382 366 2430 cst
388 2374 510 2429 materia
534 2373 614 2429 varie
637 2369 759 2443 diffusa)
780 2368 920 2443 aequales
944 2387 1017 2441 esse,
1041 2369 1095 2427 has
1117 2372 1199 2426 enim
1213 2385 1374 2427 mensuras
1396 2388 1415 2427 n
1430 2375 1603 2445 sapientum

252 2462 417 2516 intentione
438 2458 569 2516 muitum
593 2457 745 2515 aberrare.
792 2455 979 2531 Relinquitur
994 2459 1082 2531 igitur
1103 2463 1283 2533 potestatum
1299 2456 1485 2533 physicarum
1508 2473 1602 2535 quae·

253 2546 319 2603 dam
342 2546 516 2620 aequalitas.
561 2544 619 2603 tiso
643 2562 695 2601 nce
718 2547 872 2619 sequentia
886 2544 933 2602 ‚ad
957 2554 993 2602 te·
1007 2545 1163 2621 pertinent,
1179 2543 1256 2601 'dum
1276 2548 1403 2603 unitates
1426 2539 1502 2621 nego
1519 2547 1603 2623 pingi

252 2634 337 2692 aliter
361 2650 447 2708 posse
472 2640 555 2708 (puta
580 2631 608 2689 in
631 2637 793 2706 quantitate
816 2634 980 2704 continua),
1013 2649 1102 2708 quam
1133 2631 1312 2706 aequalitate
1336 2631 1495 2706 linearum3
1528 2632 1602 2694 liaeo

252 2724 328 2780 enirn
352 2721 526 2797 generaliter
549 2737 618 2777 vera
647 2737 692 2777 mc
716 2719 810 2777 dicere
833 2720 947 2793 putaui.
992 2719 1053 2778 Nec
1077 2727 1191 2782 omnem
1222 2720 1274 2777 tibi
1299 2722 1443 2777 unitatum
1466 2721 1601 2811 aequali

252 2817 341 2866 tatem
371 2826 422 2882 per
449 2805 526 2866 banc
554 2808 727 2865 sententiam
757 2805 866 2878 ademi,
900 2806 952 2864 sed
980 2810 1117 2866 excusavi
1146 2823 1198 2882 per
1224 2824 1289 2865 eam
1318 2813 1428 2865 lactum
1455 2816 1556 2908 tuum
1567 2793 1612 2868 rb.
1636 2877 1639 2886 Ι

251 2896 397 2953 divisione
421 2892 610 2971 longitudinis
633 2894 846 2970 pyramidum'
840 2910 868 2949 m
885 2894 1039 2969 aequalia.
1085 2892 1184 2968 Negas
1201 2895 1289 2953 etiam
1312 2902 1378 2953 tuas
1398 2892 1464 2953 ilias
1529 2891 1532 2896 ’
1575 2895 1578 2900 ’
1635 2963 1645 2982 .
1674 2953 1689 2974 „

250 2981 292 3041 les
316 2992 462 3058 potestate
486 2984 614 3040 unitates
637 2983 796 3040 mensurari
821 2983 967 3039 communi
996 2989 1026 3040 et
1048 2982 1165 3057 aequali
1194 2981 1272 3040 linea
1304 2981 1555 3044 ιητιῑῑιειιιιιῑίθιι.“τ
1645 2977 1678 3048 ἱ*

249 3087 356 3148 negas,
385 3070 464 3145 quod
487 3086 542 3144 ego
565 3067 613 3145 hic
637 3067 799 3143 significare
830 3067 983 3140 volebam,
1013 3076 1095 3127 tuum
1119 3070 1212 3145 ipsius
1241 3069 1351 3146 lactum
1381 3086 1482 3145 negas.
1686 3143 1690 3148 .

253 3153 321 3216 nisti
346 3161 422 3215 enim
446 3158 501 3216 sub
525 3155 705 3232 aequalitate
728 3156 868 3213 linearum
891 3154 1052 3233 pyramidis
1076 3164 1152 3229 tuae,
1176 3157 1296 3232 pinxisti
1319 3159 1439 3231 inquam
1465 3155 1601 3234 unitates,

249 3245 426 3321 ponderibus
450 3252 586 3316 naturae,
618 3251 650 3301 ut
673 3245 731 3315 ais,
763 3243 910 3317 aequales.
957 3244 1000 3301 Ex
1024 3244 1131 3318 qulbus
1155 3244 1289 3301 omnibns
1311 3252 1450 3319 apparet,
1480 3246 1601 3305 verissi-

249 3350 327 3389 mum
359 3350 422 3390 esse
446 3332 522 3390 bunc
551 3348 648 3389 nrcnm
671 3338 852 3401 contextum,
884 3347 937 3389 neo
961 3348 1026 3390 enm
1057 3347 1109 3405 per
1132 3339 1211 3389 tuam
1242 3329 1378 3408 analysin
1407 3330 1456 3390 sel
1478 3333 1599 3393 minima

248 3428 330 3495 parte
354 3418 538 3478 dissolutum.
585 3419 646 3475 Etsi
672 3436 741 3476 vero
764 3417 847 3476 lateri
872 3434 969 3493 cogor,
992 3419 1115 3476 multam
1137 3435 1202 3476 esse
1224 3433 1314 3494 penes
1330 3435 1376 3477 me
1399 3427 1514 3478 tuarum
1531 3415 1629 3499 spe-'-

249 3509 430 3564 culationum
464 3508 625 3578 inscitiam,
658 3523 714 3563 non
744 3523 808 3562 sum
842 3514 937 3564 tamen
969 3508 1084 3582 penitus
1113 3504 1191 3563 rudis
1223 3504 1435 3582 aequalitatum
1468 3509 1598 3584 istarum,

250 3598 361 3652 ratiirue
392 3594 568 3669 ponderum,
601 3603 632 3650 ut
655 3603 686 3651 tu
710 3594 771 3663 ais,
801 3603 932 3651 naturae.
978 3592 1027 3651 Sic
1050 3591 1133 3652 enim
1159 3602 1266 3668 elego
1289 3610 1418 3669 agnosco
1449 3592 1599 3670 quandam

215 3684 220 3693 ’
249 3682 407 3739 irraterialis
432 3684 534 3757 copiae
558 3680 766 3755 aequalitatem
789 3681 817 3736 in
841 3678 932 3755 globo
955 3679 1047 3751 Solis,
1071 3683 1099 3737 in
1123 3688 1186 3739 toto
1209 3684 1306 3757 spatio
1330 3680 1429 3740 mundi
1452 3693 1505 3740 seu
1527 3701 1600 3743 aura

248 3767 386 3829 astiretca
410 3772 497 3844 inque
520 3767 646 3844 sphaera
669 3767 806 3837 lixarum,
831 3785 919 3843 quam
943 3766 993 3825 alii
1016 3766 1215 3844 crystallinam
1239 3768 1285 3827 vei
1308 3786 1344 3826 ex
1366 3767 1451 3828 Mose
1474 3784 1600 3846 aqueam

251 3856 359 3926 dicunt,
384 3855 522 3932 illamque
546 3855 806 3930 aequipollentiam
829 3852 935 3913 tradidi
959 3855 1033 3914 libro
1056 3854 1109 3914 lv.
1136 3855 1211 3934 llpit.
1235 3856 1449 3916 Astronomiae.
1649 3855 1652 3860 ’

337 3946 491 4017 Agnosco,
515 3945 653 4018 inquam,
686 3941 853 4019 proboque,
886 3942 938 4001 sed
963 3960 1027 4000 earn
1049 3959 1109 4002 non
1132 3934 1207 4002 inter
1228 3941 1362 4019 subjecta
1384 3959 1437 4004 seu
1460 3947 1599 4005 terminos

248 4028 466 4089 harmoniarum
488 4028 700 4088 mundanarum
724 4030 829 4089 habco.
875 4029 976 4088 Habes
995 4041 1074 4107 ergo,
1096 4032 1137 4088 mi
1152 4030 1289 4105 Roberte,
1314 4030 1490 4106 discipulum
1506 4045 1597 4107 capa·

251 4134 322 4189 cem,
348 4118 428 4177 diseo
452 4137 487 4177 ex
510 4128 549 4189 te,
574 4118 702 4176 unitates
725 4125 790 4175 tuas
813 4134 878 4177 esse
900 4125 1046 4195 potestate
1070 4115 1224 4193 aequales,
1248 4117 1346 4186 disco,
1371 4115 1519 4178 diversum
1540 4118 1598 4178 all·

249 4205 319 4279 quid
348 4224 381 4264 cx
414 4216 464 4264 tna
492 4207 618 4283 partium
648 4204 826 4280 aequalitate
855 4207 882 4262 in
914 4204 1095 4279 longitudine
1122 4203 1281 4281 pyramidis
1312 4203 1509 4283 colligendum
1538 4221 1623 4266 non.

249 4302 322 4365 esse,
347 4293 441 4364 diseo,
471 4291 564 4351 molta
587 4292 635 4351 hic
656 4292 749 4350 latere
772 4294 911 4369 mysteria
934 4304 1055 4351 naturae
1079 4309 1132 4351 nec
1156 4305 1284 4369 unquam
1307 4287 1364 4352 ista
1385 4295 1510 4369 negavi,
1541 4291 1597 4353 ha-

248 4379 319 4437 beas
342 4382 394 4437 tibi
420 4389 470 4439 tua
493 4379 623 4450 illibata,
647 4378 807 4438 adhaereto
829 4382 979 4437 mensuris
1001 4383 1060 4438 tuis
1081 4379 1292 4452 naturalibus,
1323 4381 1392 4439 illus
1410 4380 1599 4455 ponderibus,

246 4456 452 4527 essentialibus
473 4469 634 4540 instruit05
663 4476 695 4523 tu
719 4467 832 4525 interim
856 4465 985 4524 vicissim
1007 4466 1063 4526 hoc
1085 4461 1155 4524 milri
1179 4469 1352 4544 permittito,
1382 4475 1416 4525 nt
1437 4477 1504 4527 tuas
1527 4461 1618 4527 uul·.

248 4559 324 4613 tates
348 4571 419 4614 cum·
436 4557 508 4613 meis
533 4571 700 4631 comparare
723 4556 849 4628 possim,
878 4560 911 4612 ut
933 4547 1043 4627 dicam,
1074 4567 1154 4614 meas
1177 4569 1241 4615 esse
1266 4556 1450 4631 augustiores
1472 4557 1595 4616 unitati-

249 4641 318 4699 bus.
350 4660 424 4717 quas
449 4642 634 4718 designamus
658 4644 687 4697 irr
711 4639 841 4712 chordis,
870 4649 901 4698 at
924 4641 977 4699 aba
1001 4653 1030 4700 te
1054 4647 1164 4719 petam,
1194 4659 1252 4702 non
1275 4642 1353 4704 nude
1375 4647 1490 4702 tantum
1512 4659 1597 4704 asse-³
1690 4643 1714 4706 ss
1752 4637 1755 4642 ’

247 4746 346 4801 veres,
379 4728 429 4788 sed
460 4730 547 4790 etiam
578 4727 689 4804 liquido
718 4728 897 4789 demonstres
926 4726 1001 4787 hauc
1023 4736 1203 4804 potestatum
1225 4737 1342 4790 tuarum
1369 4723 1595 4806 aequalitatem

247 4825 360 4892 patere.
393 4824 425 4874 ut
448 4815 572 4874 indicem
600 4816 758 4877 lectoribus
790 4814 910 4895 (pateris
939 4832 1006 4876 ecce
1030 4825 1059 4875 et
1081 4816 1207 4876 affirmas
1232 4815 1307 4876 ultro
1330 4816 1447 4878 disertis
1470 4817 1590 4896 serbis),

246 4921 292 4961 mc
314 4923 361 4961 res
383 4904 610 4962 harmonicas
600 4906 752 4979 inquirere
773 4907 870 4979 mosis
885 4903 1095 4985 mathematice
1108 4913 1136 4963 et
1153 4907 1363 4981 quantitative,
1386 4911 1415 4965 te
1430 4915 1503 4966 vero
1517 4905 1595 4989 phy·
1658 4933 1661 4938 ·

246 4993 306 5049 sice
330 5001 402 5062 etc,
428 4989 457 5047 id
480 4997 525 5049 est
548 4990 722 5050 Hermetiee.
768 4987 864 5049 Velim
888 5009 924 5050 ex
947 4999 975 5050 te
998 4993 1081 5064 scire,
1105 5005 1181 5069 quae
1204 4993 1256 5051 tibi
1280 5005 1370 5052 causa
1391 4994 1430 5052 sit
1451 4991 1596 5052 tranensi

247 5078 320 5136 mihi
343 5087 412 5137 tunc
434 5080 548 5154 potius,
577 5082 601 5135 si
626 5078 695 5153 quid
719 5096 773 5155 ego
797 5081 883 5150 meis,
916 5096 1004 5155 quam
1032 5082 1057 5137 si
1080 5080 1157 5139 idern
1180 5085 1212 5139 tu
1242 5080 1301 5139 tuis
1323 5077 1420 5139 satiris
1443 5075 1595 5164 prdisr'as?

333 5164 428 5224 Lubet
451 5182 520 5224 vero
544 5173 638 5223 tecum
663 5164 818 5225 colludere.
864 5162 960 5240 Quam
984 5168 1060 5226 enim
1084 5174 1115 5225 tu
1139 5165 1211 5226 dieis
1232 5166 1413 5227 harmoniam
1430 5171 1465 5232 et
1486 5165 1557 5227 hac
1565 5176 1595 5228 et

245 5252 439 5329 praecedente
462 5252 585 5330 analysi,
610 5270 664 5329 ego
688 5251 855 5328 analogiam
877 5253 996 5329 appello
1011 5266 1135 5330 recepto
1151 5253 1314 5329 vocabulo
1338 5249 1416 5331 quod
1436 5269 1501 5315 cum
1518 5254 1592 5332 dieo,
1630 5245 1633 5250 ’
1685 5305 1691 5326 .,

245 5355 303 5399 non
328 5340 434 5399 damno
457 5340 619 5414 analogias,
643 5356 697 5400 nec
720 5339 896 5398 contumelia
920 5347 964 5399 est
988 5349 1104 5415 negare,
1130 5340 1195 5399 illas
1217 5344 1305 5401 etiarn
1328 5333 1591 5405 harmoniasesse.
1630 5401 1633 5409 ,

244 5428 319 5488 Nam
342 5436 375 5486 ut
397 5429 479 5486 iilam
503 5429 616 5502 agentis
640 5435 669 5487 et
690 5427 843 5504 patientis,
873 5428 960 5484 maris
983 5434 1013 5486 st
1035 5427 1172 5501 feminae,
1203 5431 1300 5505 superi
1323 5438 1353 5489 'st
1374 5429 1473 5505 inferi,
1504 5437 1592 5508 quain

245 5515 293 5574 bie
321 5517 457 5592 attingis,
487 5514 706 5659 copulationem
733 5515 890 5593 proteram,
922 5511 1044 5573 eandem
1075 5522 1104 5574 et
1133 5518 1196 5591 ipss
1222 5518 1392 5600 societatem
1424 5521 1591 5597 comparari

244 5602 321 5661 libro
352 5620 417 5662 meo
441 5601 484 5660 IV
549 5620 697 5662 arnronme
729 5619 794 5661 cum
823 5603 1015 5662 consonantia
1041 5601 1200 5681 diapason,
1234 5595 1321 5680 qnam
1349 5603 1443 5684 ipsam
1468 5621 1533 5667 mas
1557 5617 1592 5669 et

244 5691 354 5750 temina
375 5693 464 5751 etiam
488 5691 610 5803 vocibus
632 5692 703 5768 ipsis
725 5688 936 5767 utplurimum
959 5692 1131 5768 exprimunt
1175 5687 1222 5750 'l'u
1239 5692 1359 5769 quidem
1379 5695 1437 5753 tuis
1454 5695 1590 5757 insistens

1369 5796 1436 5860 29*
