3684 7259
244 1216 307 1277 408
765 1211 911 1265 Ptolemaei
932 1210 1085 1266 Harmonia.

244 1380 438 1477 consequentia
456 1391 608 1439 moneatur:
629 1397 712 1440 causa
729 1392 820 1439 tamen
838 1384 920 1452 hujus
939 1383 1118 1474 separationis
1136 1399 1191 1437 non
1209 1391 1251 1437 est
1268 1384 1296 1437 ιιι
1316 1380 1447 1452 epicycln,
1467 1382 1517 1436 sed
1534 1398 1594 1450 pst·

242 1466 292 1519 tiin
310 1466 337 1519 in
356 1481 403 1531 eo,
431 1465 503 1533 quod
523 1464 630 1540 videtur
647 1465 850 1521 Ptolemaeus
843 1481 869 1517 ιιι
895 1479 993 1529 magna
1016 1464 1094 1531 copis
1112 1465 1311 1538 occurrentium
1329 1462 1532 1517 harmoniarum
1551 1460 1594 1513 ιιι-

243 1545 343 1598 lectum
362 1506 451 1597 stddio
471 1531 632 1611 quaesisse
652 1552 682 1597 ut
700 1544 787 1597 fusam
812 1540 952 1595 materiam
977 1542 1059 1594 cortis
1121 1541 1157 1595 tis
1179 1540 1345 1608 includeret,
1368 1540 1469 1608 partim
1487 1555 1550 1594 rcro
1568 1540 1595 1591 iu

243 1639 284 1681 eo.
304 1609 377 1690 quod
396 1623 449 1677 hae
467 1631 608 1690 separatae
627 1622 798 1694 planetarum
817 1620 936 1688 quinquo
954 1624 1077 1689 properti
1043 1558 1144 1674 ιιιὲιι
1157 1637 1216 1675 cnm
1236 1619 1440 1675 luminaribus'
1432 1636 1460 1674 ιιι
1474 1620 1595 1687 sequenti

241 1702 331 1771 capite
350 1716 428 1756 snum
447 1718 525 1756 usum
545 1703 742 1756 nanciscentur.

329 1806 402 1860 Nota
421 1802 493 1877 XV)
514 1804 584 1873 Quid
604 1807 774 1863 sentiendum
798 1807 831 1860 de
850 1808 1053 1875 comparatione
1076 1801 1266 1857 occultationis
1286 1810 1313 1854 et
1332 1801 1512 1870 apparitionis
1530 1800 1595 1868 figu-

243 1898 411 1950 rarumque,
492 1873 633 1951 planetae
652 1885 782 1951 induunt,
808 1900 868 1939 cum
888 1884 1068 1938 tetrachordis
1088 1890 1116 1935 et
1133 1881 1205 1934 tonis
1224 1879 1274 1933 di'
1254 1880 1408 1947 punctivis,
1433 1879 1537 1933 dictum
1555 1887 1596 1935 est

241 1964 276 2018 ad
295 1968 377 2029 caput
395 1961 452 2042 18...
542 1961 586 2014 tia.
624 1961 728 2029 Qurlrus
746 1962 815 2015 hic'
803 1978 862 2029 Jam
880 1961 964 2027 adde,
988 1963 1061 2030 quod
1085 1976 1138 2015 uon
1162 1959 1243 2027 plane
1267 1959 1325 2028 pari
1355 1974 1439 2028 passu
1458 1960 1596 2015 arnhuleut

241 2043 372 2113 stationes
391 2027 638 2129 retrogradationes
641 2055 694 2109 quc
712 2051 739 2095 et
757 2040 949 2108 apparitiones
970 2042 1040 2094 Nam
1058 2056 1117 2109 cap.
1138 2042 1177 2094 13.
1198 2040 1278 2093 etiam
1298 2039 1392 2092 Lunae
1411 2038 1594 2106 apparitiones

237 2118 481 2187 eomparabantur3
501 2118 546 2171 hic
564 2118 662 2171 misera
680 2115 739 2172 sola
758 2120 862 2188 exulat,
887 2137 947 2174 curn
967 2136 1105 2188 uunquam
1124 2120 1172 2173 fiat
1190 2117 1350 2171 stationaria
1368 2116 1410 2170 ιιι
1429 2117 1594 2183 retrograda

241 2200 294 2254 Est
311 2198 394 2265 igitur
411 2195 456 2249 hic
474 2197 558 2249 multo
577 2194 661 2263 inagis
674 2214 770 2252 manca
782 2198 956 2267 comparatio,
977 2215 1056 2266 qnam
1070 2199 1115 2252 ibi.
1151 2195 1294 2249 aliusnon
1313 2195 1384 2248 mala
1401 2203 1444 2248 cst
1461 2197 1594 2248 connexio

242 2276 390 2333 stationum
409 2292 470 2329 cum
488 2276 575 2344 figura
593 2276 704 2332 bisecta.
739 2278 807 2331 Nam
828 2277 920 2330 Venus
940 2279 1059 2332 certain
1078 2276 1242 2332 stationibus
1259 2274 1397 2328 dimidiata
1416 2281 1531 2343 apparet
1548 2290 1595 2343 per

244 2355 432 2424 telaseopium,
451 2355 610 2422 retrograda
627 2371 691 2408 sero
710 2362 753 2410 est
771 2355 945 2410 corniculata.

797 2613 939 2685 CAPUT
967 2612 1049 2684 Xl'l.

330 2778 401 2846 Qua
419 2775 557 2832 ratione
575 2773 833 2831 familiaritates
852 2778 1041 2831 errantium
1059 2778 1250 2844 comparari
1281 2776 1418 2845 possint
1436 2791 1510 2829 cnm

650 2870 956 2948 familiaritatibus
980 2874 1183 2940 sonorum1)‚

327 3030 432 3092 Restat
454 3031 558 3091 ultima
580 3039 608 3091 et
632 3032 829 3107 maximopere
861 3044 983 3093 naturae
1013 3042 1209 3093 corrsentanea
1240 3034 1412 3094 coelestium
1435 3051 1502 3092 cum
1525 3033 1594 3092 har·

242 3122 364 3178 monicis
388 3121 576 3197 comparatio,
601 3136 690 3177 causa
713 3120 899 3195 facultatum,
925 3139 1001 3196 quae
1025 3123 1166 3180 hactenus
1189 3124 1264 3180 inter
1287 3141 1318 3180 se
1343 3123 1520 3197 comparatis
1543 3138 1594 3179 ac·

248 3206 351 3267 cedere
381 3208 486 3268 debere
517 3205 651 3264 videntur
673 3211 872 3267 communiter.
920 3209 994 3266 (ium
1018 3212 1093 3267 eninr
1129 3211 1279 3284 utrinque,
1312 3219 1372 3267 turn
1401 3212 1475 3268 inter
1505 3225 1594 3266 sonos

246 3312 335 3371 quarn
358 3296 432 3353 inter
455 3294 595 3370 sphaeras
618 3310 776 3370 earumque
798 3304 904 3366 motus,
929 3306 1082 3355 occurrant
1102 3299 1314 3373 proportiones
1338 3296 1460 3354 dubium
1483 3295 1594 3353 nullum

244 3391 298 3460 cst,
322 3384 391 3458 quin
416 3382 483 3441 illae
507 3382 717 3458 proportiones,
742 3396 818 3457 quae
839 3386 919 3441 souis
936 3381 1006 3441 dant
1022 3386 1251 3455 consonantiam,
1275 3385 1300 3441 si
1325 3388 1452 3442 existant
1474 3382 1594 3441 eaedem

245 3470 320 3527 inter
342 3469 483 3544 sphaeras
507 3479 535 3527 et
558 3475 655 3526 mutus
679 3458 812 3528 binorum
837 3470 978 3542 siderum,
1003 3474 1092 3529 etiarn
1115 3471 1173 3529 illis
1196 3473 1430 3531 convenientiam
1454 3469 1593 3544 aliquam,

242 3562 370 3630 atquae
393 3560 473 3615 sonis
496 3555 737 3633 discordantiam,
769 3557 889 3616 eaedem
913 3561 1000 3617 etiarn
1023 3560 1149 3662 planetis
1174 3560 1441 3618 inconvenientiam
1464 3558 1593 3632 aliquam

243 3642 408 3703 concilient
460 3643 533 3701 Cum
562 3651 659 3701 sutem
690 3643 748 3701 duo
779 3642 895 3704 diversa
925 3648 1033 3703 sintin
1065 3648 1164 3721 prioris
1187 3647 1333 3721 sphaeris,
1363 3643 1535 3719 magnitudo
1566 3653 1595 3704 et

237 3733 354 3803 motus,
379 3739 408 3788 et
431 3730 515 3790 aliter
538 3730 754 3804 magnitudines
770 3745 981 3807 comparentur,
1005 3734 1090 3791 alitor
1105 3736 1192 3791 otiam
1210 3743 1315 3803 motus,
1339 3736 1448 3809 quippe
1469 3747 1592 3807 quorum

243 3818 446 3895 proportiones
469 3819 508 3876 ab
531 3817 646 3876 illarum
668 3822 907 3894 proportionibus
922 3820 1045 3886 multum
1069 3821 1247 3897 discrepant:
1273 3820 1331 3878 dno
1354 3822 1443 3879 etiam
1467 3820 1593 3878 faculta-

242 3914 304 3963 tum
327 3922 437 3979 genara
461 3907 489 3963 in
514 3904 690 3964 coelestibus
713 3922 767 3964 nos
790 3908 887 3966 animo
911 3909 1063 3983 concipere
1087 3926 1140 3983 par
1163 3917 1221 3979 est,
1245 3900 1367 3983 ohJectis
1391 3906 1538 3976 distincta,
1562 3916 1593 3965 ut

243 3991 312 4051 illae
334 3992 445 4051 scilieet
469 4010 560 4051 causa
582 3992 700 4067 quidem
715 3994 925 4068 magnitudinis
947 3998 1023 4054 circa
1045 4004 1265 4065 respersentur,
1289 4013 1379 4054 causa
1402 4004 1499 4052 motus
1524 4012 1592 4053 vero

244 4082 320 4138 circa
343 4082 431 4138 etiam
454 4088 567 4151 motus,
595 4081 652 4138 hoc
675 4089 720 4139 est
743 4083 818 4139 circa
841 4082 958 4140 modurn
983 4082 1125 4158 largiendi
1149 4082 1285 4158 expedite
1309 4082 1355 4141 vel
1379 4081 1534 4157 impedite,
1564 4092 1594 4141 et

194 4191 201 4208 ·
243 4168 320 4226 circa
343 4176 467 4242 tempus,
492 4166 571 4242 quod
594 4169 622 4224 in
647 4177 727 4226 motu
750 4176 906 4245 spectatur,
931 4179 1002 4246 puta
1024 4171 1155 4228 celeriter
1178 4169 1226 4229 vel
1249 4170 1330 4229 tarde
1354 4168 1512 4244 largiendi3
1535 4168 1592 4227 ita‘-

244 4271 301 4329 que
331 4253 484 4313 distinctae
510 4254 590 4313 -duae
620 4256 679 4312 sint
702 4258 905 4330 quaestiones:
941 4255 970 4329 1)
999 4275 1036 4314 an
1067 4258 1128 4315 bini
1151 4265 1180 4315 et
1203 4258 1264 4315 bini
1293 4256 1431 4335 planetae
1455 4259 1482 4313 in
1506 4257 1592 4315 rebus

242 4343 314 4416 ipsis
337 4343 531 4421 consentiant,
554 4358 629 4400 anne
653 4345 798 4401 contraria
820 4342 1013 4418 polliceantur
1036 4345 1202 4417 foreautve,
1227 4354 1255 4403 et
1278 4344 1350 4402 alter
1374 4344 1495 4403 alterius
1519 4363 1591 4421 opus

243 4428 397 4487 destruat?
421 4426 452 4506 2)
474 4447 520 4502 an,
543 4432 569 4487 si
592 4431 621 4486 iu
644 4445 674 4487 re
698 4433 890 4502 consentiant,
914 4435 1002 4490 etiarn
1029 4434 1196 4507 conspirent
1217 4435 1313 4506 operis
1336 4434 1444 4490 mutuis
1467 4431 1506 4491 ad
1528 4451 1591 4492 ms-

242 4516 367 4574 turanda
382 4515 506 4587 decreta,
531 4524 582 4575 ant
604 4518 628 4573 si
652 4515 784 4576 diversae
807 4527 929 4577 naturae
952 4521 1019 4588 sint,
1042 4529 1140 4577 tarnen
1164 4518 1238 4579 alter
1260 4517 1380 4578 alterius
1405 4537 1479 4595 opus
1503 4537 1591 4579 causa

244 4605 385 4679 temporis
410 4613 589 4681 promoveat,
614 4620 651 4670 an
675 4621 754 4677 vero,
778 4622 869 4664 causa
890 4608 981 4682 inepti
997 4623 1163 4677 concursus,
1186 4608 1343 4680 plurimurn
1367 4606 1509 4682 impediat
1532 4617 1590 4667 tam

159 4729 164 4738 -
244 4692 467 4762 consentientia,
491 4708 578 4766 quam
603 4691 723 4750 alterius
746 4695 891 4752 contraris
913 4693 1053 4752 decreta?
1091 4695 1137 4752 Ita
1160 4704 1218 4753 tres
1240 4694 1310 4752 fient
1331 4693 1439 4766 gradus
1462 4694 1590 4754 familia·

241 4779 354 4836 ritstis:
377 4787 429 4837 aut
453 4780 530 4837 euim
553 4780 581 4835 iu
604 4796 634 4836 re
658 4787 687 4837 et
709 4778 796 4838 modo
812 4783 1002 4852 consentient,
1027 4799 1102 4856 quae
1118 4798 1231 4839 surnrns
1254 4791 1298 4839 est
1321 4781 1515 4861 familiaritas,
1538 4792 1589 4842 sut

242 4867 271 4922 iu
294 4862 386 4925 altero
410 4865 518 4939 solum,
550 4883 625 4941 quae
648 4866 818 4939 mediocris,
850 4878 901 4926 sut
929 4870 959 4924 in
982 4867 1079 4941 nullo,
1109 4885 1185 4943 quae
1215 4867 1347 4945 perfects'
1364 4869 1511 4929 hostilitas
1534 4871 1588 4931 hs·

242 4946 420 5034 habiturn).

328 5038 414 5115 Quod
437 5043 524 5115 igitur
546 5039 734 5115 sphaerarum
758 5039 973 5117 magnitudines
997 5044 1117 5112 attinet,
1141 5059 1205 5101 curu
1229 5042 1308 5099 sonis
1331 5042 1487 5102 stabilibus
1508 5063 1589 5104 coru·

143 5146 152 5167 ·
240 5125 374 5203 pristas,
405 5127 443 5186 ad
466 5145 516 5186 eas
535 5128 598 5203 jam
622 5125 871 5203 deprehendemus
894 5132 1032 5204 consequi
1061 5130 1234 5189 facultatum
1258 5132 1285 5184 in
1306 5127 1434 5203 'planetis
1456 5132 1589 5192 celebra·

240 5222 336 5273 aarum
359 5217 591 5290 comparationes
614 5215 770 5275 nonnullas
793 5233 850 5275 nou
867 5218 973 5292 inepte.
1019 5217 1156 5288 Primum,
1180 5215 1427 5292 quemadmodum
1451 5220 1525 5278 inter
1548 5224 1589 5278 si·

241 5297 312 5362 ders
335 5300 397 5359 Soli
421 5302 516 5375 calor,
542 5302 642 5362 Lunae
665 5303 782 5375 humor,
806 5304 929 5379 singulis
952 5303 1107 5363 facultates
1131 5304 1265 5379 singulae
1288 5305 1454 5363 tribuuntur
1478 5323 1589 5383 eaeque

240 5391 315 5447 tuter
337 5405 369 5447 se
392 5392 435 5448 sic
458 5393 620 5467 oppositae,
645 5402 677 5449 ut
700 5409 790 5467 agens
816 5394 972 5467 opponitur
994 5394 1116 5467 patienti
1149 5392 1245 5463 (calor
1274 5393 1350 5448 euim
1375 5391 1508 5467 depaseit
1532 5395 1588 5455 hu·

240 5474 359 5547 midam,
383 5476 487 5536 humor
510 5494 578 5537 vero
593 5480 683 5536 nutrit
706 5478 853 5558 calorem),
877 5479 1003 5538 Saturno
1026 5497 1097 5539 vero
1121 5477 1196 5538 duae
1219 5477 1305 5535 sinrul
1327 5479 1482 5539 facultates
1504 5480 1588 5541 dictis

138 5556 143 5564 '
241 5564 402 5646 contrariae
426 5565 534 5634 inesse
538 5564 805 5646 deprehenduntur,
829 5566 919 5625 calori
943 5567 1059 5643 quidem
1082 5567 1190 5641 frigus,
1214 5564 1333 5623 humido
1358 5584 1427 5625 vero
1450 5570 1587 5628 siccitas:

241 5648 285 5710 sic
306 5650 394 5709 stiam
416 5645 532 5710 iuter
512 5667 610 5714 mesen
634 5651 751 5732 quidem
774 5652 836 5713 Soli
860 5664 890 5716 et
911 5663 999 5714 neten
1020 5653 1241 5734 hyperbolaeon
1256 5652 1359 5713 Lunae
1381 5647 1521 5717 tributam
1545 5666 1589 5718 est
