3684 7259
319 1240 361 1303 42
697 1237 838 1310 Epistolee
855 1238 967 1310 Kepleri
982 1238 1148 1309 aliorumque
1165 1242 1274 1296 matoes

318 1421 348 1477 te
368 1415 426 1477 hoc
447 1327 615 1506 m
634 1416 770 1479 editionis
802 1436 854 1479 seu
876 1420 951 1481 bena
974 1418 1133 1496 adornatae
1154 1417 1272 1480 leudam
1299 1434 1350 1481 saa
1372 1419 1450 1481 mala
1480 1417 1595 1496 culpam
1618 1437 1653 1479 ex

317 1511 400 1581 parta
421 1506 451 1563 in
473 1499 686 1582 ms·..r'se'tprsm.
732 1504 797 1581 Quo
819 1508 981 1584 supposito,
1001 1507 1063 1584 iam
1085 1506 1157 1567 illud
1179 1523 1296 1584 quoque
1318 1509 1456 1583 sequitur,
1483 1508 1508 1566 si
1528 1508 1654 1567 maxime

317 1589 455 1652 libromm
476 1594 618 1653 smdnam
639 1595 753 1669 misero,
776 1611 823 1654 me
843 1594 967 1655 sonasse
988 1594 1071 1655 brevi
1093 1594 1174 1655 illem
1199 1600 1389 1671 recepturum.
1432 1594 1564 1655 Petieres
1584 1592 1654 1654 lite·

316 1680 356 1739 rIs
376 1680 521 1757 prioribus
542 1696 639 1740 meum
661 1680 698 1743 de
720 1684 852 1741 versione
870 1681 1023 1757 judicium.
1068 1681 1166 1759 Huius
1187 1681 1493 1759 postulandarum
1516 1698 1553 1741 ex
1569 1689 1653 1758 parte

316 1774 479 1844 compotem
500 1767 595 1828 lacere
617 1769 713 1829 visum
734 1777 780 1829 est
802 1768 915 1829 duabus
937 1770 1038 1846 primis
1058 1771 1175 1846 paginis
1197 1770 1382 1842 transmissis,
1405 1771 1433 1828 in
1457 1768 1562 1845 quibus
1578 1769 1653 1829 Por·

314 1854 411 1933 phyrii
432 1871 535 1915 seusus
558 1853 672 1916 videtur
693 1858 766 1917 meis
788 1855 1039 1917 emendationibus
1061 1857 1136 1918 bene
1158 1864 1188 1917 et
1209 1856 1286 1916 clare
1308 1873 1478 1934 expressum
1500 1859 1652 1932 aanusm

315 1958 386 2003 vero
407 1942 580 2015 versionem,
604 1959 691 2020 quem
713 1946 922 2017 transmiseras,
946 1944 1033 2005 facile
1056 1961 1091 2004 ex
1111 1942 1203 2005 literis
1221 1960 1373 2020 agnosces.
1417 1943 1571 2005 Judicahis
1594 1946 1652 2021 igi·

314 2036 368 2103 tur,
391 2047 459 2089 nom
482 2031 645 2103 existimes,
666 2034 844 2093 necessarias
866 2032 928 2092 tore
950 2029 1118 2108 hujusmodi
1139 2030 1355 2092 emendationes
1378 2048 1430 2108 per
1451 2038 1544 2091 totum
1565 2049 1651 2108 opas.

314 2113 443 2178 Graecm
463 2119 587 2195 paginas
608 2118 679 2177 mihi
701 2117 916 2195 quodammodo
938 2119 1042 2195 religio
1063 2119 1117 2178 tuit
1139 2135 1300 2195 excerpere,
1323 2135 1399 2196 quea
1416 2120 1591 2196 pertinerent
1613 2117 1652 2179 ad

313 2203 498 2266 collationem
520 2207 695 2267 versionum.
733 2205 840 2266 Addidi
862 2213 947 2266 notas
970 2224 1057 2265 unam
1079 2213 1168 2283 etqua
1191 2205 1320 2281 alteram,
1344 2223 1381 2266 ex
1403 2207 1510 2282 quibus
1531 2206 1589 2267 hoc
1608 2206 1651 2267 'l'e

312 2291 382 2352 volo
404 2291 555 2369 colligere,
579 2292 645 2353 illas
668 2294 780 2354 initium
803 2292 949 2370 quoddam
971 2311 1036 2362 esse
1059 2292 1413 2355 commentatiunculam
1442 2293 1480 2354 ed
1503 2310 1650 2355 commen·

313 2380 390 2440 teria
404 2380 558 2458 Porphyrii
581 2397 674 2458 aeque
696 2388 784 2458 etque
805 2380 976 2455 Ptolemaei,
1000 2399 1121 2458 quarum
1143 2398 1265 2457 scopum
1286 2381 1364 2442 huuc
1385 2398 1449 2442 csse
1470 2398 1524 2458 per
1546 2388 1652 2452 estut

311 2474 379 2546 post
400 2474 541 2528 mamtam
573 2470 699 2528 musices
725 2471 829 2529 taciem
858 2467 983 2544 intelligi
1013 2488 1033 2528 a
1053 2472 1159 2529 uostris
1181 2469 1347 2530 homiuibus
1377 2471 1507 2545 possint,
1534 2486 1651 2545 quaen

313 2556 472 2630 veteribus,
494 2554 623 2615 noudum
644 2563 715 2616 nate
735 2555 875 2617 moderna
896 2558 1022 2630 musica,
1044 2556 1092 2617 hic
1114 2557 1222 2633 scripte
1243 2564 1320 2616 sunt

397 2642 463 2719 Qua
484 2644 514 2701 in
528 2660 560 2705 re
581 2644 728 2720 egregiam
751 2661 869 2721 operam
890 2644 1032 2721 praestari
1053 2661 1139 2721 possa
1161 2652 1232 2720 puto
1256 2662 1275 2703 a
1296 2641 1387 2706 Setho
1410 2642 1555 2718 Calvisio,
1578 2659 1650 2703 can-

310 2735 373 2791 tore
386 2725 545 2808 Lipsiensi,
569 2733 636 2808 qui,
659 2749 693 2791 ex
717 2748 775 2808 qno
796 2730 972 2807 penultimas
993 2732 1072 2792 Tuas
1094 2733 1202 2808 eccepi,
1228 2728 1403 2808 scripsitad
1424 2747 1471 2791 me
1493 2729 1577 2804 ultro,
1600 2748 1650 2791 so·

310 2824 394 2877 cutus
416 2820 599 2879 massionem
627 2820 657 2877 in
685 2818 786 2880 libello
815 2836 880 2879 meo
903 2820 940 2879 de
962 2817 1054 2879 Stella
1082 2820 1257 2895 praebitam,
1288 2819 1340 2879 ubl
1367 2818 1536 2878 harmonice
1556 2818 1650 2879 obiter

309 2903 401 2966 aedo.
444 2904 545 2965 Edidit
573 2904 624 2966 ille
653 2905 959 2966 commentatiunculas
989 2905 1101 2982 aliquot
1128 2905 1274 2983 perbelles
1303 2905 1342 2965 ed
1364 2905 1445 2983 hauc
1474 2923 1534 2965 rem
1562 2922 1649 2983 spea-

311 2998 423 3066 tantes,
446 2994 500 3053 etsi
523 2994 629 3053 latetur
651 2994 680 3052 in
702 2993 802 3067 literis,
825 3012 857 3075 ss
877 3000 1009 3055 veterum
1031 2994 1167 3053 terminos
1187 3010 1244 3053 nou
1261 3010 1362 3054 omues
1378 2992 1549 3069 intelligere
1576 2992 1648 3063 p'ra·

308 3077 352 3140 lea
374 3087 472 3141 tamen
490 3080 591 3158 judico
614 3080 678 3157 ejus
699 3079 828 3153 libellos,
851 3087 884 3142 at
905 3080 1126 3155 mathematico,
1156 3083 1207 3157 qni
1229 3096 1288 3141 non
1310 3082 1349 3142 sit
1370 3097 1406 3141 ex
1427 3082 1558 3157 professo
1580 3097 1649 3141 mu·

308 3169 402 3242 sicus,
432 3170 497 3228 vioe
519 3168 658 3230 scientiae
680 3169 828 3228 musicalis
850 3168 1008 3229 hodiernae
1035 3185 1099 3228 esse
1120 3170 1250 3246 possint,
1283 3174 1424 3244 quantum
1447 3186 1483 3229 ee
1507 3184 1581 3245 opus
1603 3176 1648 3229 est

309 3254 347 3317 ed
370 3254 558 3334 explicandos
581 3263 611 3316 at
632 3254 843 3333 comparandos
865 3263 995 3317 veterum
1017 3254 1053 3316 de
1074 3255 1226 3316 hermonis
1247 3256 1345 3316 libros.

394 3341 481 3419 Quod
503 3341 631 3404 ordinem
653 3346 757 3405 attinet
779 3342 924 3417 editionis,
947 3344 1006 3404 iere
1027 3344 1055 3402 iu
1079 3346 1224 3404 sententia
1245 3360 1357 3417 maneo,
1383 3340 1545 3403 Ptolemaei
1567 3339 1647 3399 Her-

308 3431 423 3491 monice
451 3448 516 3492 eum
537 3430 692 3509 Porphyrii
722 3434 935 3492 commentariis
963 3430 1175 3507 graeco-latina
1200 3434 1243 3491 sic
1267 3428 1470 3508 exprimenda,
1499 3438 1532 3490 ut
1558 3429 1647 3489 iacies

306 3518 520 3597 respondeant,
548 3520 691 3596 appositis
713 3518 846 3596 pauculis
867 3518 1035 3596 huiusmodi
1058 3522 1150 3592 notis,
1180 3518 1218 3579 ed
1241 3520 1487 3596 comparationem
1508 3519 1647 3593 pristinae

307 3611 337 3666 et
358 3604 514 3667 modernae
537 3608 664 3667 musicae
686 3607 868 3679 iacientibus,
891 3605 930 3666 ed
951 3608 1111 3682 marginem
1135 3606 1183 3668 vel
1204 3605 1242 3666 ed
1258 3605 1381 3677 calcem,
1404 3621 1557 3681 quousque
1571 3603 1647 3664 Por-

306 3692 427 3772 phyrius
449 3701 666 3767 commentetur,
689 3694 745 3756 hec
767 3696 912 3765 cantione,
934 3703 967 3753 ut
989 3694 1039 3754 uhi
1054 3693 1233 3771 Porphyrius
1255 3695 1408 3754 abbreviat
1423 3699 1533 3752 textum
1548 3692 1646 3752 verbis

306 3802 353 3842 και
374 3803 412 3842 τα
434 3777 510 3858 libre,
538 3782 579 3843 ihi
602 3784 714 3860 integer
741 3790 866 3859 ponetur
887 3781 1050 3842 Ptolemaei
1078 3788 1187 3854 textus,
1219 3798 1312 3857 usqua
1342 3780 1379 3841 ad
1409 3778 1467 3840 ioci
1496 3782 1646 3856 sequentis

304 3868 419 3930 initium
448 3868 650 3948 aPorphyrio
678 3871 796 3931 iactum.
841 3868 1009 3945 Comparari
1035 3874 1132 3946 potest
1159 3870 1255 3929 versio
1279 3867 1426 3945 Gogevini
1453 3883 1518 3927 cum
1540 3869 1648 3942 scripto

305 3956 335 4014 in
363 3955 524 4017 Ptolemaei
554 3963 645 4017 textu.
689 3955 749 4018 Uhi
781 3955 888 4016 desinit
917 3958 1104 4017 commentari
1121 3955 1310 4033 vPorphyrius
1339 3953 1406 4034 (nisi
1436 3955 1509 4015 forte
1539 3954 1648 4016 alicubi

304 4048 400 4103 totum
420 4043 574 4123 Porphyrii
596 4052 790 4106 commentum
812 4044 1007 4118 invenieturi‚
1029 4042 1165 4119 equidem
1187 4041 1344 4119 expediret,
1372 4048 1458 4103 notas
1479 4043 1587 4104 latinas
1609 4041 1647 4102 ad

303 4129 467 4193 Ptolemaei
488 4138 598 4192 textum
621 4149 684 4193 esse
707 4131 893 4209 copiosiores,
916 4137 946 4191 et
966 4131 1097 4190 fortassis
1121 4133 1165 4203 ei,
1189 4130 1239 4206 qni
1261 4130 1415 4208 Porphyrii
1441 4131 1647 4216 commentaria

307 4220 478 4278 continuata
508 4218 649 4281 hactenns
680 4219 833 4297 diligenter
853 4217 1022 4296 perpendit,
1054 4235 1112 4278 non
1135 4217 1263 4277 futurum
1285 4226 1330 4278 est
1359 4216 1475 4279 difficile
1497 4217 1594 4279 dicere
1615 4219 1646 4276 in

304 4308 495 4383 sequentibus
518 4324 562 4379 ee,
586 4325 661 4384 quae
683 4315 751 4367 snut
772 4313 968 4366 consentanee
981 4304 1189 4383 Porphyrionis
1211 4305 1461 4381 praecedentibus.
1502 4304 1645 4367 absoluto

304 4400 368 4454 toto
391 4392 571 4468 Ptolemaeo,
594 4397 703 4472 poterit
724 4393 862 4469 subjungi
885 4400 1079 4453 commentum
1093 4393 1241 4453 Barlaami
1264 4393 1399 4454 monachi
1421 4394 1450 4451 in
1465 4395 1522 4454 tria
1542 4393 1645 4453 uitium

305 4483 412 4559 capita,
436 4481 520 4557 cnjus
542 4485 708 4542 versionem
729 4488 821 4541 totam
843 4482 892 4542 hic
913 4484 1085 4542 transmitto.
1122 4480 1156 4540 In
1180 4479 1294 4541 Graeco
1317 4480 1388 4540 lolia
1409 4488 1477 4539 sunt
1502 4484 1549 4540 lt.
1587 4480 1644 4541 Ce-

304 4576 375 4643 tera,
397 4577 431 4630 ut
451 4569 596 4646 prioribus
616 4570 727 4647 scripsi,
751 4585 827 4645 quae
850 4567 942 4629 codex
964 4567 1013 4629 ille
1035 4568 1132 4642 habet,
1162 4567 1200 4629 ed
1222 4568 1400 4630 Harmonice
1423 4585 1479 4628 nou
1501 4574 1643 4645 spactant

302 4656 341 4716 Et
363 4658 434 4733 quia
455 4655 591 4717 Barlaam
613 4657 655 4716 ibi
678 4655 792 4730 desinit,
816 4657 868 4716 uhi
889 4658 1014 4716 maxime
1036 4662 1172 4734 coeperat
1193 4655 1303 4716 dicerer
1328 4654 1464 4730 „ridebo
1486 4657 1512 4714 si
1532 4656 1644 4733 possim

302 4742 386 4824 ilium
416 4742 561 4805 delectum
587 4744 759 4822 supplere“:
788 4743 914 4805 mirabili
943 4746 1052 4821 quippe
1079 4745 1153 4818 lato,
1183 4744 1352 4820 priusquam
1379 4742 1519 4803 vidissem
1540 4741 1643 4803 Ptole·

302 4848 435 4905 maeom,
463 4833 507 4892 uti
529 4833 633 4910 scripsi
659 4842 727 4892 ante
749 4831 856 4892 multos
878 4848 986 4905 annos,
1016 4848 1131 4891 omnem
1153 4828 1359 4908 propemodum
1380 4829 1541 4892 Ptolemaei
1563 4828 1645 4891 Har·

302 4921 481 4980 monicorum
504 4937 647 4980 summam
669 4918 836 4996 complexus
859 4936 923 4979 sum
944 4920 1076 4979 institute
1096 4919 1251 4995 scriptione
1278 4918 1314 4979 de
1334 4917 1510 4979 Harmonice
1531 4917 1641 4994 muudi,

303 5006 398 5069 divisa
419 5008 448 5066 in
469 5007 584 5068 libellos
608 5010 642 5081 5,
671 5024 793 5084 quornm
822 5008 915 5083 primo
946 5022 1052 5067 musae
1077 5005 1291 5066 harmoniarum
1316 5007 1346 5064 in
1368 5007 1527 5083 geometria
1549 5022 1642 5082 quee-

300 5099 417 5165 ruutur,
440 5094 568 5156 secundo
591 5094 719 5157 delinitio
741 5092 864 5155 traditur
884 5094 1029 5153 rationum
1050 5092 1281 5153 harmonicorum
1308 5096 1345 5152 iu
1360 5095 1522 5169 ebstracto,
1555 5094 1641 5153 tertio

302 5180 463 5243 ostenditur
483 5185 627 5243 rationum
649 5182 880 5243 harmonicorum
902 5179 1021 5240 effectus
1043 5183 1071 5238 iu
1088 5181 1219 5255 vocibus,
1242 5198 1318 5258 quae
1332 5183 1453 5241 materia
1467 5188 1512 5241 est
1532 5180 1584 5240 lib.
1599 5180 1641 5242 H.

302 5274 332 5330 ct
358 5267 382 5327 1.
405 5267 575 5331 Ptolemaei.
626 5268 736 5346 Quarto
767 5267 867 5329 libello
898 5266 1058 5327 ostenditur
1087 5270 1230 5328 rationum
1260 5268 1490 5328 harmonioarum
1521 5268 1640 5328 effectus

301 5357 331 5416 ln
355 5357 523 5433 operatione
544 5354 688 5431 siderum,
718 5373 793 5434 quae
814 5356 937 5415 metaris
965 5352 1174 5416 ePtolameeo
1198 5355 1321 5416 traditur
1343 5354 1394 5416 lib.
1417 5355 1478 5428 III,
1512 5357 1639 5415 1-13.

300 5441 412 5520 Quinto
427 5442 527 5505 libello
549 5444 671 5506 ostendo
693 5446 838 5505 rationum
859 5442 1091 5502 harmonicamm
1106 5443 1317 5520 applicationes
1333 5441 1371 5502 ed
1392 5449 1488 5502 motus
1502 5441 1638 5503 siderum.

300 5530 399 5609 Atque
424 5528 501 5591 hanc
529 5534 679 5593 materiam
701 5530 899 5603 Ptolemaeus,
932 5531 1087 5606 interprete
1108 5529 1278 5603 Barlaamo,
1309 5529 1422 5591 tredare
1453 5528 1548 5591 voluit
1573 5547 1637 5606 cap.

302 5614 354 5692 14,
380 5619 429 5691 15,
452 5619 522 5695 quie
544 5620 648 5697 cepitis
666 5621 714 5678 14.
738 5619 887 5696 inscriptio
908 5619 1051 5693 promittit
1065 5621 1311 5695 comparationem
1327 5617 1497 5677 chordarum
1518 5617 1637 5693 perlecti

300 5706 468 5785 systematis
489 5706 637 5768 stabilium
660 5722 726 5768 cnm
745 5703 877 5787 sphaeris
898 5704 1008 5782 mnndi,
1031 5720 1095 5782 cap.
1115 5706 1164 5768 lb.
1186 5721 1257 5769 vcro
1278 5707 1420 5784 promittit
1440 5706 1637 5783 comparatio-
