3684 7259
801 1230 892 1289 Notae
907 1229 1038 1289 Editoria.
1304 1229 1307 1234 ’
1528 1234 1591 1296 493

248 1413 379 1462 exterioris
398 1415 422 1461 et
440 1410 550 1472 vulgaris
568 1415 706 1474 respectum
724 1424 778 1460 esse
795 1410 955 1474 laudabilem,
974 1423 1021 1459 neo
1032 1422 1082 1457 non
1100 1408 1256 1457 inventiones
1273 1419 1317 1455 seu
1336 1406 1522 1456 observationes
1535 1421 1593 1457 suas

244 1485 349 1531 minime
368 1483 533 1545 spernendam
561 1481 594 1530 ed
611 1482 735 1529 mathesin
757 1495 814 1529 vero
832 1477 959 1528 iormaiem
984 1485 1009 1528 et
1025 1479 1172 1540 originalem
1184 1480 1221 1526 ita
1239 1492 1294 1525 eam
1317 1491 1344 1526 ee
1361 1476 1451 1526 habere
1469 1477 1537 1543 dico,
1566 1484 1594 1528 ut

244 1556 282 1602 rei
302 1553 391 1601 umbra
409 1553 440 1600 ad
458 1556 512 1614 ejus
530 1550 681 1601 realitatem:
700 1551 789 1598 umbra
807 1555 844 1599 est
860 1550 987 1615 veritatis,
1006 1550 1118 1598 sednon
1136 1549 1193 1610 ipsa
1210 1549 1302 1596 veritas
1329 1584 1491 1599 .......

337 1621 417 1671 linita
435 1620 486 1670 alia
503 1628 531 1669 tu
549 1622 590 1669 hic
608 1620 703 1683 profers
730 1634 780 1669 non
806 1621 889 1681 magni
906 1621 1039 1685 momenti,
1066 1632 1130 1683 quae
1154 1619 1239 1667 omnia
1265 1617 1434 1665 adamussim
1452 1618 1594 1666 examinare

245 1693 322 1741 nimis
349 1692 462 1740 iortessis
481 1691 614 1742 lectoribus
641 1690 744 1752 longum
770 1691 834 1739 toret
860 1697 933 1752 atque
958 1689 1112 1753 taediosum,
1139 1701 1216 1749 quare
1243 1689 1312 1750 ipsos
1338 1686 1372 1735 ad
1389 1700 1458 1736 meae
1477 1688 1593 1749 Analysie

246 1763 457 1812 examinationem
475 1763 583 1810 remitto.

335 1863 379 1928 do)
396 1880 452 1927 pag.
471 1868 529 1915 450.
568 1865 726 1914 Fiuddius
749 1867 775 1914 in
796 1865 947 1926 ¹‚Discursui
976 1867 1038 1915 issac
1057 1866 1132 1916 dixit:
1155 1864 1226 1916 Nunc
1243 1864 1353 1914 Joannes
1375 1864 1417 1913 bic
1433 1866 1518 1913 noster
1535 1877 1592 1913 cum

248 1938 348 1998 egregia
365 1949 426 1984 snse
444 1937 565 1984 victorico
582 1936 753 1997 publicatione
771 1936 904 1999 appendici
922 1937 981 1985 huic
1002 1951 1061 1986 snae
1079 1938 1154 1986 inem
1170 1936 1297 1998 imponere
1315 1935 1404 1996 gestit,
1427 1934 1519 1995 inquo
1537 1932 1594 1982 lau-

247 2005 321 2055 dibus
340 2006 392 2054 suis
410 2018 517 2068 perenne
536 2001 682 2070 (existimat)
700 2012 886 2054 monumentum
904 2006 1009 2055 condere
1029 2008 1169 2067 iamamqne
1186 2019 1280 2070 meam,
1302 2004 1384 2065 qualis
1403 2001 1487 2068 qualia
1504 2005 1549 2067 sit,
1566 2005 1595 2052 in

247 2075 376 2125 dedecoris
400 2075 519 2135 abyssum
544 2074 674 2124 detrudere
701 2080 777 2135 atque
801 2078 827 2125 in
852 2076 1008 2136 ignorantiae
1031 2077 1197 2136 inscitiaeqno
1223 2076 1345 2136 gurgitem
1362 2074 1528 2137 praecipitare
1545 2074 1595 2122 eibi

245 2147 376 2209 proponit,
401 2150 430 2192 nt
447 2147 484 2193 ita
501 2144 603 2193 iortnne
626 2159 683 2193 mea
699 2146 831 2206 gloriosior
853 2145 970 2194 videatur
995 2146 1088 2196 mundo
1106 2149 1159 2207 ejus
1177 2145 1325 2208 triumphus.
1361 2144 1395 2193 Et
1412 2157 1472 2192 sane
1489 2144 1594 2209 truatur,

247 2217 269 2262 si
286 2216 391 2277 poterit,
419 2221 534 2276 tropaeo,
556 2215 625 2279 qnod
651 2217 725 2275 iigere
754 2216 872 2279 speravit.
910 2217 1002 2265 Verum
1027 2229 1135 2281 aequum
1153 2216 1212 2280 orit,
1239 2220 1267 2264 ut
1288 2215 1379 2264 veritas
1401 2212 1484 2263 iocum
1502 2214 1595 2261 habeat

252 2286 401 2345 falsitasque
420 2284 450 2332 ed
469 2285 585 2334 tenebras
602 2283 701 2348 polares
718 2286 745 2333 in
764 2284 866 2334 exilium
883 2286 1006 2347 relegetur
1006 2322 1119 2339 .....
1139 2285 1208 2334 tices
1225 2285 1327 2351 quidem
1344 2284 1518 2347 proportiones
1535 2284 1593 2332 har·

250 2356 366 2403 monicus
391 2356 422 2403 ab
441 2356 632 2403 accuratissima
658 2354 894 2403 demonstrationum
920 2357 1151 2406 mathematicarum
1178 2355 1327 2404 certitudine
1344 2354 1474 2403 recessisse
1489 2354 1594 2419 judicat,

250 2426 369 2487 quoniam
387 2426 413 2472 in
432 2425 537 2473 mathesi
555 2426 652 2485 vnigeri
669 2431 794 2487 rersatn13
818 2425 849 2473 de
866 2425 912 2473 iiia
930 2440 987 2475 vero
1005 2426 1115 2474 naturali
1137 2432 1162 2476 et
1178 2440 1235 2474 rere
1254 2422 1352 2474 formali
1375 2436 1594 2492 nunqnam'prao·

248 2492 342 2543 libasse
360 2494 466 2545 ridetur.
503 2492 578 2555 Quod
602 2509 657 2542 cnm
675 2496 713 2543 ita
729 2496 774 2557 eit,
798 2496 953 2557 impossibiie
976 2511 991 2544 a
1008 2497 1126 2559 sapiente
1147 2496 1333 2559 aestimabitur,
1358 2498 1387 2542 ut
1404 2493 1464 2542 talis
1481 2498 1545 2542 recte
1564 2493 1595 2542 do

248 2562 374 2612 coloribus
390 2563 498 2625 judicet,
523 2577 597 2627 quem
614 2562 678 2613 lucis
697 2571 721 2613 et
738 2565 894 2613 tenebrarum
917 2566 943 2614 in
961 2566 1075 2615 machina
1091 2567 1220 2617 mundane
1244 2566 1345 2614 oiiectue
1362 2577 1413 2612 non
1430 2564 1504 2613 modo
1521 2564 1595 2625 igno·

248 2648 315 2700 rara,
334 2648 418 2683 verum
437 2635 514 2682 etiem
531 2648 572 2682 ore
591 2633 652 2683 duro
671 2636 795 2696 abnegare
812 2649 863 2684 non
880 2636 957 2698 piget.

336 2733 378 2801 66)
397 2750 454 2797 pag.
472 2739 531 2786 tol.
568 2737 722 2788 Fluddius
739 2753 797 2802 pag.
816 2740 856 2790 38.
875 2745 900 2788 st
918 2742 960 2790 39.
980 2741 1020 2789 sni
1039 2740 1188 2801 „Discursus
1199 2737 1344 2800 analytico‘
1365 2752 1487 2788 summam
1510 2753 1595 2789 eornm

249 2807 375 2868 proponit,
394 2819 459 2870 qnae
475 2808 502 2854 in
521 2809 662 2869 praemissis
680 2815 766 2858 centn
783 2810 918 2872 Hepiernm
943 2816 968 2860 et
990 2825 1036 2873 pro
1053 2825 1100 2860 sua
1118 2811 1286 2871 „Harmonia“
1306 2808 1440 2858 multorum
1466 2810 1597 2859 verborum

250 2878 322 2936 copia
350 2876 455 2928 dixerat.
491 2878 622 2938 Inscripsit
647 2879 713 2928 hanc
736 2884 842 2941 partem:
872 2879 1032 2943 Comparatio
1050 2881 1202 2929 Harmoniae
1223 2894 1292 2928 meae
1309 2879 1453 2929 Hnndanae
1478 2894 1535 2929 cnm
1550 2880 1597 2929 iiia

249 2945 356 2994 Joaunis
374 2946 499 3007 Keppieri,
517 2948 562 2995 nbi
582 2946 727 3014 declaretur,
745 2952 772 2997 in
789 2951 1041 3009 quibusconveniant
1058 2955 1083 3000 et
1099 2951 1230 3013 inquibus
1250 2950 1371 2999 differant.
1406 2949 1467 3012 Peg.
1479 2953 1595 3000 to-ao.

249 3015 321 3063 adert
347 3018 507 3074 ¹,testimonia
533 3023 559 3065 et
584 3021 744 3067 auctoritates
770 3025 821 3067 tam
848 3021 1032 3083 philosophicas
1057 3034 1136 3084 quem
1163 3020 1274 3085 divinas,
1301 3020 1463 3068 Harmoniam
1488 3019 1596 3070 Joannis

250 3083 371 3146 Heppieri
388 3088 562 3134 confirmantia
579 3086 618 3135 vel
635 3087 797 3137 reieiiontia⁴¹
833 3090 892 3151 Peg.
909 3092 1012 3138 ao-os
1032 3088 1139 3154 deniqne
1151 3089 1246 3153 prodit:
1267 3090 1500 3150 „Testimoniatam
1511 3090 1595 3154 philo-

250 3156 356 3216 sopbtca
373 3169 450 3221 quam
468 3157 616 3224 theologica,
634 3159 795 3208 Harmoniam
813 3165 924 3209 nostram
941 3159 1096 3209 iiundanam
1114 3161 1328 3212 statuminantia.“
