3684 7259
236 1232 278 1296 gg
364 1196 368 1207 ⁸
674 1220 718 1274 lte
731 1216 893 1302 liemarum
909 1216 1133 1274 liurnonlcarum

237 1395 507 1463 commensurabilem
524 1407 561 1450 sc.
579 1389 639 1448 sola
655 1392 790 1462 potentia,
809 1391 844 1448 sd
861 1391 969 1448 tertiam
986 1390 1116 1462 aliquam,
1134 1397 1194 1455 sola
1210 1399 1333 1470 potentia
1349 1398 1575 1462 commemorabi·

235 1483 290 1542 lem
341 1475 395 1535 ucl.
411 1476 446 1532 X„
463 1474 515 1537 29).

250 1566 253 1572 ·
307 1479 381 1616 s{lass
404 1563 461 1612 tres
482 1552 559 1622 bigas
576 1548 678 1620 duplici
699 1563 796 1620 genere
819 1548 962 1621 planorum
978 1549 1119 1611 distinctas
1136 1556 1265 1616 Euclides
1290 1559 1326 1615 ob
1351 1560 1380 1616 id
1404 1558 1575 1631 potissimum

238 1643 319 1702 docet
333 1635 461 1701 invenire,
479 1631 544 1706 quia
558 1630 662 1687 iaciunt
678 1628 714 1685 ad
731 1628 954 1699 compositionem
965 1635 994 1686 et
1004 1633 1223 1696 constitutionem
1235 1640 1385 1710 specierum
1397 1639 1575 1712 muentium.

319 1711 400 1776 XX.
423 1706 620 1794 Definitio.
664 1704 741 1782 Ergo
762 1705 903 1765 scientiae
925 1702 1033 1782 gradus
1056 1715 1178 1773 octavus
1200 1731 1236 1776 ea
1256 1717 1424 1794 praemissis
1445 1716 1576 1794 interpo-

237 1801 310 1869 sitia'
336 1799 483 1864 derivatur
513 1800 616 1871 estque
649 1792 791 1853 linearum
821 1792 926 1852 iterum
951 1792 1159 1875 singultuum,
1185 1800 1239 1864 sed
1266 1820 1341 1880 quas
1367 1805 1576 1881 compositione

231 1892 363 1956 diuorum
382 1883 543 1959 nominum,
565 1897 607 1943 sc
630 1878 753 1963 duarum
774 1876 977 1957 copulatarum
999 1896 1037 1942 ex
1056 1886 1298 1962 praecedentibus
1313 1890 1435 1971 copulis,
1457 1891 1507 1954 rei
1519 1891 1577 1953 ab·

239 1979 397 2058 quaetione
418 1974 520 2048 unius,
542 1968 770 2048 epharmorusae
792 1965 902 2042 dictae,
925 1967 963 2028 ab
985 1967 1079 2033 altera
1098 1976 1192 2052 socia,
1215 1980 1445 2054 constituuntur,
1468 1996 1577 2042 noram

240 2067 369 2148 Quam
390 2061 540 2123 iacientes.
571 2053 613 2119 Ut
633 2057 677 2117 sic
697 2056 727 2117 in
750 2054 798 2115 his
819 2055 946 2116 sciamus
967 2072 1021 2118 scu
1042 2076 1243 2127 mensuremus
1257 2083 1317 2129 nou
1331 2067 1458 2145 integras
1473 2066 1576 2143 lineas,

240 2172 299 2218 non
320 2149 498 2229 integrarum
522 2143 682 2224 quadrata,
703 2159 763 2204 uon
784 2142 854 2203 bina
875 2144 1105 2225 uniuscuiusque
1126 2154 1261 2230 nomina,
1283 2153 1336 2216 sed
1358 2171 1457 2217 eorum
1475 2155 1579 2233 juncta

240 2240 383 2323 quadratu
404 2244 434 2300 et
456 2250 608 2298 commune
628 2228 837 2309 rcctsnguium,
858 2239 893 2291 ut
904 2231 1145 2310 praecedentibus
1158 2237 1276 2301 XVIII.
1291 2240 1383 2305 XIX.
1421 2242 1458 2303 lit
1472 2259 1577 2321 quam·

240 2333 287 2392 vis
308 2326 430 2391 totidem
451 2323 591 2385 scientiae
612 2317 719 2400 gradus
741 2335 892 2381 numerere
913 2337 1081 2399 possemus,
1112 2336 1184 2404 quot
1212 2336 1282 2390 sunt
1311 2330 1426 2392 iuturae
1455 2332 1577 2410 species,

242 2435 364 2498 quarum
385 2428 499 2490 semper
519 2410 599 2489 prior
621 2414 667 2471 est
686 2408 847 2487 posteriore
869 2408 1008 2485 nobilior,
1032 2412 1102 2488 quia
1124 2421 1220 2480 tumen
1243 2416 1392 2494 quaelibet
1405 2419 1577 2497 compositio

241 2506 290 2568 rel
312 2501 472 2566 abstractio
494 2495 533 2559 ad
554 2499 641 2558 sudus
661 2493 783 2574 gradum
804 2496 935 2573 respicit,
965 2513 1020 2559 nec
1044 2500 1109 2577 ipso
1132 2506 1351 2583 compositionis
1374 2505 1422 2567 rol
1444 2507 1579 2567 abstrac-

241 2595 329 2656 tionis
353 2605 441 2669 opere
463 2585 649 2674 constituitur
670 2581 733 2645 ulla
754 2579 921 2659 diversitas,
953 2583 1008 2646 sed
1039 2602 1140 2650 omnes
1166 2608 1197 2653 se
1226 2591 1336 2655 habent
1364 2610 1518 2672 exaequo
1540 2591 1580 2654 ad

241 2699 311 2743 suas
332 2679 483 2740 nominum
504 2683 557 2735 seu
579 2663 788 2736 elementorum
808 2670 910 2750 bigas:
941 2671 1008 2735 ideo
1037 2691 1128 2736 unum
1148 2677 1244 2743 solum
1266 2698 1366 2743 earum
1387 2680 1509 2760 gradum
1530 2680 1579 2742 ia·

242 2772 359 2841 demus,
388 2762 439 2826 sed
462 2762 576 2841 species
597 2760 661 2839 elus
682 2760 809 2822 sciemus
830 2757 983 2823 nobilitate
1006 2759 1166 2827 dbtncua

329 2852 420 2916 xxi.
442 2849 679 2928 Propositio.
721 2844 878 2907 Sciendum
900 2853 947 2909 est
967 2856 1082 2927 autem,
1104 2869 1141 2914 ea
1162 2852 1277 2918 duabus
1299 2858 1375 2922 inter
1395 2874 1427 2920 se
1448 2855 1581 2936 longitu·

242 2943 310 3006 diue
332 2935 641 3004 commensurabilibus
662 2932 735 2995 nibil
756 2932 834 3009 fieti,
864 2932 944 3012 qiioii
971 2936 1020 2999 hic
1045 2940 1076 2999 in
1098 2956 1217 3006 censum
1239 2945 1340 3008 venito
1362 2944 1484 3009 debean
1515 2946 1579 3010 ⁸in

241 3030 373 3095 effabilcs
395 3027 463 3090 illae
485 3027 609 3100 iueruut,
632 3025 696 3085 sire
718 3037 826 3097 mesae,
848 3023 912 3086 slve
933 3024 1130 3103 ignobiliores.

328 3114 398 3170 Nam
416 3111 440 3169 si
456 3106 710 3166 commensurabiles
726 3103 906 3174 longitudine,
932 3111 991 3163 tota
1012 3108 1092 3165 etiam
1113 3125 1148 3167 ex
1170 3112 1203 3169 iis
1221 3113 1372 3186 composita
1388 3114 1441 3171 erit
1456 3113 1580 3187 pambus

241 3188 496 3251 commensurabilis.
531 3187 615 3257 suut
644 3199 714 3257 quae
739 3181 841 3239 eiiabili
865 3194 1108 3254 commensuratur.
1135 3188 1249 3249 effabilis
1267 3198 1322 3262 est,
1344 3208 1395 3265 per
1410 3191 1581 3252 deduidones

242 3277 305 3330 ante
322 3269 356 3326 L
373 3269 418 3327 20.
437 3264 514 3324 lluci.
549 3264 625 3336 Quae
642 3279 706 3320 roro
723 3277 815 3319 mesas
832 3266 1089 3340 commensurabiis,
1107 3276 1150 3326 est
1166 3286 1240 3327 mese
1256 3285 1307 3343 per
1322 3272 1365 3331 lb
1383 3272 1512 3344 eiusdem.
1542 3273 1581 3329 lit

242 3366 312 3424 qnae
328 3348 426 3420 cuique
443 3361 478 3401 ex
491 3345 549 3415 jam
566 3342 700 3400 secuturis
716 3339 898 3399 ineffabilibus
916 3350 979 3413 post
994 3360 1084 3403 rucsas
1102 3347 1361 3417 commensurabilis,
1378 3351 1500 3423 ejusdem
1518 3366 1580 3410 cum

241 3432 289 3490 iiia
306 3427 407 3500 speciei
424 3430 480 3491 est,
507 3438 557 3494 per
573 3422 691 3489 66--70,
718 3421 864 3479 toi-wi.
899 3424 939 3481 Et
959 3425 999 3481 sic
1017 3433 1059 3483 est
1076 3428 1156 3485 etiarn
1175 3444 1236 3485 cum
1253 3428 1314 3485 aliis
1333 3428 1476 3500 speciebus
1493 3444 1580 3487 remo·

241 3510 365 3578 duribus,
382 3506 417 3562 ab
434 3502 548 3560 Euclide
565 3517 619 3557 non
637 3503 859 3572 commemoratis,
878 3519 948 3574 quae
965 3505 1065 3575 gradus
1082 3508 1239 3563 remotiores
1251 3506 1363 3565 faciunt
1390 3509 1432 3566 Ac
1448 3507 1501 3564 etsi
1518 3523 1581 3564 curn

241 3591 276 3649 iis
292 3605 347 3646 nou
363 3586 403 3643 ita
417 3589 504 3649 esset,
530 3582 559 3638 id
575 3588 665 3638 tamen
682 3581 717 3636 ad
744 3596 794 3639 nos
811 3580 878 3637 nihil
904 3582 1029 3653 pertinet
1063 3586 1120 3643 Aut
1137 3587 1208 3644 enirn
1232 3586 1358 3645 recidunt
1373 3587 1403 3644 iu
1420 3603 1502 3645 uuam
1519 3602 1580 3660 spe·

242 3670 358 3737 ciarum,
376 3660 516 3735 quaejam
533 3659 727 3717 constituemus
744 3675 778 3716 ea
794 3660 1121 3732 incommensurabilrbus,
1139 3666 1224 3723 etsie
1241 3683 1296 3724 non
1313 3674 1415 3737 augent
1431 3681 1580 3740 numerum,

241 3754 290 3806 aut
306 3745 411 3803 iaciunt
425 3740 531 3814 species
547 3738 720 3811 ignobiliores
737 3737 780 3796 rei
796 3740 840 3796 sui
856 3739 899 3796 rel
915 3740 1029 3799 alterius
1045 3742 1161 3817 generis,
1179 3752 1208 3802 et
1218 3744 1259 3803 sic
1275 3762 1331 3803 non
1342 3752 1407 3803 sunt
1417 3744 1501 3818 hujus
1518 3745 1580 3820 loci,

241 3825 289 3883 ubi
306 3823 405 3895 gradus
423 3820 550 3877 struimus
567 3818 721 3891 praemissis
737 3817 874 3889 proximos
891 3819 1040 3877 nobilitate.

329 3896 437 3959 XXII.
460 3895 537 3957 Dei
541 3895 667 3955 initio.
711 3893 902 3955 'liausmiasis
924 3897 1011 3974 igitur
1032 3897 1083 3974 lis,
1107 3916 1183 3977 qnae
1204 3907 1273 3962 sunt
1293 3898 1475 3980 longitudine
1498 3917 1580 3964 com·

241 3985 466 4059 mensurabiles,
495 3980 669 4044 accedamus
698 3980 736 4043 sd
763 3998 828 4056 eas,
858 3999 935 4060 quae
961 3982 1026 4044 sola
1046 3989 1179 4064 potentia
1203 3996 1273 4051 sunt
1294 3987 1579 4052 commensurabiles.

241 4078 335 4157 Igitur
348 4077 373 4135 si
389 4075 599 4151 componantur
612 4069 687 4132 tales
701 4069 777 4131 duae
792 4069 932 4145 siiabiles,
954 4070 987 4131 dt
1001 4071 1224 4136 binominis:
1247 4079 1291 4139 sin
1307 4076 1520 4153 abstrahantur,
1544 4094 1582 4139 sa

241 4163 341 4226 relicto
364 4161 396 4221 iit
418 4167 612 4239 apotome:
634 4159 785 4235 utriusque
807 4174 859 4218 sea
880 4164 948 4219 sunt
970 4162 1082 4237 species
1104 4161 1311 4225 subordinatas
1332 4164 1386 4243 (X.
1411 4165 1461 4225 84.
1486 4161 1559 4246 dia).
1611 4231 1614 4236 ,

328 4250 379 4312 Sin
401 4256 499 4310 auten
521 4247 595 4310 iales
618 4244 693 4308 duae
715 4263 813 4308 muse
835 4254 1053 4325 componantur,
1076 4256 1128 4311 aut
1150 4251 1265 4314 effabile
1287 4252 1443 4314 formantes
1464 4260 1581 4313 rectan-

240 4336 342 4419 guium
364 4345 417 4399 aut
430 4352 548 4397 meson:
571 4335 644 4396 dunt
659 4335 867 4413 compositione
890 4333 1129 4416 bimediales,
1152 4339 1348 4402 abstractione
1363 4357 1459 4403 meses
1474 4344 1581 4419 apoto-

239 4444 315 4504 mae,
338 4426 400 4486 illic
420 4426 540 4502 priores,
561 4423 610 4485 hic
631 4424 805 4502 posteriores
827 4424 1059 4501 cognominatae.

325 4513 385 4575 Hic
407 4513 583 4591 conjungere
604 4509 754 4573 nonlicet
775 4510 919 4572 affabilem
942 4528 1007 4573 cum
1029 4529 1123 4575 mese:
1145 4521 1214 4574 sunt
1229 4515 1305 4576 enim
1320 4514 1396 4577 tales
1410 4514 1486 4577 duae
1508 4516 1582 4576 sinr-

239 4601 353 4685 pliciter
373 4598 687 4675 incommensurabiles,
711 4598 746 4661 de
769 4615 828 4678 qun
850 4600 1036 4679 generalem
1059 4602 1244 4680 insequenti
1265 4600 1411 4682 agendum
1433 4609 1488 4665 est

325 4688 447 4750 xxm.
469 4686 706 4767 Propositio.
750 4687 874 4749 Restant
896 4690 984 4766 igitur
1005 4689 1092 4768 plane
1114 4691 1188 4751 inter
1209 4706 1241 4752 se
1263 4687 1579 4768 incommensurabiles.

239 4777 285 4841 lia
307 4779 344 4840 ile
366 4794 437 4839 raro
459 4775 575 4856 aliquae
596 4775 683 4856 bigae
705 4778 861 4855 requisitos
890 4775 1008 4839 edoctus
1036 4784 1185 4856 praestare
1207 4794 1266 4840 non
1287 4785 1428 4858 possunt,
1458 4771 1493 4839 ut
1513 4786 1583 4839 sunt

239 4865 326 4929 binae
348 4882 455 4939 mesae,
478 4867 549 4927 item
570 4881 630 4927 una
650 4881 730 4929 mose
752 4882 818 4926 curn
840 4882 899 4926 una
919 4863 1038 4926 effabili.

324 4948 390 5005 Illae
407 4948 515 5021 quidem
533 4953 644 5022 propter
664 4948 743 5018 bigae
760 4945 969 5020 ignobilium,
992 4947 1062 5003 istae
1085 4963 1148 5004 rere
1172 4953 1285 5020 propter
1307 4964 1372 5005 suas
1394 4946 1582 5020 discrepantes

237 5034 357 5086 naturas
390 5027 460 5084 Vide
477 5029 511 5085 X.
528 5028 571 5084 ii.
591 5027 649 5086 108.
666 5029 725 5086 109.
744 5028 822 5084 Eucl.
857 5028 941 5085 Nulla
965 5027 1048 5098 igitur
1065 5028 1170 5100 species
1188 5028 1391 5101 compositionis
1408 5027 1472 5084 hinc
1488 5033 1582 5099 potest

237 5108 350 5179 mosam,
367 5114 526 5177 munique
542 5105 621 5164 nobis
637 5106 810 5180 ignobiliores
827 5113 941 5178 tanturn,
959 5106 1076 5165 exclusis
1094 5114 1123 5164 et
1140 5106 1293 5165 effabilibus
1310 5114 1339 5163 et
1356 5106 1447 5164 mesia.

323 5198 443 5260 xxlv.
466 5198 695 5277 Propositio.
732 5198 776 5259 iix
797 5200 868 5279 biga
889 5216 960 5262 vero
981 5202 1076 5279 prima
1097 5200 1200 5262 talium
1222 5189 1309 5279 pla'ne
1331 5201 1582 5261 incommensura-

237 5284 351 5363 biliurn,
374 5304 415 5349 sc
439 5303 516 5364 quae
538 5292 607 5347 suut
626 5288 656 5346 in
678 5288 839 5364 praemissa
858 5285 961 5349 XVII.
984 5287 1103 5352 scibiles
1122 5287 1217 5368 gradu
1240 5290 1355 5366 quinto,
1380 5285 1582 5366 componendo

237 5373 471 5440 maumandove
494 5392 606 5435 rursum
628 5376 758 5437 nascierr
780 5374 918 5453 effabilis3
940 5384 1068 5456 suntque
1086 5377 1252 5440 ueousario
1275 5373 1492 5437 binominis‘et·
1506 5391 1582 5453 apo-

160 5497 186 5528 ·.
236 5462 409 5540 irneside
426 5461 467 5522 X.
488 5464 558 5524 iis.
577 5463 648 5524 ils.
669 5463 739 5523 114.
759 5461 900 5524 Euclidis.
937 5460 1017 5527 Utsi
1037 5467 1070 5528 st
1087 5477 1205 5526 summa
1224 5461 1432 5542 quadratorum
1453 5463 1581 5524 binomi-

178 5563 181 5574 ·
237 5553 285 5624 uis
306 5558 337 5615 et
359 5557 526 5630 apotomes,
558 5555 588 5611 et
609 5565 762 5612 commune
783 5549 986 5630 rectsngulnm
1013 5547 1074 5614 tila
1092 5541 1141 5616 sa't
1161 5550 1293 5630 Abila,
1323 5556 1439 5630 oportet
1460 5552 1581 5612 nomina

132 5635 187 5736 ἢ,
218 5639 356 5721 ¹singula
377 5640 464 5701 unius
485 5638 652 5700 nominibus
673 5637 797 5718 singulis
818 5639 939 5703 alterius
961 5655 1026 5703 esse
1048 5638 1337 5717 commensurabilia,
1365 5637 1445 5717 quod
1466 5632 1525 5705 uon
1546 5637 1580 5701 tt

159 5737 199 5776 ,e
228 5759 230 5764 ·
274 5728 422 5802 ,omuibus
443 5726 641 5792 binominibus
662 5733 693 5791 et
714 5728 868 5808 apotomis.

194 5767 205 5798 ΙΙ

131 5835 134 5842 .
195 5813 204 5844 .'
218 5813 229 5844 ².

130 5777 225 5882 ii..

152 5879 161 5920 r
185 5879 216 5908 ι’·
278 5891 281 5896 -

173 5923 176 5930 Ι
192 5931 194 5936 Ι
353 5947 360 5960 0
