3684 7259
311 1214 353 1275 4⁶
688 1209 830 1283 repuens
846 1210 957 1283 nepus
974 1210 1284 1308 memnonem

311 1388 435 1465 quiritis.
480 1386 521 1447 At
541 1386 640 1449 Solem
662 1369 692 1449 et
712 1406 766 1451 noe
788 1397 818 1452 et
840 1393 934 1452 omnis
954 1389 1137 1469 planetarum
1158 1388 1264 1453 chorus
1285 1391 1481 1465 circumimus,
1504 1392 1533 1452 ei
1554 1389 1648 1452 veluti

307 1474 401 1536 tumul
471 1493 499 1550 s,
521 1476 594 1557 ¹ejus
620 1480 737 1554 proprie
762 1478 874 1539 familia
899 1485 929 1539 et
955 1478 1109 1557 peculium.
1153 1475 1266 1558 Quodsi
1296 1476 1413 1556 gentilis
1443 1495 1537 1539 essem
1565 1486 1596 1539 et
1612 1481 1649 1558 61

310 1483 498 1714 66ἱῆ
515 1580 562 1665 ‘ex
583 1565 771 1669 instructione
793 1564 957 1626 Christiana
978 1566 1159 1671 hausissem,
1188 1563 1330 1669 61666616,
1359 1568 1391 1670 in
1406 1564 1496 1669 'hunc
1527 1565 1648 1671 plebum

311 1660 343 1712 to
363 1647 524 1800 §apd
545 1658 825 1727 praestantissimum
846 1661 946 1730 patere
967 1654 1052 1715 nohis
1074 1649 1300 1730 Waclslrerrlque
1327 1653 1471 1714 eimrlrbns
1493 1654 1649 1715 anrmebns

311 1755 361 1975 Leo
397 1781 594 1973 Segtmmom
624 1823 660 1886 ds
682 1826 792 1888 tabula
837 1827 913 1888 Nem
944 1827 1006 1888 toni
1028 1826 1169 1889 coelestes
1195 1833 1264 1888 eunt
1284 1826 1463 1906 exprimendi
1485 1827 1650 1914 schemati·

331 1930 366 1975 us
387 1931 433 1974 ner
478 1930 516 1973 rs:

362 2072 1589 2288 ἕξὲξὲἒέἒέ

340 2296 1526 2396 ”lillvelthQl

317 2513 319 2516 ,
397 2457 461 2517 166
482 2465 552 2518 nota
575 2465 619 2518 est
641 2464 737 2518 motus
759 2458 910 2535 apheliue,
933 2476 1045 2519 summe
1066 2456 1240 2538 perihellus3
1273 2476 1341 2520 nam
1363 2459 1432 2521 dum
1454 2458 1512 2521 duo
1536 2458 1649 2536 durant,

311 2545 473 2607 intermedii
496 2547 583 2606 ceteri
605 2553 762 2606 mutantur.
807 2546 908 2608 Venus
930 2564 989 2608 non
1010 2554 1122 2608 uuum
1142 2544 1232 2608 habet
1254 2549 1426 2610 serietatem
1446 2555 1593 2623 motuum,
1617 2555 1651 2607 ut

311 2633 359 2696 vel
382 2633 475 2694 diesin
495 2633 619 2709 facient,
648 2641 789 2712 quantum
811 2642 855 2695 est
876 2636 950 2695 inter
971 2634 1017 2695 die
1040 2642 1069 2696 et
1090 2654 1123 2695 e:
1157 2651 1226 2712 ergo
1252 2652 1305 2713 per
1325 2640 1476 2697 unisonum
1507 2644 1576 2696 eunt
1596 2653 1651 2697 ex·

216 2791 218 2795 Ι
309 2720 452 2800 primendi
478 2721 542 2798 ejus
568 2728 675 2782 motus.
720 2720 899 2797 Quantulum
928 2730 1027 2783 sutem
1057 2720 1108 2781 ille
1135 2725 1306 2784 varietatem
1328 2723 1413 2798 iecit,
1444 2723 1589 2785 tantulum
1621 2730 1651 2783 et

311 2811 414 2870 ceteris
442 2807 555 2869 accedit
582 2807 621 2869 sd
641 2809 689 2869 hic
711 2826 849 2885 expresse
877 2808 1031 2871 intervalla
1062 2809 1111 2870 rel
1133 2808 1255 2870 decedit
1300 2809 1431 2889 Suntque
1462 2828 1493 2872 re
1514 2829 1586 2871 vere
1607 2813 1650 2871 sic

311 2897 439 2957 distincti
461 2895 642 2974 singulorum
664 2898 734 2971 toni,
758 2895 880 2957 diversis
901 2914 942 2957 ec
966 2896 1120 2958 altitudine
1142 2898 1275 2957 clavibus
1299 2900 1328 2955 in
1350 2900 1433 2959 scala
1454 2900 1575 2959 musice.
1613 2896 1651 2958 Et

173 3004 178 3011 ·
241 2983 246 2989 '
312 2986 355 3045 sic
376 3000 428 3061 per
449 2991 546 3044 motus
568 2983 702 3062 aphelios
724 2983 922 3061 etperihelios
944 2986 1077 3062 eignstse
1100 2990 1167 3045 eunt
1183 2984 1282 3045 clares
1299 2982 1334 3061 G,
1357 2986 1385 3061 b,
1408 3003 1432 3060 c,
1456 2986 1485 3060 6,
1508 3004 1533 3060 6,
1554 2986 1599 3063 tle,
1621 3004 1650 3062 9,

310 3074 381 3132 licet
407 3073 437 3130 in
464 3071 581 3132 diverse
608 3071 761 3132 altitudine
789 3078 867 3132 certa
899 3073 962 3148 vie;
1002 3079 1033 3133 at
1064 3088 1133 3133 vero
1161 3088 1218 3133 non
1247 3078 1293 3133 est
1321 3073 1446 3149 signata
1494 3072 1651 3133 Praeterea

310 3166 428 3241 propter
449 3160 601 3236 angustias
623 3158 813 3220 Veneriorum
834 3166 865 3219 et
885 3158 1057 3221 'leucorum
1079 3168 1123 3220 cst
1139 3158 1188 3220 hic
1201 3162 1290 3221 etiam
1304 3162 1427 3221 mutetio
1450 3167 1552 3221 cantus
1574 3159 1651 3221 mol-

310 3246 348 3307 lis
369 3247 400 3306 in
422 3254 541 3308 cantum
563 3246 676 3320 durum,
698 3248 768 3323 quia
790 3244 948 3329 66661ἰί6
971 3243 1041 3327 etQ
1064 3247 1174 3307 isciont
1195 3250 1319 3308 interae
1342 3249 1501 3325 comparati
1515 3253 1651 3308 octavm

310 3333 421 3409 duram,
443 3333 576 3412 perihelii
597 3332 729 3396 mollem:
753 3351 812 3411 quo
834 3336 930 3411 posito
952 3334 1044 3396 veluti
1066 3333 1173 3395 seeleto
1195 3336 1345 3410 utriusque
1360 3332 1504 3412 planetae,
1527 3342 1560 3396 ut
1580 3332 1651 3412 plu·

309 3424 415 3482 dmum
437 3421 562 3499 apheliis
585 3430 615 3485 et
629 3419 782 3499 periheliis
804 3422 931 3482 motibus
954 3429 1102 3499 utcunque
1126 3422 1171 3482 bis
1194 3428 1224 3482 et
1247 3423 1290 3482 sic
1310 3424 1341 3480 ln
1356 3424 1524 3484 universum
1547 3430 1651 3501 quater

310 3509 348 3572 ad
376 3527 557 3571 communem
585 3526 621 3570 ex
649 3508 782 3570 omnibns
811 3508 937 3586 planetis
968 3509 1148 3571 harmoniam
1176 3512 1385 3587 contemperari
1414 3517 1547 3588 poseant.
1591 3508 1650 3571 666

310 3606 440 3678 systema
468 3605 593 3675 occupet
618 3598 677 3658 iere
701 3597 719 3656 8
742 3595 899 3674 diapason,
933 3598 1033 3673 itaque
1055 3596 1165 3657 sceleta
1194 3598 1322 3657 omnium
1345 3598 1365 3655 4
1386 3597 1543 3658 iormarum
1565 3597 1651 3658 exhl-

310 3686 387 3747 bebo
415 3686 445 3743 in
472 3702 531 3745 nne
556 3683 621 3745 sola
647 3693 761 3746 octova
805 3683 864 3763 Sed
891 3682 930 3743 ad
958 3700 1059 3746 omnes
1087 3685 1268 3746 universales
1289 3683 1454 3745 harmonius
1477 3692 1650 3746 concurrunt

309 3773 446 3851 planetae
474 3789 533 3832 non
562 3772 684 3849 apheliie
713 3778 743 3832 et
768 3772 918 3848 periheliie
946 3774 1074 3833 motibus
1103 3788 1216 3848 omnes,
1247 3770 1298 3835 sed
1328 3771 1446 3849 quidam
1468 3771 1650 3834 intermediis

308 3868 436 3921 tantuma
460 3876 560 3920 omnes
581 3867 679 3920 tamen
701 3858 740 3919 sd
761 3859 876 3919 illerum
898 3876 987 3920 unum
1008 3860 1101 3921 solam
1112 3859 1204 3919 eltero
1226 3874 1262 3919 ex
1277 3861 1423 3946 extremis.
1456 3860 1531 3922 Sunt
1546 3868 1646 3921 autem

309 3950 430 4009 extremi
456 3954 552 4007 motus
574 3950 645 4025 ipsis
675 3946 772 4007 studio
802 3947 1028 4022 accommodati,
1060 3945 1236 4020 intermedii,
1276 3949 1339 4008 siue
1361 3946 1459 4008 studio
1486 3947 1649 4009 ordinantis

308 4036 466 4110 architecti,
489 4037 627 4095 eveniunt
648 4036 820 4096 necessitate
841 4041 987 4095 motuumr
1014 4034 1090 4095 datis
1118 4036 1195 4095 onim
1223 4035 1376 4109 extremis,
1409 4050 1529 4096 necesse
1551 4042 1597 4096 est
1620 4044 1651 4096 et

308 4121 420 4184 medios
442 4121 571 4184 concedi.
615 4122 661 4184 De
687 4121 910 4200 particulatione
932 4122 1065 4183 hinorum
1087 4120 1136 4185 vel
1157 4123 1297 4181 hinorum
1318 4121 1498 4196 herrnonlle,
1529 4139 1590 4183 nno
1613 4140 1650 4183 ex
1681 4166 1686 4172 ·

310 4228 362 4272 sex
385 4209 583 4287 discordante,
613 4210 686 4271 nihil
708 4209 788 4286 dico;
817 4218 886 4271 sont
906 4211 985 4271 enim
1006 4226 1101 4272 novae
1123 4211 1164 4270 et*
1174 4211 1313 4270 eveniunt
1340 4208 1498 4289 pleraeque
1518 4211 1650 4272 necessi·

309 4305 372 4361 tete
393 4304 534 4360 motuum
557 4341 566 4359 .
590 4340 599 4361 .
622 4340 663 4363 ..

397 4436 453 4487 llus
469 4451 548 4503 usqne
565 4438 728 4500 hegmentum
745 4436 883 4500 1116666666,
901 4450 965 4502 quse
982 4437 1047 4486 olree
1064 4437 1138 4486 inem
1155 4437 1214 4486 sunl
1232 4433 1299 4491 1617
1318 4437 1423 4500 scriptae
1441 4440 1508 4488 eunt.

395 4509 425 4557 ln
443 4510 594 4572 praeietlone
611 4507 728 4573 diximus,
747 4506 976 4557 Schicherdum
994 4506 1118 4557 eohemets
1134 4506 1255 4573 quaedem
1272 4506 1303 4556 ed
1319 4507 1478 4561 Hermoniem
1496 4506 1649 4571 pertinentia

311 4578 547 4642 666166661661666.
578 4577 717 4641 ι1166166666
733 4577 812 4626 multe
829 4590 885 4626 enm
903 4575 935 4626 de
952 4577 1000 4627 hoe
1017 4591 1091 4640 opere
1108 4581 1162 4626 tum
1181 4578 1211 4627 de
1233 4578 1290 4626 eliis
1308 4578 1398 4627 studiis
1416 4577 1587 4627 astronomicis
1605 4591 1649 4641 per

312 4649 395 4699 literae
419 4664 475 4699 oum
500 4648 650 4700 Schlckerdo
668 4649 758 4715 egisse,
781 4652 885 4696 testetur
909 4648 1070 4711 epistolarum
1092 4648 1236 4709 fesciculos,
1261 4648 1303 4711 qul
1329 4648 1395 4695 inest
1417 4646 1475 4697 lise
1496 4648 1648 4697 661166166-

311 4720 380 4770 sibus
397 4734 521 4786 quemque
538 4718 678 4769 Heneehlue
701 4719 729 4767 16
747 4718 893 4769 collectione
910 4731 956 4766 ene
973 4718 1105 4767 exhibete
1122 4718 1166 4768 iol,
1187 4714 1239 4770 668
1254 4712 1422 4770 16161687.
1457 4716 1557 4767 Praeter
1573 4730 1648 4766 uuem

311 4803 368 4840 sero
387 4804 473 4840 omnes
490 4795 549 4840 eunt
565 4801 683 4852 response
700 4788 843 4839 Schiokerdi
861 4787 893 4836 ed
911 4788 1029 4852 epistolae
1047 4787 1161 4850 liepleri,
1179 4801 1242 4853 quse
1260 4787 1304 4835 llis
1321 4792 1424 4850 excepte
1447 4800 1532 4838 omnes
1549 4791 1649 4852 tempo·

310 4872 366 4909 ram
387 4862 479 4922 lnjurie
501 4860 636 4924 perierunt.
671 4858 783 4921 scriptae
805 4862 864 4907 eunt
880 4857 1023 4908 Schieierdi
1042 4855 1162 4920 epistolee
1186 4858 1218 4905 eb
1235 4870 1300 4906 euno
1320 4853 1389 4909 1618
1410 4855 1544 4917 (ileliae.
1564 4872 1588 4909 v.
1607 4859 1649 4917 st.)

310 4931 338 4979 ln
355 4925 695 4995 6666661625(7.8661.).
730 4928 767 4977 Ile
787 4941 851 4993 quse
875 4932 988 4991 superest
1005 4926 1106 4989 Keplerl
1124 4927 1229 4990 epistole
1246 4926 1305 4975 deta
1322 4932 1360 4976 eet
1378 4927 1402 4978 d.
1423 4924 1553 4980 111166
1572 4923 1648 4987 1618,
1709 4977 1711 4982 .

310 5015 377 5066 quse
394 5001 509 5066 quemvis
525 5012 605 5064 peuce
622 5000 713 5049 hebeet
730 4998 762 5048 de
779 4998 921 5063 Hermonis,
939 5002 1022 5046 temen
1039 4996 1135 5057 interra
1151 4997 1216 5046 inire
1234 5003 1358 5061 sequetur.
1384 4995 1528 5061 Complures
1545 4997 1649 5062 Keplsri

310 5070 429 5135 epistolee
453 5071 485 5120 ed
503 5070 679 5121 Schlckerdum
697 5067 778 5135 (culus
799 5071 850 5130 jem
874 5080 993 5131 response
1016 5065 1194 5134 desiderentur)
1216 5067 1423 5130 deprehendimus
1445 5069 1473 5117 16
1495 5068 1650 5117 bibliothece

310 5140 510 5208 8166666666,
529 5155 598 5208 quse,
618 5154 674 5191 cnm
690 5140 798 5190 mxime
809 5152 841 5188 es
852 5142 921 5202 perte
938 5140 1024 5199 typum
1037 5136 1187 5186 'l'sbulernm
1198 5137 1413 5200 Rudolphlnerom
1424 5139 1546 5187 ettineent
1558 5138 1648 5201 (scrip-

310 5215 350 5262 tes
367 5215 427 5262 sunt
443 5210 530 5261 Ulmee
547 5205 827 5274 666161626-1628),
845 5208 887 5258 hio
902 5206 960 5255 llles
978 5219 1029 5255 non
1046 5206 1188 5256 inserendes
1207 5208 1356 5258 censuimus.

397 5280 546 5332 (inilielmus
571 5280 706 5331 Schickerd
733 5278 876 5347 (sruotsrt)
903 5280 976 5326 uetus
1003 5280 1041 5325 eet
1065 5275 1260 5344 Hsrrsnberres,
1292 5277 1385 5342 oppido
1403 5278 1649 5340 Wdrttembergensl,

311 5352 335 5401 d
352 5349 394 5405 22
413 5355 475 5414 Aps.
494 5348 573 5417 1592,
597 5343 1160 5412 Ι1661666661)61610-16136666166166
1186 5360 1284 5411 operem
1304 5347 1390 5409 debet,
1413 5348 1572 5409 praecipuum
1589 5360 1648 5396 vero

310 5424 422 5473 studium
439 5423 540 5482 ungues
557 5422 686 5471 hebreieee
702 5419 869 5483 impendebat.
897 5412 1053 5470 66661611
1072 5416 1191 5465 dieronue
1209 5418 1356 5478 Nhrtingem
1375 5418 1473 5474 missus,
1491 5414 1647 5469 66661618.

310 5492 451 5555 Tuhingem
467 5491 549 5558 rediit,
566 5492 678 5553 fflguem
694 5490 834 5540 hebreieem
845 5487 1006 5551 proleeenrns.
1038 5487 1093 5537 Hoc
1109 5499 1211 5537 munere
1229 5488 1373 5551 perfunctus
1391 5493 1429 5537 est
1439 5500 1528 5548 meane
1544 5488 1647 5556 quidem

310 5577 366 5614 cum
382 5562 465 5623 lende,
482 5560 527 5609 sed
544 5562 633 5622 exiguo
651 5560 741 5610 salerio
758 5560 867 5622 edJutns,
884 5557 952 5623 quod
971 5570 1035 5607 enno
1054 5556 1152 5606 demum
1166 5553 1232 5610 1628
1249 5556 1378 5606 liberalius
1397 5556 1582 5619 suppeditatum
1599 5562 1647 5623 est,
1667 5566 1673 5576 ·

309 5648 360 5701 quo
377 5632 476 5683 senstul
488 5630 641 5691 Tublngerrsl
658 5629 842 5680 commendetus
860 5642 875 5676 e
892 5626 1031 5677 conellerlle
1050 5627 1120 5678 dnols
1133 5626 1348 5687 Wdrttemberglci
1367 5630 1392 5674 et
1409 5627 1527 5691 Philippo
1541 5626 1648 5677 ilseeiee

310 5702 416 5771 066616,
432 5704 462 5752 in
475 5701 607 5804 cuspin
623 5700 824 5764 philosophicum
835 5700 964 5794 ¹protestor
980 5695 1288 5814 mwmmseet
1318 5696 1366 5787 Per
1382 5709 1475 5761 666666
1491 5711 1551 5748 sero
1568 5709 1647 5748 mnoe

518 5807 522 5820 ,
1030 5805 1088 5860 en,

473 5803 584 6120 ¹6
