3684 7259
762 1192 846 1250 hiber
862 1191 911 1247 111.
932 1189 1072 1263 Capeti.
1526 1197 1585 1260 m
1623 1264 1647 1273 ,Δ

245 1372 380 1432 omuibus
403 1373 568 1446 virtutibus,
591 1371 673 1431 illam
695 1371 786 1432 veluti
811 1390 846 1433 ex
869 1374 1028 1433 virtutibus
1052 1372 1254 1469 mutabilibus,
1276 1373 1355 1437 hane
1373 1392 1409 1437 ex
1425 1392 1590 1437 cosman.

245 1462 294 1519 tiis
316 1460 495 1520 animalibus
518 1462 685 1539 compositis
697 1455 792 1540 ¹V111)
932 1470 935 1478 ·

331 1593 442 1651 Νοιιι.
478 1597 511 1651 lu
534 1596 586 1651 hoe
611 1599 701 1666 eapite
718 1595 890 1651 Ptolemaeus
913 1595 1100 1652 demonstrare
1124 1597 1230 1660 nititur,
1254 1596 1399 1653 facultates
1417 1598 1523 1652 animae
1541 1598 1591 1653 hn-

242 1689 338 1729 manae
365 1673 485 1741 singulas
510 1675 585 1743 ipsas
612 1692 674 1730 eum
700 1676 757 1728 suis
781 1673 899 1744 propriis
926 1674 1069 1742 speciebus
1087 1677 1160 1730 varie
1177 1675 1359 1730 conformatas
1381 1683 1409 1730 at
1427 1676 1592 1731 constitutas

231 1745 305 1807 'esse
324 1752 359 1806 ad
377 1751 497 1807 rationes
514 1754 694 1816 harmonicas.
733 1754 792 1821 Ego
812 1752 989 1808 Harmonices
1007 1751 1054 1806 lib.
1072 1753 1118 1808 lv.
1138 1769 1196 1822 cap.
1217 1754 1247 1823 2,
1267 1754 1283 1808 3
1302 1763 1330 1809 et
1347 1754 1364 1809 7
1382 1751 1502 1822 ostendi,
1526 1769 1592 1823 qua·

244 1838 324 1884 tenes
343 1829 456 1884 concedi
473 1833 567 1900 possit,
587 1834 673 1901 ipsam
692 1832 798 1887 animae
816 1830 978 1902 peritiorem
994 1830 1141 1885 essentiam
1158 1832 1315 1886 consistere.
1325 1830 1353 1885 iu
1366 1831 1544 1900 geometricis,
1563 1831 1592 1885 in

244 1906 332 1975 dgura
350 1924 388 1964 sc.
407 1909 501 1964 ciremi
519 1910 594 1965 velut
612 1910 742 1965 abstracti
760 1926 777 1964 ι
796 1910 962 1979 quanfitate,
988 1910 1070 1980 inque
1088 1911 1310 1979 proportionibus
1328 1910 1503 1980 harmonicis,
1522 1924 1593 1979 quae

246 1992 310 2041 sunt
328 2003 362 2041 ex
374 1986 505 2043 divisione
524 1988 626 2052 circuli,
644 1997 779 2057 quatenus
797 2004 840 2044 sc:
857 1989 946 2043 anima
963 1996 1057 2044 noema
1074 1997 1116 2044 est
1134 1989 1185 2043 Dei
1204 1989 1347 2057 creatoris,
1371 1989 1414 2045 cui
1432 1990 1485 2045 ista
1502 1988 1593 2045 omnia

245 2076 390 2123 coaeterua
407 2074 483 2133 sunt,
502 2067 599 2135 imago.
635 2070 672 2121 At
689 2068 718 2121 in
736 2083 765 2122 re
784 2068 900 2123 obscura
926 2082 976 2121 aec
993 2066 1032 2122 ita
1050 2066 1176 2122 sensibus
1199 2068 1300 2123 normis
1325 2066 1405 2123 obvia
1427 2084 1483 2128 non
1501 2073 1594 2137 potest

246 2162 307 2202 esse
325 2145 460 2201 dilucidus
478 2160 528 2214 per
544 2152 637 2214 partes
656 2146 777 2213 singulas
796 2144 958 2215 explicatus.
993 2147 1046 2202 Est
1062 2147 1131 2202 baec
1149 2146 1233 2202 veluti
1251 2146 1339 2202 forma
1350 2145 1440 2213 animi,
1459 2151 1593 2214 quatenus

246 2225 350 2280 animm
369 2225 397 2279 in
414 2240 522 2293 genere,
541 2239 591 2280 nee
608 2233 724 2294 possunt
742 2225 865 2281 diversae
877 2226 1068 2295 proportiones
1080 2227 1252 2281 harmonicae
1269 2226 1298 2281 iu
1310 2227 1417 2281 diversa
1432 2225 1492 2293 ejus
1503 2224 1595 2278 munia

247 2303 381 2359 distribui
419 2303 497 2371 Quod
517 2305 588 2358 euim
605 2302 745 2374 iutelligit,
763 2304 792 2359 id
809 2305 884 2375 facit,
903 2311 935 2359 nt
953 2311 996 2361 est
1014 2304 1171 2374 simpliciter
1189 2305 1307 2374 animus,
1330 2304 1403 2374 quod
1420 2319 1485 2358 vero
1503 2303 1594 2368 ιιιιιι,

246 2382 311 2438 feeit
335 2389 470 2450 quatenus
495 2391 537 2436 est
562 2382 682 2452 corporis
708 2381 808 2448 forma,
836 2390 913 2439 utet
932 2382 1005 2452 quod
1023 2382 1182 2438 recordatur
1203 2382 1317 2452 aliisque
1340 2382 1477 2437 habitibus
1495 2395 1593 2451 corpus

247 2462 357 2517 iustruit
378 2470 551 2529 exercetque.
589 2461 656 2517 Cum
677 2462 736 2531 jam
761 2462 972 2519 antecessissent
995 2462 1024 2515 in
1048 2461 1241 2516 constitutione
1266 2460 1383 2515 hominis
1406 2469 1498 2530 partes
1516 2460 1593 2527 istae,

247 2556 345 2610 eorpus
364 2547 392 2595 et
410 2542 511 2608 anima,
535 2540 610 2610 leges
634 2542 717 2610 igitur
734 2543 840 2597 animae
858 2540 1070 2597 conformandae
1093 2540 1120 2594 iu
1138 2540 1182 2594 his
1200 2540 1269 2610 ipsis
1293 2537 1513 2603 continebantur,
1540 2553 1595 2592 nan

247 2620 275 2674 iu
293 2619 384 2690 aliquo
403 2619 608 2683 ¹harmoniarum
635 2619 797 2691 archetypo;
823 2637 886 2677 nam
912 2619 959 2674 ubi
981 2626 1075 2687 partes
1094 2624 1122 2673 et
1142 2619 1235 2673 munia
1262 2633 1295 2672 ex
1313 2616 1361 2672 tali
1378 2616 1525 2685 archetypo
1550 2613 1594 2671 de·

248 2705 399 2761 sumuntur,
418 2697 456 2751 ibi
473 2707 581 2767 oportet
599 2713 660 2755 esse
678 2700 830 2756 libertatem
848 2716 966 2768 meram,
991 2714 1041 2753 uec
1058 2698 1241 2768 praescriptas
1260 2711 1320 2751 esse
1337 2696 1413 2766 leges
1430 2695 1595 2763 antiquiores

248 2776 387 2844 magisque
408 2778 584 2834 necessarias.
620 2779 682 2833 Nou
701 2779 784 2848 igitur
802 2780 891 2834 anima
916 2779 1023 2834 diversa
1039 2776 1109 2833 haec
1132 2776 1246 2832 sortitur
1261 2775 1368 2843 ιιιιιιιι,
1391 2773 1458 2843 quia
1475 2774 1597 2829 diversae

248 2863 312 2911 suut
328 2854 498 2922 harmoniae,
526 2856 574 2909 sed
600 2856 664 2924 quia
687 2856 727 2911 sic
749 2857 865 2924 requirit
890 2856 1015 2924 subjecta
1038 2855 1159 2910 materia.
1195 2854 1253 2909 Nec
1270 2853 1416 2923 quicquam
1442 2852 1550 2907 ia'veuio
1568 2852 1596 2906 in

248 2936 300 2990 hoc
318 2934 416 3004 eapite,
435 2934 508 3002 quod
526 2952 580 2990 non
599 2935 634 2989 sit
653 2944 790 3005 coactum3
818 2937 908 2991 omnia
926 2942 1094 3004 peraguntur
1111 2932 1245 3000 analogiis
1267 2930 1447 2999 etintendit
1465 2930 1536 2986 circa
1551 2944 1598 2985 eas

246 3006 362 3069 lusibus.
398 3014 437 3068 Et
455 3013 526 3082 quod
545 3019 628 3082 caput
645 3021 699 3083 est,
727 3031 781 3068 nou
804 3014 953 3082 iudicatur,
979 3010 1114 3081 quomodo
1133 3011 1239 3066 animus
1260 3009 1406 3079 participet
1421 3008 1597 3077 longitudine,

249 3102 297 3148 aut
315 3092 464 3147 secundum
489 3108 547 3147 eam
565 3100 656 3161 motu;
680 3103 711 3147 ut
732 3094 822 3163 posito
847 3092 972 3161 subjecto
991 3090 1097 3159 possint
1120 3090 1202 3145 etiam
1225 3089 1381 3143 harmoniae
1398 3088 1476 3158 poni,
1498 3087 1599 3157 quippe

249 3169 320 3226 inter
338 3172 483 3239 terminos,
506 3172 623 3240 subjecti
640 3182 746 3242 partes,
774 3174 923 3230 seeundum
941 3189 974 3227 ea
992 3186 1062 3241 quae
1080 3186 1139 3241 cap.
1157 3172 1182 3227 3.
1201 3169 1264 3224 libri
1281 3167 1326 3223 IV.
1353 3169 1495 3237 disputavi
1529 3167 1599 3223 Nam

250 3248 324 3318 quod
342 3263 394 3317 ego
418 3249 446 3303 iu
464 3250 555 3305 anima
578 3267 651 3320 pono
675 3252 830 3308 harmonias
857 3252 1045 3321 archetypieas
1069 3250 1234 3314 formaliter,
1258 3249 1287 3304 id
1311 3247 1441 3317 ostendo,
1464 3246 1598 3317 quemodo

249 3328 304 3396 fiat,
324 3335 461 3396 quatenus
480 3344 517 3383 sc
535 3329 628 3384 anima
645 3338 688 3385 est
708 3329 817 3397 quidam
835 3333 914 3400 quasi
934 3329 1066 3398 circulus;
1097 3330 1125 3385 iu
1143 3328 1236 3384 οιιιιιιι
1255 3327 1326 3384 euim
1344 3328 1492 3400 geometria
1507 3326 1600 3383 meunt

250 3423 343 3462 omues
362 3408 479 3461 omnium
498 3408 698 3486 harmoniarum
717 3409 823 3464 termini
841 3409 1000 3466 differentiis
1020 3408 1204 3465 scientialibua
1223 3406 1333 3463 discreti
1356 3406 1439 3474 inque
1459 3419 1524 3461 sues
1541 3404 1599 3459 lou·

249 3485 386 3553 gimdiues
405 3485 528 3543 dimensi.
567 3487 611 3542 Sic
631 3503 694 3542 sero
712 3504 806 3544 omues
825 3490 934 3543 omuino
952 3488 1107 3544 harmonias
1125 3503 1197 3559 pono
1212 3488 1240 3541 in
1252 3487 1332 3542 unica
1344 3485 1448 3540 ammae
1460 3482 1598 3553 facultate,
1645 3530 1648 3536 .

250 3579 288 3618 sc.
306 3564 336 3616 iu
353 3563 507 3632 intellectu,
527 3581 580 3619 non
600 3581 634 3620 ex
653 3566 767 3636 siugulis
785 3568 905 3635 singulas
922 3568 1068 3624 facultates
1085 3567 1181 3623 educo.
1217 3568 1414 3633 Demaeneto,
1438 3563 1498 3620 siue
1516 3579 1600 3633 quau-

251 3643 377 3698 titatibus
396 3643 524 3698 consutui
544 3659 625 3712 posse
641 3643 847 3712 proportionum
864 3647 995 3701 terminos
1012 3647 1041 3701 in
1053 3646 1156 3716 auima3
1175 3647 1221 3715 qui
1239 3653 1304 3700 suut
1324 3639 1477 3713 igitur‘nou
1494 3644 1602 3704 termini

252 3723 412 3792 quantitatis
438 3722 497 3789 ejus
520 3722 713 3778 intellectualis
739 3725 839 3795 partis,
865 3725 1033 3795 respondent
1057 3726 1180 3780 terminis
1198 3725 1350 3795 diapason?
1385 3724 1428 3777 Au
1446 3722 1600 3777 intellectus

250 3818 306 3856 non
325 3817 355 3855 se
372 3802 432 3870 ipso
452 3801 595 3856 subsistit?
630 3804 672 3856 An
692 3803 732 3857 sie
749 3804 898 3872 requiritur
916 3802 1062 3873 duplicitas
1080 3805 1273 3874 principiorum
1292 3802 1326 3857 ad
1346 3816 1415 3868 enm,
1434 3807 1465 3856 ut
1482 3801 1536 3858 duo
1548 3805 1600 3855 ter·

250 3879 316 3945 mini
340 3877 375 3933 ad
401 3880 623 3948 proportionem?
660 3878 720 3948 Qua
742 3897 772 3935 re
798 3881 952 3937 substantia
969 3889 1142 3953 comparatur
1159 3884 1303 3939 relationi?
1340 3881 1369 3937 Si
1391 3881 1464 3934 iuter
1479 3877 1600 3933 intellec

249 3964 308 4012 ιιιιι
333 3967 361 4012 et
382 3974 499 4013 sensum-
516 3957 614 4014 fuisset
640 3960 789 4016 constituta
812 3961 950 4030 proportio
978 3961 1082 4031 aliqua,
1110 3962 1277 4032 comparatio
1302 3961 1401 4017 fuisset
1427 3956 1601 4013 emendatior.

250 4035 296 4091 Sic
315 4037 386 4090 enim
403 4036 546 4092 Platonem
563 4038 717 4108 accepimns
740 4053 912 4107 comparasse
929 4040 1015 4095 totius
1037 4041 1144 4097 animae
1170 4041 1390 4098 contitutionem
1413 4055 1477 4095 eum
1494 4038 1601 4093 harmo-

251 4114 357 4169 uiarum
374 4114 492 4169 maxima
515 4121 542 4169 et
566 4115 777 4185 perfectissima,
806 4131 887 4185 quam
910 4126 1017 4173 veteres
1038 4118 1165 4183 dixerunt
1188 4131 1249 4174 esse
1267 4115 1600 4187 diapasou·epidiapeute;

251 4193 401 4250 secuudum
420 4194 528 4262 quidem
546 4195 583 4264 id,
602 4197 676 4264 quod
694 4197 784 4252 anima
801 4196 962 4265 quantitatis
980 4197 1065 4253 ricem
1083 4196 1195 4263 obtinet,
1213 4196 1241 4251 id
1260 4205 1310 4266 ast,
1329 4193 1480 4252 seeundum
1496 4193 1601 4249 ammae

250 4272 411 4328 facultatem
428 4273 456 4328 in
474 4290 596 4343 corpore.
631 4276 702 4330 Nam
718 4276 790 4331 iuter
808 4276 900 4331 sedem
918 4277 1007 4347 epatis
1026 4284 1054 4331 et
1072 4275 1164 4332 sedem
1182 4273 1272 4332 cerdis
1290 4282 1333 4331 est
1344 4274 1436 4344 aliqua
1453 4278 1527 4329 certa
1543 4270 1602 4325 lon·

252 4350 355 4419 gitudo,
374 4350 454 4441 cujus
472 4352 584 4422 duplum
602 4354 708 4409 circiter
725 4361 769 4409 est
785 4354 857 4415 inter
875 4348 968 4410 sedem
986 4355 1074 4411 cordis
1092 4363 1121 4412 et
1138 4356 1230 4412 sedeur
1248 4354 1359 4411 cerebri
1396 4352 1549 4419 Ergoeum
1568 4347 1603 4403 sit

252 4427 392 4483 rationalis
411 4430 515 4485 animae
534 4432 639 4487 sedes
632 4448 659 4486 m
679 4432 800 4500 cerebro,
818 4433 989 4489 nascibilis
981 4451 1008 4488 m
1019 4433 1110 4503 corde,
1128 4432 1404 4503 concupiscentiaein
1416 4436 1505 4500 epate,
1523 4426 1601 4483 Plato

251 4506 348 4562 statuit
365 4508 505 4562 rationalis
519 4508 553 4563 ad
566 4510 805 4579 concupiscibilem
817 4506 977 4567 facultatem
989 4513 1192 4581 proportionem
1203 4526 1264 4567 esse
1276 4510 1385 4582 triplam
1398 4524 1447 4565 seu
1459 4506 1602 4575 diapasoa·
1611 4503 1613 4509 ’

253 4585 440 4655 epidiapente,
467 4587 503 4642 ad
520 4588 683 4645 irascibilem
708 4589 819 4659 duplam
843 4605 891 4645 seu
910 4590 1051 4659 diapason,
1068 4590 1214 4648 irascibilis
1238 4590 1274 4645 ad
1292 4583 1529 4658 concupiscibilem
1547 4581 1602 4637 dia·

251 4672 336 4753 pente
354 4681 403 4721 seu
421 4667 640 4738 sesquialteram,
667 4677 695 4724 et
712 4668 764 4723 nisi
782 4683 826 4724 me
843 4669 912 4725 fallit
930 4672 1050 4740 animus,
1077 4672 1155 4726 hoe
1147 4686 1236 4742 ipsum
1260 4670 1313 4725 sihi
1330 4667 1416 4723 voluit
1430 4662 1602 4721 Ptolemaeus

252 4743 282 4799 ia
297 4745 423 4801 lemmate
442 4746 522 4813 hujus
541 4747 651 4816 capitis,
675 4746 758 4817 idque
775 4748 874 4804 lemma
891 4749 979 4805 solnm
998 4714 1129 4820 seriptum
1145 4749 1270 4817 reliquit,
1296 4758 1446 4817 properans
1465 4742 1500 4797 ad
1518 4746 1603 4794 aaut·

253 4826 360 4881 uomica
378 4828 482 4895 eapita;
506 4827 699 4897 superveniens
716 4842 780 4884 vero
798 4828 980 4898 posteriorum
998 4829 1096 4897 aliquis
1119 4837 1223 4884 textum
1241 4827 1338 4881 horum
1356 4823 1475 4893 capitum
1500 4836 1534 4876 ex
1552 4835 1602 4874 suo

253 4913 336 4976 captu
355 4905 534 4962 concinnavit.
571 4903 603 4958 ld
621 4906 694 4961 euim
710 4907 801 4975 ipsum
818 4907 847 4962 in
864 4906 968 4963 ultimis
986 4907 1174 4963 astronomicis
1187 4905 1320 4977 capitibus
1338 4902 1470 4959 accidisse
1488 4903 1603 4954 conami-

341 4985 414 5039 Nota
432 4984 466 5038 ll.
510 4982 683 5038 Differentiae
709 5000 777 5053 quas
801 4986 889 5053 dicat,
922 4987 1013 5040 statim
1036 4986 1159 5054 subjicit:
1186 4980 1412 5049 intellectualem,
1439 4978 1603 5046 musitiram,

253 5060 430 5117 habitualem.
468 5062 578 5132 Species
597 5078 661 5118 vero
680 5062 872 5119 intellectualis
891 5065 1013 5134 quidem:
1037 5065 1215 5129 intellectiva,
1232 5061 1433 5128 ratiocinativa,
1460 5056 1604 5128 opinative,

254 5141 396 5211 ereditiva;
416 5143 561 5198 sensitisee
580 5140 671 5195 verme
690 5142 850 5211 sessiones,
870 5151 897 5199 et
915 5145 1063 5201 habitualis
1082 5146 1196 5202 virtutes
1214 5142 1330 5197 morales
1347 5148 1399 5196 ete.

341 5220 414 5276 Nota
430 5222 480 5275 lll.
515 5222 660 5277 Primarias
678 5220 744 5278 facit
759 5221 979 5294 intellectualem,
998 5225 1162 5291 seusih'ram,
1179 5220 1317 5313 moralem,
1336 5226 1367 5275 nt
1384 5215 1604 5274 saumana-et

255 5300 364 5356 viliores
381 5301 564 5373 intelligamus
583 5304 780 5367 loeomotiram,
807 5302 926 5374 vitalem,
945 5304 1110 5372 naturalem,
1132 5302 1195 5358 illac
1214 5301 1284 5357 enirn
1302 5299 1416 5355 rationis
1436 5298 1523 5366 magia
1541 5302 1605 5352 aunt

255 5383 403 5453 participes
421 5383 488 5453 ejus,
507 5400 577 5452 quae
596 5384 721 5440 (ιιιιιιιιιι
738 5382 824 5437 ιιιιιιιι·
840 5381 956 5437 heminis
973 5383 1093 5452 proprio.
1129 5382 1187 5437 lios
1211 5394 1330 5434 summas
1351 5376 1465 5433 ιιιιιιιιι
1482 5374 1603 5431 iutellee·

254 5468 314 5518 tum
336 5469 364 5517 et
385 5463 567 5530 voluntatem,
594 5463 717 5532 proxime
739 5461 893 5517 inferiorem
917 5460 1090 5526 ιιιιιιιιιιιι,
1117 5459 1225 5528 utrique
1250 5456 1441 5512 famulantem.
1474 5451 1605 5524 Appellat
1662 5459 1669 5478 ⁸

255 5542 338 5611 lgitur
355 5540 535 5609 habitualem,
563 5557 644 5610 quam
661 5556 711 5596 uos
729 5539 909 5609 voluntatem,
936 5545 965 5593 et
981 5544 1046 5595 suut
1069 5535 1109 5593 illi
1133 5558 1182 5591 ser
1179 5536 1295 5606 ἰιιχην
1311 5533 1437 5603 habitus,
1461 5533 1508 5604 qni
1524 5531 1603 5589 nabla

256 5638 353 5679 mores
390 5620 509 5677 Scieutis
526 5622 571 5676 hic
588 5621 629 5676 illi
647 5636 702 5677 nou
718 5625 762 5675 est
777 5618 849 5675 iuter
866 5616 985 5673 habitus
1330 5657 1336 5670 .
1372 5665 1374 5672 ,
