3684 7259
849 1206 991 1278 Apologia.
1450 1258 1453 1261 ,
1532 1198 1592 1262 441

248 1383 364 1444 Moneri
388 1384 486 1444 Solem
511 1387 587 1444 circa
611 1388 740 1463 corporis
763 1404 847 1446 axem
870 1385 1057 1460 immobilem,
1081 1383 1174 1445 oculis
1196 1387 1286 1459 patet,
1310 1378 1362 1440 sed
1385 1374 1598 1439 astronomicis.

245 1474 310 1532 Nou
341 1480 438 1532 tamen
466 1476 493 1532 -is
516 1473 559 1530 illi
582 1482 678 1532 motus
710 1477 787 1533 inest
816 1476 854 1533 ob
877 1475 1011 1548 luminis,
1044 1492 1131 1549 quam
1156 1479 1187 1530 tu
1211 1470 1358 1540 celebras,
1392 1465 1595 1533 mobilitatem,
1689 1458 1692 1464 ’

245 1553 321 1619 ιιιιιιι’
346 1560 393 1618 hic
415 1569 511 1619 motus
535 1560 651 1619 luminis
675 1571 720 1620 est
750 1566 813 1621 sine
836 1572 980 1638 tempore,
1017 1564 1194 1624 verimotus
1218 1567 1286 1617 sunt
1310 1558 1501 1629 intempore.
1550 1549 1596 1609 nd

244 1656 355 1707 motum
379 1666 449 1707 vero
472 1651 576 1706 ceteris
599 1648 724 1724 planetis
748 1649 935 1709 inserendum
959 1667 1034 1727 opus
1058 1666 1122 1708 esse
1140 1646 1202 1706 Soli
1225 1653 1305 1705 motu
1327 1642 1436 1720 proprii
1457 1640 1595 1715 corporis,

245 1736 274 1793 id
306 1746 350 1793 est
381 1735 551 1811 dogmatum
582 1754 671 1794 unum
703 1736 797 1796 dictae
833 1738 993 1813 Epitomes.
1048 1736 1158 1796 Terrae
1188 1741 1303 1794 motum
1331 1739 1365 1790 tu
1387 1729 1529 1805 refutasti
1561 1729 1596 1784 ia

242 1824 368 1899 pbpsieo
397 1831 530 1881 tractatu
560 1822 781 1883 dlocrocosmi?
836 1825 872 1882 Αι
905 1825 1027 1898 eundern
1058 1840 1113 1900 ego
1143 1822 1249 1882 Terrae
1279 1828 1389 1877 motum
1422 1813 1537 1873 delendi
1568 1815 1596 1869 in

246 1911 381 1986 Epitome
405 1910 553 1969 doctrinae
576 1910 745 1987 sphaericae
768 1912 919 1986 diurnum,
954 1917 983 1971 io
1005 1912 1080 1971 libro
1104 1917 1166 1979 eius
1190 1907 1243 1968 IV.
1266 1907 1425 1987 (doctrlnae
1448 1902 1595 1961 lheOtictt

244 1997 349 2076 primo)
373 2016 511 2058 annuum.
557 1998 741 2059 contendant
775 2002 848 2058 inter
876 2018 908 2059 ss
931 2001 996 2061 libri
1020 2000 1125 2071 nostri,
1156 1997 1290 2073 judicent
1311 2009 1381 2055 vero
1406 1996 1595 2067 spectatores,

245 2085 274 2143 id
297 2095 341 2144 cst
364 2085 495 2144 lectores.
541 2085 665 2145 Falleris
681 2096 777 2145 tamen
800 2090 825 2145 si
841 2097 938 2164 putas,
961 2096 1061 2164 erepto
1076 2086 1147 2165 mibi
1163 2084 1269 2144 Terrae
1286 2088 1364 2141 motu
1383 2078 1486 2139 eadere
1500 2093 1595 2135 meam

244 2173 454 2247 Harmoniam
486 2172 598 2232 scilicet
628 2191 685 2232 non
715 2174 810 2249 legisti
840 2193 876 2235 ne
901 2177 1018 2234 titulum
1043 2173 1160 2245 quidem
1189 2170 1254 2231 libri
1281 2169 1388 2244 quinti,
1424 2166 1473 2223 ubi
1496 2170 1596 2239 aperte

244 2277 360 2332 moneo,
384 2271 417 2318 ut
441 2268 470 2319 et
493 2278 556 2338 cap.
582 2263 610 2319 3.
636 2261 685 2319 tol.
711 2264 783 2334 215,
806 2271 902 2322 stante
927 2266 1015 2323 etiam
1037 2261 1145 2321 Brsbei
1168 2260 1322 2329 sententia,
1347 2257 1394 2315 cui
1415 2253 1505 2312 Terra
1526 2258 1595 2324 stat,

246 2348 344 2406 valere
367 2348 550 2405 harmonicas
574 2348 845 2420 demonstrationes,
870 2368 943 2429 quas
967 2350 1067 2409 doceo.
1114 2349 1199 2424 Piget
1221 2345 1338 2405 taudem
1366 2349 1409 2403 tot
1431 2338 1596 2400 conbsdic·

246 2438 359 2493 tionum
382 2436 589 2494 faciendarum.
636 2437 710 2495 Nam
734 2436 803 2511 quid
828 2434 1132 2516 interempturam),
1155 2442 1295 2511 quantum
1319 2439 1353 2491 ra
1365 2430 1532 2506 Wiiim
1554 2426 1597 2485 ‘ld

242 2524 322 2580 bone
344 2540 439 2598 arque
462 2523 549 2597 dian,
574 2525 624 2598 qui
648 2527 855 2583 astronomiam
879 2528 998 2602 iusuper
1028 2524 1136 2584 babere
1167 2524 1267 2583 lateris
1295 2522 1441 2592 etiamque
1464 2521 1595 2575 contem·

244 2612 309 2669 sisti
333 2610 444 2685 supra?
489 2609 600 2669 Ternos
623 2610 746 2670 circulos
762 2630 816 2689 ego
833 2629 890 2671 uon
914 2615 986 2690 ipsis
1009 2613 1136 2672 motibus
1158 2609 1329 2687 periodicis,
1351 2604 1402 2665 sed
1427 2603 1595 2679 regionibus
1704 2647 1735 2682 .·

246 2701 382 2772 assigno,
406 2699 482 2755 iutra
505 2714 578 2774 quas
601 2703 769 2757 coiirceutur
798 2708 904 2760 motas.
950 2701 1027 2775 Ergo
1052 2717 1151 2758 rerum
1181 2698 1229 2756 hic
1251 2695 1349 2755 dixisti
1376 2709 1427 2769 per
1450 2690 1595 2761 accidens,

246 2786 342 2845 orbita
373 2784 508 2861 planetae
539 2787 671 2860 aequalis
702 2794 746 2845 est
777 2786 883 2845 circulo
911 2790 1039 2864 regionis
1061 2805 1132 2847 suae
1160 2783 1273 2856 modio,
1304 2780 1463 2854 eademque
1486 2795 1505 2837 a
1526 2776 1595 2836 Sola

245 2882 290 2930 est
314 2876 484 2931 eccentrica.
530 2872 567 2930 Et
590 2873 741 2948 quiajam
765 2877 910 2933 excusasti
934 2884 1015 2933 tuam
1039 2876 1076 2934 ab
1100 2874 1278 2934 astronomia
1299 2875 1400 2928 ttosba
1427 2867 1596 2943 peregrina·

244 2962 362 3032 ²³⁰¹¹⁸¹¹¹r
388 2962 497 3036 quippe
520 2961 547 3015 in
572 2959 660 3017 aliam
683 2962 736 3019 tibi
758 2965 801 3021 sic
824 2962 931 3020 dictam
956 2966 1173 3033 astronomiam,
1196 2967 1342 3019 attamen
1365 2955 1426 3015 tela
1446 2954 1500 3013 tibi
1522 2969 1595 3030 snp-

244 3056 347 3124 petaut
368 3049 397 3102 iu
423 3057 631 3119 astronomum,
656 3049 813 3122 transfugis
836 3050 925 3119 igitur
947 3050 984 3109 ad
1008 3050 1178 3126 theologos,
1197 3048 1304 3123 jubens
1327 3062 1373 3104 me
1396 3060 1430 3101 ex
1454 3042 1596 3114 scriptura
1696 3098 1700 3106 ,

244 3138 377 3211 probaro,
402 3133 480 3207 quod
507 3135 587 3191 Deus
611 3144 722 3193 creator
745 3136 890 3195 coelorum
922 3155 1073 3196 numerum
1102 3155 1136 3197 ex
1161 3138 1290 3210 quinque
1313 3130 1484 3207 corporibus
1506 3144 1596 3203 regu·

246 3224 355 3280 laribus
380 3222 567 3297 desumserit3
598 3225 653 3280 nisi
678 3225 798 3295 luciam,
822 3241 879 3282 non
904 3232 933 3282 tu
958 3225 1029 3283 mibi
1053 3222 1235 3293 eredesboc
1256 3220 1406 3281 asserenti.
1452 3217 1532 3292 Ego,
1555 3216 1595 3271 mi

244 3310 388 3380 Roberte,
422 3312 447 3366 si
471 3312 642 3368 rescissem
675 3328 710 3369 ex
740 3310 884 3370 hocloco
917 3322 1129 3389 pugnaturum,
1163 3308 1251 3388 plane
1277 3324 1335 3367 uon
1358 3305 1595 3381 comparuissem,

249 3396 328 3473 quod
351 3414 410 3454 uno
434 3398 522 3454 verbo
547 3397 654 3456 dictum
678 3406 749 3456 esto.

331 3484 395 3543 Non
421 3484 528 3542 desinis
550 3503 596 3543 me
618 3503 750 3560 gravare,
773 3503 819 3544 me
842 3487 1047 3546 consonantias
1070 3485 1237 3543 barmoniae
1257 3498 1339 3546 meae
1361 3478 1497 3540 coelestis
1512 3475 1597 3537 aedi-s

245 3573 330 3632 ficare
347 3589 434 3647 super
448 3574 650 3648 proportiones
665 3572 766 3630 borum
783 3575 910 3649 quinque
927 3591 1088 3650 corporum.
1129 3574 1225 3649 Atque
1246 3570 1317 3629 nibil
1332 3567 1401 3629 illae
1417 3568 1512 3625 minus
1527 3573 1597 3624 strat
1653 3579 1656 3585 ·

246 3678 333 3735 quam
356 3658 550 3731 harmonicae,
575 3667 697 3735 excepta
720 3660 900 3721 tetraddrica.
946 3662 1128 3735 (lognatione
1151 3659 1269 3736 qtridem
1283 3658 1384 3732 aliqua
1402 3654 1470 3715 lara
1492 3652 1595 3731 probo,

246 3747 321 3805 trabi
337 3756 430 3806 certas
447 3746 613 3806 harmonias
629 3764 647 3805 a
661 3750 746 3806 certis
761 3748 870 3824 figuris,
890 3748 952 3823 jam
968 3757 1055 3807 antea
1071 3751 1144 3807 iuter
1159 3747 1243 3808 orbss
1259 3744 1445 3822 interpositis,
1462 3750 1493 3801 at
1507 3742 1595 3817 ipsis·

245 3837 319 3893 sima
344 3837 372 3891 in
395 3833 547 3892 individuo
570 3837 718 3910 proportio
742 3838 838 3895 causis
860 3837 961 3895 nititur
983 3835 1070 3910 longe
1092 3834 1235 3911 pluribus.
1280 3834 1347 3892 Non
1368 3829 1509 3900 attulisti,
1533 3828 1596 3887 Ro-

246 3924 344 3992 berte,
369 3931 481 3980 tantum
505 3922 675 3995 diligentiae
697 3923 734 3982 ad
758 3921 913 3998 legendum
935 3923 1040 3981 librum
1063 3940 1159 3982 meum
1183 3922 1219 3996 V,
1251 3928 1362 3998 quanta
1384 3918 1520 3978 convenit
1542 3914 1594 3990 llll,

246 4012 296 4085 qui
329 4009 407 4069 bunc
430 4010 494 4068 vult
525 4009 707 4083 convellere;
741 4028 831 4085 quare
864 4013 1058 4087 praestitisset
1090 4019 1118 4070 te
1146 4009 1182 4070 de
1205 4010 1312 4085 ignotis
1346 4007 1490 4077 nouisse,
1525 4004 1595 4079 quia

249 4096 345 4156 bonor
369 4115 427 4156 non
449 4115 544 4169 meus,
569 4095 619 4156 sed
643 4100 780 4156 creatoris
802 4101 907 4172 agitur.

335 4184 388 4241 Ad
412 4184 592 4260 Analysin
616 4184 704 4243 Xlll.
750 4184 838 4243 aliud
861 4194 957 4245 textus
981 4202 1062 4243 meus
1085 4184 1187 4253 texuit,
1211 4180 1291 4241 aliud
1314 4179 1443 4258 analysis
1459 4184 1510 4236 tua
1531 4176 1594 4235 dis·

246 4272 373 4331 solvere·
393 4271 570 4347 aggreditur.
616 4271 709 4347 Super
739 4274 835 4332 causis
865 4274 1132 4342 consonantiarum,
1166 4287 1224 4328 non
1252 4268 1315 4344 jam
1337 4283 1424 4344 super
1444 4265 1594 4325 concinnis

246 4361 385 4430 minimis,
410 4378 476 4418 cum
501 4359 647 4418 veteribus
671 4361 741 4418 mibi
765 4362 979 4419 contentionem
1004 4376 1068 4419 essa
1092 4358 1165 4429 diri,
1189 4356 1283 4432 doqrre
1306 4357 1342 4415 iis
1365 4364 1393 4416 te
1415 4371 1452 4413 ue
1476 4352 1593 4428 uiridem

247 4450 384 4522 cogitare,
409 4446 483 4506 adeo
508 4466 606 4505 verum
629 4446 697 4518 diri,
722 4454 754 4505 ut
776 4449 863 4506 etiam
886 4465 932 4507 me
956 4447 991 4506 de
1014 4448 1060 4504 iis·
1074 4447 1151 4504 clarc
1174 4444 1316 4505 dicentem
1339 4461 1376 4502 ne
1399 4442 1517 4518 quidem
1540 4457 1594 4497 sx-

247 4535 365 4604 audias,
388 4534 545 4608 respondes
569 4536 645 4592 enim
669 4533 704 4593 de
728 4535 875 4594 concinnis
898 4533 1038 4605 dissonis,
1067 4550 1124 4592 non
1149 4533 1185 4592 de
1208 4532 1414 4593 consonantiis.
1461 4531 1524 4604 lige
1547 4535 1594 4586 ta-

247 4640 321 4693 men,
345 4624 523 4695 pensitamus
547 4624 634 4680 etiam
657 4620 716 4695 illa,
741 4639 815 4696 quae
839 4623 892 4682 abs
915 4630 944 4682 te
968 4621 1004 4681 de
1027 4628 1092 4679 ortu
1115 4623 1320 4680 concinnatum
1343 4626 1411 4678 suut
1433 4617 1520 4677 (licta.

331 4708 422 4767 Recte
452 4710 559 4767 fortnas
587 4726 682 4767 ineam
714 4711 916 4785 negationem:
950 4708 1111 4768 intervallis
1141 4710 1277 4768 consonis
1299 4722 1356 4777 nou
1379 4707 1506 4783 positam
1529 4719 1595 4762 esss

247 4812 429 4855 communem
454 4814 618 4864 mensuram
642 4795 830 4856 numeralem.
879 4799 1082 4857 strationem
1106 4798 1221 4856 unicam
1252 4810 1338 4855 ame
1367 4792 1510 4870 prolatam
1542 4791 1595 4861 als,

247 4902 322 4959 quae
345 4886 419 4941 ratio
443 4893 539 4942 tamen
561 4901 619 4942 uon
644 4892 696 4943 est.
741 4883 808 4943 Hoc
830 4884 950 4943 voluisti
974 4884 1078 4957 dicere,
1101 4890 1129 4944 te
1147 4891 1263 4960 praeter
1277 4883 1392 4941 unicam
1415 4880 1497 4940 illam
1511 4878 1595 4936 simi·

245 4970 412 5041 bladinum,
449 4970 484 5030 de
507 4972 679 5046 pusionibus
701 4971 848 5031 bominem
870 4972 1125 5049 componentibus,
1155 4970 1229 5029 nihil
1250 4967 1419 5045 intelligere.
1465 4967 1595 5026 Ratioa

245 5076 292 5117 me
315 5058 393 5116 dicta
416 5058 489 5117 haec
512 5068 569 5117 est:
600 5061 803 5135 proportiones
826 5060 900 5119 inter
923 5077 955 5119 se
977 5076 1035 5119 nou
1058 5058 1234 5137 multiplices
1257 5064 1326 5116 sunt
1347 5057 1595 5117 incommensura-

246 5145 329 5219 biles,
354 5145 509 5204 interralla
533 5162 662 5205 consona
684 5155 752 5204 sunt
773 5150 976 5222 proportiones
1004 5150 1078 5206 iuter
1100 5164 1133 5206 se
1158 5164 1216 5205 noa
1239 5143 1428 5219 multiplices,
1461 5150 1594 5221 praeter·

245 5252 334 5309 quam
359 5232 514 5292 intervalla
537 5234 695 5308 diapason,
729 5251 798 5309 ergo
822 5233 977 5294 intervalla
998 5250 1126 5294 consona
1157 5230 1435 5312 praetergdiapasou
1457 5237 1526 5290 runt
1547 5231 1595 5287 in-

247 5320 532 5381 commensurabilis.
577 5320 660 5379 Haec
683 5322 757 5379 ratio
780 5323 891 5390 invicta
912 5331 974 5391 est,
1007 5338 1096 5395 quare
1119 5319 1191 5379 nibil
1214 5318 1334 5394 impedit
1365 5317 1412 5377 vel
1438 5316 1592 5391 „unicam“

246 5426 320 5469 esse.
366 5408 469 5481 Neque
492 5416 589 5465 tamen
613 5408 679 5466 hine
702 5407 797 5467 solum
819 5408 927 5481 iniero,
951 5424 1080 5467 consona
1103 5409 1251 5467 concinnis
1272 5422 1337 5465 esse
1360 5413 1466 5465 natura
1487 5407 1593 5482 priora.

245 5496 430 5555 Numeriam
456 5504 584 5553 veterum
609 5494 717 5569 aliqui,
748 5497 798 5570 qui
821 5489 1026 5554 consonantias
1056 5498 1132 5555 esse
1149 5493 1456 5555 incommensurabiles
1478 5509 1593 5569 ¹negare

245 5600 304 5642 uon
328 5589 482 5659 poterant,
505 5584 646 5642 concinna
668 5590 773 5641 natura
794 5584 891 5658 priora
913 5583 1052 5642 iecerunt.
1097 5581 1155 5643 Sed
1177 5582 1250 5642 baec
1273 5588 1318 5642 est
1349 5580 1488 5640 illationis
1511 5597 1594 5641 meae
1666 5603 1670 5611 ·

246 5688 344 5747 musa,
369 5672 439 5746 quia
461 5685 598 5745 consona,
621 5676 654 5731 ut
675 5669 856 5731 diatessaron
881 5665 947 5753 ij„
963 5668 1099 5748 diapenta
1114 5666 1172 5754 Ἃ,
1194 5676 1391 5731 monsacutus
1412 5685 1464 5748 per
1485 5669 1594 5747 ligurus
