3684 7259
323 1269 383 1329 lto
853 1260 895 1319 De
912 1260 1136 1333 Proportiunibds
1187 1277 1191 1284 ’

274 1439 278 1446 ’
319 1442 448 1502 lontibus
466 1444 542 1502 'arui
587 1439 683 1516 Legat
705 1443 836 1499 curiosus
859 1441 963 1513 lector,
992 1459 1068 1517 quae
1092 1442 1127 1501 de
1149 1442 1194 1499 his
1218 1442 1397 1511 sectionibus
1421 1449 1489 1499 unte
1512 1455 1605 1499 annos
1629 1442 1669 1497 ‘22

318 1516 420 1605 scripsi
443 1531 473 1585 in
494 1528 636 1605 Mysteriu
660 1527 906 1604 cosmographlco
940 1531 1034 1604 eapite
1056 1528 1128 1587 Xll.
1153 1538 1182 1588 et
1203 1527 1373 1604 perpendat,
1397 1527 1543 1604 quomodo
1567 1527 1670 1585 luerim

318 1616 370 1675 illo
393 1616 457 1675 loco
481 1614 676 1673 hallucinatus
698 1632 785 1692 super
808 1618 903 1674 causis
925 1618 1088 1675 sectionum
1110 1625 1140 1674 et
1161 1617 1390 1689 harmoniarum,
1413 1631 1565 1692 perperam
1588 1614 1671 1671 nisus

323 1720 423 1763 earum
445 1719 594 1761 numerum
618 1712 646 1760 et
668 1706 795 1761 rationes
819 1702 962 1764 deducere
985 1720 1028 1761 cx=
1043 1720 1162 1762 numero
1179 1706 1306 1779 quinque
1327 1720 1479 1779 corporum
1495 1700 1670 1780 regularium

322 1788 496 1864 solidorum3
520 1807 586 1849 cum
609 1808 711 1850 rarum
733 1794 772 1848 sit
795 1789 850 1849 hoc
872 1793 980 1868 potius,
1004 1798 1063 1849 tam
1080 1789 1331 1866 quinquev'figuras
1346 1789 1466 1864 solidas,
1490 1806 1579 1865 quarn
1602 1788 1671 1847 har-

311 1880 435 1936 monias
457 1880 584 1935 musicas
615 1886 644 1935 et
670 1876 796 1936 chordae
819 1881 963 1937 sectiones
991 1894 1173 1937 communem
1204 1878 1310 1938 habere
1336 1880 1475 1954 originem
1506 1893 1540 1935 ex
1566 1876 1671 1951 ‘figuris

319 1965 500 2040 regularibus
522 1963 627 2041 planis.
672 1963 710 2021 Et
734 1964 896 2023 Ptolemaei
919 1964 1036 2040 quidem
1067 1970 1178 2025 musica
1207 1983 1272 2024 oum
1299 1968 1482 2042 expositione
1504 1962 1670 2041 Porphyrii,

320 2070 443 2128 quorum
474 2052 540 2110 loco
571 2050 698 2124 allegato
731 2051 906 2118 mentionem
935 2053 1005 2122 leci,
1038 2052 1179 2112 hactenus
1202 2056 1400 2129 manuscripta
1422 2064 1525 2111 nactus
1547 2067 1612 2109 sum
1636 2068 1671 2109 ex

269 2208 271 2214 7
318 2139 493 2199 liberalitate
522 2138 572 2198 Jo.
606 2136 725 2214 Georgii
758 2138 910 2199 Herwardi
943 2140 1114 2198 Cancellarii
1140 2142 1274 2199 Bavarici
1294 2147 1318 2211 (v
1336 2162 1356 2197 s.
1370 2161 1393 2208 p.
1404 2145 1448 2212 6.),
1483 2157 1517 2199 cx
1548 2154 1670 2213 quorum

321 2225 396 2286 libro
420 2230 505 2285 tertio
528 2238 640 2302 partem
663 2229 805 2302 potiorem
830 2229 857 2284 in
882 2226 1074 2302 appendicem
1097 2228 1133 2286 ad
1158 2229 1247 2287 libros
1271 2227 1323 2285 IV.
1348 2235 1377 2286 et
1400 2226 1435 2285 V.
1462 2226 1550 2301 hujus
1574 2227 1670 2300 operis

318 2314 473 2389 transtuli3
503 2331 606 2371 causas
631 2315 712 2371 rero'
732 2313 947 2372 harmoniarum
971 2318 1114 2389 genuinas
1144 2318 1171 2372 in
1196 2318 1231 2373 iis
1259 2332 1317 2373 rron
1346 2317 1443 2372 inveni
1477 2314 1610 2387 adeoque
1633 2330 1669 2369 ne

320 2405 483 2460 sectionum
507 2401 623 2476 quidem
645 2400 748 2459 harum
772 2405 941 2477 numerique
966 2420 1064 2459 aarum
1086 2405 1243 2477 septenarii
1267 2402 1330 2459 ulla
1352 2401 1385 2458 fit
1406 2404 1525 2460 mentio.

405 2489 468 2546 Etsi
493 2505 561 2548 vero
584 2496 695 2547 mature
719 2492 790 2547 satis
814 2488 1021 2560 animadverti,
1048 2507 1151 2548 causas
1175 2510 1193 2549 a
1215 2490 1315 2564 figuris
1338 2489 1434 2564 planis
1457 2486 1612 2564 petendas,
1636 2498 1667 2543 ut

319 2577 402 2651 cujus
424 2578 465 2646 nei
488 2578 601 2634 semina
618 2576 681 2650 jam
704 2579 733 2632 in
756 2576 885 2652 allegato
907 2579 1003 2651 capite
1026 2574 1098 2635 XII.
1122 2576 1254 2653 Mysterii
1283 2593 1385 2652 sparsa
1407 2574 1506 2648 vides,
1539 2583 1669 2633 attamen

320 2663 369 2722 diu
398 2662 555 2721 admodum
583 2680 629 2722 mu
659 2670 818 2735 torserunt,
850 2665 1020 2739 priusquam
1051 2665 1185 2722 omuibus
1215 2666 1302 2723 animi
1332 2665 1389 2722 mei
1411 2662 1556 2739 scrupulis
1578 2662 1669 2719 satis·

322 2750 411 2809 fieret.
457 2750 585 2807 Primum
609 2752 685 2810 enim
708 2750 819 2826 figurae
834 2750 1076 2810 demonstrabiles
1100 2769 1118 2808 a
1140 2769 1198 2809 nun
1221 2738 1495 2809 demonstrabilibus
1518 2758 1600 2809 erant
1621 2765 1670 2807 se·

205 2838 210 2849 '
322 2837 479 2914 parandae,
503 2843 607 2913 postea
630 2837 936 2914 causainveuienda,
960 2855 1024 2911 cur,
1047 2856 1112 2897 cum
1135 2841 1279 2898 sectiones
1302 2839 1358 2898 hae
1382 2847 1479 2919 essent
1501 2854 1537 2895 er
1559 2835 1668 2912 figuris,

320 2926 464 2986 sectiones
487 2924 603 2998 quidem
627 2927 702 2982 intra
723 2928 917 3001 septenarium
942 2928 1147 3000 consisterent,
1179 2927 1289 3002 figurae
1311 2928 1340 2983 in
1365 2925 1507 2983 infinitum
1532 2940 1668 2983 excurre·

320 3019 392 3070 rent.
437 3010 536 3069 Tertio
560 3010 713 3071 discrimen
737 3015 812 3073 intur
827 3012 1153 3088 pentehaedecagouum
1173 3022 1203 3072 et
1218 3011 1459 3072 demonstrabiles
1476 3017 1587 3070 ceteras
1610 3015 1673 3069 erat

319 3097 515 3165 statuendum,
539 3100 609 3172 qnia
632 3098 702 3173 vidi,
727 3098 849 3174 figuram
872 3099 953 3158 illam
978 3099 1125 3160 exclusam
1150 3118 1213 3159 esse
1236 3102 1274 3159 ab
1296 3100 1513 3159 harmoniarum
1534 3114 1672 3174 procrea·

318 3187 408 3255 tione,
439 3192 512 3245 teste
541 3185 653 3245 auditu.
697 3186 735 3244 Et
765 3188 913 3246 habebant
945 3186 1061 3262 singula
1090 3190 1189 3263 capita
1217 3205 1287 3247 suas
1310 3178 1460 3247 cautiones
1483 3187 1669 3257 concisiores,

320 3289 442 3348 quarum
464 3290 523 3330 una
546 3273 695 3348 quaelibet
717 3291 763 3331 me
786 3273 835 3332 diu
859 3277 953 3333 tenuit
976 3278 1160 3350 occupatum.
1207 3274 1346 3351 Exemplo
1373 3277 1412 3334 sit
1426 3290 1507 3352 prop.
1527 3273 1559 3347 5,
1584 3289 1673 3348 quum

322 3358 425 3418 ultimo
448 3362 591 3436 omnium,
625 3377 691 3420 cum
709 3360 772 3436 jam
796 3360 989 3421 describerem
1012 3378 1100 3438 opus,
1133 3361 1192 3420 vidi
1217 3362 1397 3440 addendam,
1427 3359 1506 3438 quod
1529 3359 1673 3419 hactenus

320 3448 531 3522 ignoraveram.
575 3447 640 3506 Nisi
669 3445 800 3507 enimet
828 3448 878 3507 illa
901 3451 974 3508 inter
1004 3452 1147 3526 principia
1171 3458 1263 3522 esset,
1297 3457 1326 3510 et
1348 3452 1374 3509 si
1397 3444 1479 3509 ve'rbi
1501 3461 1591 3507 causa
1615 3442 1672 3529 ⁷],0

321 3541 475 3611 propterca
503 3546 601 3594 essent
631 3542 718 3611 aptae
747 3534 785 3594 ad
807 3535 994 3595 statuendam
1024 3537 1219 3611 harmoniam,
1250 3540 1320 3613 quia
1343 3544 1484 3614 suntpcr
1505 3530 1564 3616 V„
1586 3528 1670 3615 (cum

322 3623 429 3697 qulbus
452 3621 666 3680 semicirculum
688 3619 815 3703 faciunt)
838 3622 1097 3697 demonstrabiles,
1128 3632 1197 3684 tunc
1225 3631 1254 3683 et
1278 3620 1329 3706 U„
1353 3633 1382 3684 et
1405 3621 1443 3706 ⁵),
1467 3639 1561 3698 eoque
1583 3631 1613 3681 et
1635 3619 1673 3701 Ὗ,

241 3727 243 3729 ·
321 3715 350 3767 et
378 3705 414 3790 ¹),
438 3707 604 3768 harmonias
627 3710 721 3770 lacere
744 3713 993 3783 convincerentur,
1018 3710 1097 3786 quod
1113 3713 1248 3771 omnibus
1265 3710 1359 3771 modis
1373 3712 1528 3788 repudiant
1544 3718 1574 3771 et
1588 3724 1674 3767 aures

322 3803 351 3854 ut
373 3796 523 3855 axiomata
545 3805 653 3855 nostra.
1410 3816 1416 3831 ·

407 3882 502 3959 Igitur
523 3883 571 3941 vel
594 3883 659 3942 solo
681 3883 809 3960 allegato
832 3884 898 3942 libri
921 3887 977 3945 mei
992 3884 1126 3963 Mysterii
1148 3885 1388 3965 Cosmographici
1407 3883 1579 3945 'testimonio
1601 3885 1673 3942 satis

324 3977 369 4028 est
390 3972 519 4028 munitus
542 3970 661 4029 unditus
684 3979 786 4029 contra
809 3972 1006 4049 sophistarum
1030 3973 1264 4048 obtrectationes,
1288 3972 1375 4032 fidem
1390 3973 1511 4031 auribus
1533 3971 1674 4045 derogare

223 4083 238 4093 ··
323 4073 446 4115 ausuros
470 4058 547 4132 circa
569 4057 728 4117 divisiones
751 4058 825 4117 adeo
849 4057 975 4118 minutas
999 4067 1028 4119 et
1051 4059 1290 4137 dijudicationem
1306 4058 1577 4119 concordantiarum
1599 4055 1673 4116 sub·

324 4144 504 4220 tillssimam3
528 4147 636 4223 quippe
659 4162 725 4204 cnm
748 4146 847 4205 videat
868 4146 975 4221 lector,
998 4164 1044 4206 me
1067 4147 1154 4207 fidem
1177 4150 1289 4208 aurium
1314 4148 1364 4207 illo
1387 4136 1517 4224 ternpore
1540 4153 1672 4205 secutum

265 4306 271 4317 Ι
324 4248 389 4290 esse
412 4233 441 4288 in
465 4232 669 4294 constituendo
692 4235 853 4293 sectionum
876 4251 1005 4308 numero,
1030 4252 1095 4293 cum
1118 4235 1214 4296 adhuc
1237 4234 1273 4295 de
1296 4236 1392 4308 nausis
1415 4233 1594 4317 laborarem,
1618 4235 1681 4291 uec

237 4326 240 4334 '
322 4316 397 4378 iderfi
421 4320 469 4388 bic
490 4318 607 4394 lecisse,
636 4320 716 4397 quod
739 4322 831 4380 secere
862 4329 994 4401 veteres,
1025 4325 1075 4397 qui
1103 4324 1215 4394 aurium
1239 4322 1351 4399 jndicio
1380 4323 1527 4400 progressi
1554 4320 1673 4397 aliqua·

320 4412 413 4478 tenua,
436 4423 505 4465 mox
527 4411 679 4468 contemtis
703 4407 825 4467 ducibus
847 4408 991 4484 reliquum
1015 4411 1134 4484 itineris,
1157 4413 1298 4469 rationum
1315 4427 1464 4469 erroneam
1479 4409 1582 4481 secuti,
1603 4425 1674 4485 puts

321 4492 452 4562 lecerunt
473 4495 593 4554 auribus
616 4497 645 4553 vi
669 4497 753 4571 quasi
776 4499 928 4571 pertractis
958 4504 987 4556 et
1008 4497 1096 4573 plane
1128 4497 1335 4558 obsurdescere
1362 4498 1462 4572 jussis.
1495 4496 1553 4556 Es
1576 4494 1672 4570 abun·

321 4579 403 4647 danti
425 4583 592 4653 veroinlra
615 4599 678 4659 cap.
706 4583 734 4641 8.
759 4583 846 4659 hujus
870 4582 935 4642 libri
960 4601 1077 4661 operam
1101 4584 1182 4659 dedi,
1207 4592 1239 4644 ut
1261 4585 1382 4644 cuiliuet
1404 4592 1481 4645 esset
1504 4587 1531 4641 in
1556 4592 1670 4660 promtu

154 4711 159 4722 .
184 4661 187 4667 '
237 4672 240 4676 ’
320 4662 450 4726 lacultas‘
467 4677 571 4745 suopte
594 4669 690 4727 Marte
712 4670 882 4729 consulendi
906 4671 1037 4730 auditum
1066 4671 1220 4749 superbis
1250 4672 1374 4750 aliisque
1397 4670 1522 4731 chordae
1547 4670 1671 4729 divisio·

229 4761 235 4772 ·
321 4756 407 4813 nibus
430 4772 587 4832 earumque
609 4760 807 4816 testimouium
830 4759 1040 4836 pensiculandi,
1061 4769 1102 4818 ut
1120 4768 1214 4819 certus
1237 4761 1285 4835 sit,
1309 4778 1352 4832 ea,
1377 4758 1413 4819 de
1435 4763 1559 4835 quorum
1574 4759 1671 4817 causis
1698 4823 1705 4830 Ν

218 4888 236 4928 .·
320 4841 497 4916 laboramus,
520 4862 658 4904 sensuum
682 4847 862 4921 experientia
885 4849 1044 4905 certissima
1066 4849 1134 4919 niti,
1158 4864 1214 4908 nec
1234 4856 1339 4925 sponte
1362 4865 1427 4906 mea
1451 4842 1551 4928 (cujus
1574 4848 1672 4905 crimi-

133 5002 138 5014 .
321 4930 366 4987 uis
390 4929 588 5008 Pythagoraei
613 4934 642 4989 in
666 4943 749 5008 parte
771 4935 812 4992 rei
833 4929 918 5014 suut)
943 4952 1007 4994 esse
1031 4933 1155 4993 conficta
1177 4950 1288 5012 proque
1310 4937 1388 4995 veris
1413 4934 1540 4995 obtrusa.

888 5165 1030 5237 CAPUT
1057 5154 1112 5237 iit?

359 5308 406 5363 De
423 5308 672 5365 medietatibus
691 5308 900 5364 harmonicis
924 5317 956 5365 et
974 5308 1134 5366 trinitate
1156 5311 1439 5367 concordantium
1464 5327 1637 5368 sonorum.

691 5455 777 5515 Vana
800 5463 843 5515 est
866 5455 997 5514 definitio
1018 5457 1213 5531 proportionis
1230 5454 1425 5529 harmonicae,
1450 5455 1528 5533 quod
1551 5458 1588 5514 sit
1610 5456 1671 5531 illa,

443 5548 580 5591 :13⁸
605 5542 656 5599 ubl
680 5543 771 5602 tribus
793 5546 921 5602 numeris
945 5541 1046 5600 ordine
1069 5543 1193 5600 naturali
1214 5541 1327 5617 locatis,
1352 5545 1485 5603 binorum
1509 5544 1672 5602 vicinorum

317 5597 581 5723 -ζΪ-Θ-ξζ
605 5644 742 5689 excessus
758 5632 867 5689 suntin
883 5631 1070 5707 proportione
1086 5639 1287 5706 extremorum,
1306 5639 1339 5690 ut
1354 5632 1524 5690 innumeris
1541 5632 1569 5703 3,
1587 5633 1616 5705 t,
1642 5633 1670 5705 6,

551 5752 553 5756 -
605 5717 749 5778 maximus
774 5717 792 5775 6
819 5724 865 5777 est
892 5715 999 5793 duplus
1021 5718 1133 5778 minimi
1153 5719 1172 5777 3
1196 5724 1226 5777 et
1248 5719 1291 5777 sic
1309 5718 1575 5880 &affluentia
1596 5720 1674 5780 inter
