3684 7259
474 1115 488 1158 ,
537 1133 538 1137 ,

627 1244 629 1248 ,
726 1180 872 1239 LiberIV:
890 1183 1030 1252 capucv.
1329 1215 1331 1222 ›
1426 1172 1428 1176 ’
1490 1192 1554 1252 241
1657 1226 1661 1235 .

207 1358 276 1406 ιιιιιιι
293 1352 405 1422 ιιιιιιι,
433 1354 480 1422 qui
497 1369 577 1410 arcus
596 1358 677 1410 servit
700 1357 869 1427 inscriptioni
892 1358 1020 1414 centralis
1042 1358 1146 1427 figurae
1172 1359 1201 1414 in
1219 1359 1357 1416 circulum.
1392 1359 1462 1420 Nam
1479 1362 1556 1433 ordo,

207 1433 251 1499 qui
270 1441 311 1485 est
335 1433 364 1485 in
382 1433 602 1502 ratiocinatione,
627 1437 697 1490 idem
716 1437 797 1491 etiam
820 1437 847 1491 iu
869 1437 998 1492 instinctu
1024 1444 1074 1492 est.
1110 1438 1229 1493 Rursum
1256 1438 1338 1506 igitur
1357 1440 1557 1497 demonstratur

206 1512 248 1563 ria
271 1511 305 1564 ad
330 1511 532 1579 perceptionem
556 1514 659 1582 figurae
683 1517 811 1570 centralis
838 1517 946 1583 longior
969 1524 997 1569 et
1021 1518 1060 1572 sic
1084 1518 1165 1571 etiam
1194 1517 1228 1572 ad
1256 1518 1315 1586 ejus
1342 1514 1554 1588 congruentiam.

207 1589 294 1657 Quare
314 1604 342 1643 se
360 1589 447 1657 ipsam
465 1591 561 1645 evertit
580 1593 710 1662 objectio,
729 1611 798 1663 quae
817 1594 1043 1664 praepollentium
1062 1595 1214 1650 collocabat
1231 1597 1259 1649 iu
1271 1598 1446 1665 perceptione
1465 1597 1557 1667 pringi.

291 1668 332 1722 Ad
352 1668 471 1723 rationes
491 1687 540 1737 pro
560 1671 645 1725 altero
664 1676 783 1728 membro
802 1674 841 1728 sic
854 1674 1087 1742 respondendum:
1107 1691 1169 1729 vere
1182 1676 1382 1744 quidemetlam
1401 1677 1427 1730 in
1446 1677 1558 1744 clrcum·

205 1746 336 1801 ferentiali
356 1746 443 1815 figura
461 1750 578 1815 priorem
596 1765 657 1804 esse
674 1752 847 1806 scibilitatem
865 1751 959 1808 lateris
979 1757 1154 1824 congruentia
1177 1755 1280 1823 figurae
1299 1756 1396 1824 totius,
1425 1758 1459 1812 ob
1479 1773 1558 1825 argu·

206 1836 295 1878 menta
314 1825 400 1893 dicta,
426 1842 496 1894 qrrae
515 1828 559 1882 hic
579 1829 659 1882 ειιιιιι
677 1830 775 1885 ualent.
811 1834 848 1886 At
865 1845 920 1884 non
939 1835 1074 1903 sequitur,
1101 1843 1131 1888 ut
1149 1851 1183 1888 ex
1202 1834 1306 1890 duabus
1325 1836 1420 1904 rebus,
1444 1849 1558 1903 quarum

204 1904 291 1957 altera
309 1905 420 1957 alterius
439 1914 480 1957 est
499 1922 598 1971 causa,
618 1907 664 1961 illa
683 1925 752 1978 quae
770 1925 853 1964 causa
878 1918 920 1963 est
939 1929 1020 1980 porro
1043 1915 1124 1969 etiam
1142 1914 1240 1968 fortius
1257 1923 1365 1972 moveat
1383 1916 1492 1969 tertium
1510 1914 1558 1969 ali-

206 1982 277 2052 quid
314 1984 384 2036 Nam
401 1999 451 2051 pro
471 1992 552 2051 captu
571 1986 684 2055 animae,
704 2005 773 2058 quae
792 1991 872 2049 debet
890 1994 1003 2061 moveri,
1028 2008 1110 2061 saepe
1128 1993 1216 2047 minus
1235 1995 1261 2046 in
1280 1993 1355 2048 illam
1376 1993 1448 2047 valet
1467 2007 1558 2059 cansa,

206 2078 284 2129 quam
303 2062 428 2131 effectus,
456 2072 485 2116 ιιι
503 2065 546 2117 hic
564 2068 679 2120 animam
698 2070 889 2145 sublunarem,
913 2076 940 2128 tn
960 2081 1092 2143 quantum
1109 2071 1219 2143 quidem
1237 2080 1349 2141 percep
1350 2087 1393 2126 rra
1412 2080 1467 2140 est,
1496 2067 1558 2139 plns

208 2151 295 2195 moret
315 2142 446 2195 scibilitas
465 2143 569 2210 figu'rao
587 2147 749 2216 centralis,
742 2165 770 2202 ιιι
790 2161 920 2217 quantum
939 2169 1002 2207 sero
1015 2151 1162 2221 operativa,
1182 2149 1244 2219 plus
1263 2150 1438 2220 congruentia
1455 2150 1559 2218 figurae

204 2220 458 2275 clrcumferentialis.

290 2293 457 2369 Argumenta
474 2318 538 2356 vero
556 2319 615 2358 mea
632 2308 744 2376 propria
761 2308 796 2363 ad
813 2311 1028 2380 propositionem
1044 2305 1212 2378 probandam
1224 2315 1287 2362 sunt
1299 2308 1365 2363 ιιιι.
1393 2305 1468 2377 prius
1487 2306 1559 2375 enlm

206 2390 392 2459 usurpavimus
417 2404 494 2456 prop.
515 2388 545 2455 6
570 2395 691 2441 centrum
711 2404 771 2443 esse
797 2392 933 2459 quandam
951 2388 1040 2445 ideam
1066 2389 1164 2444 mentis
1182 2388 1349 2443 theoreticae
1373 2403 1421 2443 seu
1438 2385 1571 2441 intellec--

200 2479 259 2535 tus,
279 2467 520 2522 circumferentiam
538 2466 676 2521 facultatis
694 2469 830 2535 practicae
848 2488 897 2525 seu
916 2471 1087 2540 operativae,
1105 2468 1169 2537 quia
1186 2474 1217 2521 ut
1235 2474 1356 2522 centrum
1375 2468 1466 2522 circuli
1485 2470 1558 2527 basis

207 2563 248 2610 est
268 2562 295 2607 ct
313 2551 396 2618 origo,
416 2549 453 2603 sic
471 2549 609 2603 meditatio
628 2547 751 2603 actionis
788 2550 888 2618 Figura
906 2551 997 2619 igitur,
1017 2564 1086 2618 quae
1103 2546 1219 2617 porrigit
1231 2547 1359 2617 angulum
1378 2549 1411 2603 ad
1429 2558 1559 2628 centrum
1629 2580 1632 2585 ·

208 2652 235 2689 sc
264 2630 298 2685 ad
316 2630 441 2694 Terram,
461 2627 507 2680 ubi
526 2628 615 2680 anima
633 2626 710 2681 sedet
727 2628 830 2697 figurae
847 2629 1012 2698 perceptrix,
1038 2625 1153 2696 porrigit
1169 2640 1199 2679 se
1220 2626 1298 2695 quasi
1321 2625 1355 2679 ad
1374 2626 1513 2685 sciendum
1532 2638 1560 2685 et

207 2708 421 2781 dijudicandum,
447 2722 507 2759 cum
526 2715 646 2761 centrum
666 2706 785 2761 tribunal
803 2708 931 2764 scientiae
957 2712 1152 2775 repraesentet
1189 2704 1301 2772 Igitur'
1293 2719 1321 2757 ιιι
1341 2707 1452 2760 centrali
1471 2707 1559 2792 figura

206 2794 297 2862 potius
317 2786 434 2856 spectari
454 2784 534 2840 debet
553 2785 674 2854 seientia,
692 2802 746 2840 non
766 2786 905 2857 obstante,
931 2785 1004 2855 quod
1022 2785 1069 2838 illa
1084 2800 1136 2854 per
1155 2784 1288 2839 cuculum
1312 2792 1440 2869 manuam
1458 2785 1558 2844 instru-

207 2877 325 2924 mentum
345 2871 530 2934 comparetur,
549 2873 579 2919 ιιι
596 2866 677 2934 paulo
697 2876 759 2921 ante
779 2865 887 2919 dictum
927 2865 1027 2919 Contra
1047 2862 1147 2932 figura,
1175 2878 1245 2933 quae
1268 2856 1375 2918 ordinat
1393 2866 1540 2934 angulos
1529 2881 1559 2924 m

208 2946 437 3011 circumferentia,
466 2946 550 3011 magis
569 2961 598 2998 se
617 2946 738 3014 appIIcat
762 2945 796 2999 ad
820 2944 980 2998 imitandum
1003 2940 1261 3011 exprimendumque
1284 2942 1312 2995 In
1338 2959 1419 3012 opere
1445 2945 1559 3016 animae,

208 3029 289 3082 relati
310 3027 344 3090 ad
363 3024 451 3077 ideam
470 3040 581 3092 operum
600 3040 771 3079 concurrens
807 3019 889 3094 Atqui
913 3022 1005 3114 potins
1024 3021 1200 3089 congruentia
1223 3035 1303 3088 quam
1328 3023 1458 3076 scibilitas
1477 3023 1561 3080 habet

208 3128 319 3180 operum
337 3107 475 3161 sensilium
494 3104 762 3174 aedificationemque
780 3104 877 3169 ideam,
897 3104 960 3172 quia
979 3101 1103 3170 sequitur
1120 3099 1221 3168 figuras
1231 3107 1312 3170 totas
1331 3117 1392 3155 cum
1404 3103 1485 3170 latus,
1503 3117 1559 3171 quo

208 3189 294 3259 figura
313 3188 405 3249 scitur
425 3190 459 3243 sit
477 3182 536 3248 ejus
556 3182 651 3236 saltem
667 3182 837 3237 elementum
875 3182 991 3250 Quare'
983 3197 1011 3236 m
1019 3180 1118 3248 'figura
1130 3179 1367 3235 annumeremini
1385 3182 1476 3250 potius
1496 3177 1559 3238 eo'n·

208 3268 331 3339 grneutia
350 3275 391 3322 est
408 3263 588 3335 respicienda,
609 3278 689 3329 quam
708 3262 848 3317 scibilitas
889 3302 891 3305 ι

294 3346 418 3399 Alterum
437 3347 623 3410 argumentum
642 3356 691 3407 pro
709 3341 760 3394 hac
773 3341 892 3395 secunda
904 3347 983 3410 parte
996 3339 1091 3393 nititur
1104 3336 1199 3392 eadem
1212 3337 1428 3396 consideratione
1446 3343 1559 3407 animae,

208 3434 329 3495 praestat
348 3426 383 3492 id,
408 3419 609 3494 propterquod
629 3428 815 3487 suntcetera;
841 3428 869 3475 at
892 3425 1004 3489 propter
1026 3432 1093 3487 opus
1119 3421 1233 3471 naturae
1254 3418 1411 3473 sublunaris
1438 3421 1560 3492 adeoque

208 3507 288 3559 etiam
308 3505 412 3557 animae
430 3504 564 3556 humanae
581 3498 741 3553 facultatum
760 3500 917 3554 inferiorum
937 3497 1125 3567 percipiuntur
1142 3494 1386 3565 configurationes,
1412 3499 1541 3554 scilieet
1532 3516 1561 3555 tn
1607 3520 1611 3528 ·

207 3586 234 3639 id
252 3585 447 3653 percipiuntur,
465 3590 494 3636 ut
513 3593 596 3647 opere
614 3580 810 3647 exprimantur;
830 3579 916 3647 major
935 3584 977 3631 est
994 3576 1077 3644 igitur
1096 3575 1212 3645 dignitas
1231 3574 1368 3630 facultatis
1385 3578 1516 3634 motoriae
1533 3580 1562 3634 In

209 3662 261 3716 hoe
286 3662 401 3729 negotio.
440 3660 492 3714 Sed
517 3655 647 3710 scibilitas
676 3657 779 3724 figurae
798 3656 1047 3715 circumferentialis
1075 3655 1242 3724 perceptioni
1266 3656 1361 3725 servit,
1387 3658 1562 3726 congruentia

209 3741 367 3810 operatIoni,
386 3748 416 3794 ut
433 3740 576 3802 hactenns,
603 3731 685 3802 igitur
704 3745 731 3790 et
749 3737 926 3807 congruentia
947 3736 1050 3806 figurae
1074 3733 1326 3790 circumferentialis
1349 3744 1472 3804 praestat
1491 3737 1562 3807 ejus·

209 3819 269 3874 dem
288 3820 434 3873 scibilitati.
1131 3880 1135 3886 ¹

295 3895 512 3971 Propositio
536 3894 620 3956 VIII.
668 3897 761 3953 Arcus
793 3892 912 3967 circuli,
945 3893 996 3967 qui
1019 3891 1203 3949 constituitur
1234 3888 1368 3965 afigura
1390 3892 1560 3967 incongrna,

210 3984 319 4042 nullam
343 3981 481 4042 conciliat
503 3983 661 4042 efficacIam
684 3981 897 4048 radiationibus
920 3980 1054 4039 binorum
1077 3977 1273 4055 planetarum,
1302 3994 1400 4037 arcum
1423 3977 1562 4038 determi-

210 4075 351 4129 nantIum.

296 4154 366 4208 Nam
384 4152 407 4206 si
426 4151 600 4220 congruentia
624 4160 666 4206 est
685 4168 767 4207 causa
784 4149 926 4221 potissima
954 4146 1107 4217 efficaciae,
1144 4147 1485 4217 perpopulati,
1511 4146 1562 4203 hac

211 4231 292 4299 igitur
311 4227 452 4285 deficiente
476 4248 531 4286 non
554 4234 606 4286 erit
632 4232 770 4287 sufficiens
789 4245 872 4286 causa
898 4226 1030 4282 hocloco
1049 4227 1126 4282 vilior
1152 4226 1291 4280 scibilitas
1327 4226 1389 4282 Etsi
1407 4229 1478 4281 enim
1495 4228 1564 4285 haec

209 4309 361 4379 praepollet
380 4310 572 4379 congruentiae
590 4311 617 4364 in
636 4309 749 4366 centrali
768 4310 868 4378 figura,
891 4323 942 4376 per
960 4306 1074 4361 alteram
1093 4312 1199 4374 partem
1217 4320 1259 4373 pr.
1279 4306 1303 4373 7,
1329 4314 1356 4360 at
1376 4307 1493 4381 vicisslm
1512 4308 1563 4363 cir-

211 4387 419 4443 cumfereun'alis
439 4389 525 4458 figura
544 4399 586 4447 est
575 4390 716 4446 tcentrali
734 4391 832 4460 potior,
850 4403 900 4458 per
919 4388 950 4454 6,
969 4393 997 4440 et
1015 4367 1042 4438 iu
1060 4384 1107 4438 illa
1124 4403 1160 4455 po
1162 4384 1216 4437 tior
1237 4388 1421 4459 congruentia,
1440 4404 1490 4458 per
1507 4388 1561 4461 pri·

212 4485 282 4522 mam
300 4476 405 4536 partem
423 4486 463 4537 pr.
483 4470 508 4524 7.
544 4470 641 4526 Adhuc
659 4469 740 4538 igitur
757 4466 933 4538 congruentia
950 4465 1053 4565 figurae
1071 4464 1323 4520 circumferentialis
1341 4467 1497 4535 praepollet
1510 4469 1562 4525 sci-

212 4547 310 4600 bilitati
329 4547 432 4617 figurae
451 4548 585 4603 centralis

298 4623 343 4682 En
368 4642 500 4698 causam,
535 4642 594 4697 cur,
625 4642 691 4683 cum
713 4622 821 4701 figurae
844 4620 962 4682 scibiles
985 4623 1043 4681 sint
1064 4619 1210 4694 infinitae,
1242 4617 1422 4682 diversorum
1446 4618 1563 4701 quidem

211 4710 372 4786 gedeum,
396 4722 531 4789 aspectus
555 4721 652 4772 tamen
674 4712 761 4789 pauci
784 4712 850 4769 sint

299 4801 456 4859 axioma
478 4799 533 4857 III.
588 4800 681 4859 Arcus
712 4797 827 4872 citculi,
868 4813 991 4874 quornm
1024 4795 1135 4873 figurae
1170 4777 1301 4873 pluribus
1341 4786 1564 4876 potioribusque
1666 4815 1673 4872 ξ
1724 4890 1727 4898 ι

212 4890 417 4961 congruentiae
440 4887 666 4963 scibititatisque
686 4888 826 4964 gradibus
848 4886 977 4963 pollent,
1009 4885 1188 4945 efficacIores
1212 4884 1298 4942 ctiam
1322 4887 1465 4962 recipiunt
1488 4905 1561 4950 con.-

252 4977 410 5033 orationes.

211 4974 250 5050 fig
299 5057 329 5110 Si
347 5058 400 5111 duo
419 5058 505 5126 prima
522 5057 659 5111 axiomata
677 5066 741 5112 sunt
759 5062 943 5112 consentanea
961 5070 1037 5124 vero,
1058 5053 1110 5109 erit
1128 5063 1156 5108 ot
1173 5054 1239 5123 hoc,
1258 5055 1336 5124 quia,
1361 5063 1473 5124 propter
1491 5056 1564 5127 quod

211 5135 423 5203 unumquodque
442 5144 484 5190 est
502 5135 564 5192 tale,
582 5134 629 5189 illo
647 5136 770 5202 intenso,
795 5134 868 5190 istud
886 5135 968 5190 etiam
987 5134 1073 5203 magis
1092 5134 1144 5187 erit
1160 5134 1224 5188 tale.
1262 5134 1307 5188 Sic
1324 5143 1416 5190 autern
1433 5135 1561 5207 intellige,

212 5214 285 5282 quod
303 5214 331 5266 in
349 5214 436 5282 figura
455 5213 689 5268 circumferentiali
706 5214 780 5283 prior
798 5216 833 5269 sit
852 5214 1018 5283 comparatio
1036 5214 1169 5281 ςιιιιιιιιιιι
1187 5213 1388 5283 congruentiae,
1406 5214 1435 5268 iu
1450 5214 1567 5271 centrali

212 5293 286 5359 prior
303 5291 434 5359 graduum
454 5291 612 5360 scibilitatis,
632 5291 748 5359 deniqne
766 5292 888 5359 potiores
906 5301 998 5362 partes
1017 5291 1265 5347 circumferentialis
1284 5292 1395 5361 figurae.
1569 5340 1578 5348 .

299 5367 520 5443 Propositio
542 5366 601 5425 IX.
645 5366 898 5443 Coufigurationes
922 5368 1055 5428 efficaces
1078 5376 1160 5440 sunt,
1184 5386 1260 5444 quae
1278 5369 1464 5444 intercipiunt
1479 5386 1564 5431 arcus

214 5455 313 5514 circuli
341 5454 453 5513 zodiaci
482 5457 567 5513 Istosz
596 5451 647 5512 Gr.
673 5454 734 5513 180
763 5455 940 5530 oppositio,
959 5472 995 5513 ex
1022 5453 1163 5514 diametro
1187 5454 1304 5529 circuli,
1333 5464 1366 5515 ut
1394 5457 1424 5514 in
1446 5455 1495 5533 fig.
1511 5460 1563 5533 24.

214 5541 264 5601 Gr.
296 5545 337 5601 90
365 5542 540 5618 quadratus,
569 5558 604 5600 ex
633 5549 803 5617 tetragono,
830 5547 864 5598 ut
889 5542 920 5600 in
949 5541 997 5618 fig.
1030 5542 1080 5601 25.
1132 5540 1183 5602 Gr.
1214 5546 1276 5604 120
1307 5545 1411 5618 ιιιιιιιι,
1443 5550 1472 5605 et
1503 5540 1568 5606 66ο
1651 5623 1654 5630 .

265 5652 361 5703 chlert
375 5652 451 5704 Opera
464 5652 491 5694 V.
1369 5648 1408 5707 16
