3684 7259
312 1168 377 1254 Μ
782 1180 948 1272 Appendicis
966 1182 1189 1254 Harmonicomm

312 1384 484 1428 murenas
506 1365 655 1425 concinnis
678 1363 813 1424 dissonis.
857 1362 922 1422 Nou
946 1363 1090 1438 gignitur,
1119 1362 1261 1437 lieberto,
1292 1367 1465 1426 concinnum
1488 1384 1578 1426 unum
1601 1366 1662 1428 dis·

276 1504 278 1508 ,
312 1472 416 1514 sonum
441 1472 459 1513 s
481 1452 595 1512 duobus
618 1455 772 1530 consonis,
805 1461 835 1510 ut
863 1467 935 1525 puer
965 1468 1085 1511 amare
1116 1460 1146 1511 et
1173 1453 1295 1525 lemine,
1329 1452 1459 1514 humana
1480 1457 1594 1530 species
1622 1456 1661 1515 sb

311 1542 457 1602 humanae
481 1539 588 1616 speciei
612 1542 799 1617 parentibus,
831 1537 884 1596 sed
908 1546 953 1596 est
979 1537 1052 1598 haec
1074 1542 1208 1615 genitura
1236 1539 1308 1598 nihil
1331 1540 1428 1613 aliud,
1460 1560 1550 1618 quam
1572 1543 1662 1602 sectio

312 1630 491 1705 geometrica
513 1630 633 1687 consoni
655 1628 775 1702 majoris
797 1641 848 1701 per
872 1624 1057 1699 epharmosin
1074 1630 1195 1685 consoni
1213 1629 1341 1691 minoris
1387 1629 1577 1703 Ephsrmosis
1593 1614 1662 1688 rero'

232 1750 239 1765 ·
312 1717 671 1794 aerumnosarum,
695 1716 855 1773 constituto
878 1710 971 1769 altero
995 1715 1117 1772 termino
1140 1717 1275 1791 utrinqne
1299 1714 1418 1793 eodem,
1446 1720 1581 1793 utrinque
1604 1720 1662 1776 sci-

310 1803 380 1863 licet
401 1805 512 1879 majore
538 1804 584 1862 rel
609 1805 742 1877 utrinque
766 1801 885 1859 minore.
930 1798 1009 1857 Nibil
1034 1808 1132 1860 autem
1155 1805 1224 1860 novi
1248 1811 1292 1861 est
1314 1806 1342 1860 in
1365 1807 1544 1885 geometria,
1575 1807 1662 1863 sectis

311 1891 444 1968 figuratis
467 1907 517 1968 per
540 1890 766 1967 applicationem
788 1887 905 1962 figurati
927 1890 1041 1961 generis
1063 1888 1185 1948 alterius
1214 1890 1321 1948 lamma
1344 1894 1482 1949 constitui
1504 1908 1564 1949 non
1586 1891 1662 1967 ligu-

310 1990 421 2051 ratum,
453 1977 506 2036 sed
536 1976 698 2037 nobilitatis
729 1976 850 2036 vilioris.
896 1974 945 2033 Sic
974 1973 1052 2033 latus
1073 1976 1226 2051 sexanguli
1258 1986 1302 2036 est
1331 1978 1447 2037 effabile
1470 1978 1661 2055 longitudine,

310 2065 389 2125 latus
412 2065 550 2140 trianguli
572 2063 690 2125 effabile
711 2063 856 2139 potentis,
888 2069 918 2121 et
939 2070 1036 2120 tamen
1059 2065 1084 2120 si
1106 2064 1221 2123 aulerss
1250 2065 1328 2123 latus
1351 2064 1505 2140 sexanguli
1530 2084 1548 2125 s
1571 2065 1661 2125 latere

311 2152 462 2229 trianguli,
491 2151 663 2228 relinquitur
685 2150 833 2210 ineffabile
856 2151 1021 2224 quippiam,
1052 2150 1132 2225 quod
1154 2159 1311 2228 apotomen
1334 2152 1493 2229 appellant.
1539 2154 1577 2212 Et
1600 2154 1660 2212 dixi

310 2243 340 2298 iu
364 2240 559 2310 Harmonicis,
581 2240 783 2315 proportiones
807 2236 991 2295 harmonicas
1015 2237 1053 2294 ab
1076 2237 1244 2312 hujusmodi
1267 2239 1491 2314 figurationibus
1512 2239 1574 2300 fieri
1593 2240 1662 2299 liar·

311 2331 458 2400 monicae,
483 2344 540 2401 non
564 2345 582 2386 s
605 2328 767 2402 qssntirats
790 2324 885 2390 nuda,
909 2334 941 2380 ut
965 2340 1040 2398 quse
1063 2328 1203 2403 materiae
1227 2326 1305 2386 rudis
1329 2326 1425 2386 ideam
1451 2344 1521 2403 prae
1543 2346 1576 2387 se
1599 2330 1662 2388 tert

399 2416 534 2490 Denique
557 2422 636 2473 totus
659 2416 688 2471 in
711 2412 865 2489 physicum
888 2412 961 2482 abis,
986 2409 1055 2476 dum
1077 2412 1246 2471 barmoniae
1278 2414 1436 2489 disceptas,
1470 2434 1490 2473 a
1513 2416 1662 2475 moditate

311 2505 494 2574 maturitas,
523 2502 562 2560 ab
585 2501 809 2578 imperfectione
828 2499 984 2575 perfectio,
1008 2498 1120 2557 scilicet
1143 2499 1199 2559 hoe
1223 2502 1285 2574 vis,
1313 2504 1504 2575 aconcinnis
1525 2502 1566 2561 'sd
1589 2520 1660 2563 con-

310 2607 385 2650 sona
411 2592 488 2648 riam
511 2589 605 2647 moliri
628 2598 771 2646 naturam.
816 2585 913 2645 Velim
930 2588 1018 2659 scire,
1052 2603 1110 2661 qua
1134 2588 1161 2643 in
1185 2590 1300 2647 lornsce
1323 2588 1374 2647 list
1397 2591 1454 2647 ista
1475 2594 1609 2650 excoctio
1632 2602 1661 2649 et

311 2695 370 2754 quo
395 2676 482 2753 ignei
526 2675 655 2753 Physica
677 2675 764 2746 liunt,
787 2672 995 2732 mathematica
1018 2684 1094 2731 suut.
1141 2671 1241 2733 Omnis
1256 2678 1408 2736 maturitas
1432 2680 1582 2755 praeviam
1606 2676 1662 2737 lra-

310 2765 361 2825 bet
383 2765 547 2824 necessario
571 2763 752 2833 eruditatem,
776 2770 808 2822 st
830 2762 1022 2819 consonantia
1045 2761 1195 2835 quaelibet
1216 2772 1334 2840 propter
1353 2782 1385 2821 se
1402 2766 1495 2841 ipsam
1520 2773 1565 2823 est
1588 2782 1660 2824 eon-

310 2854 459 2923 sonantia,
494 2867 550 2909 non
578 2860 695 2927 propter
725 2848 815 2907 sliam
843 2865 942 2907 secum
972 2857 1179 2922 comparatam.
1224 2849 1330 2926 ltaque
1359 2854 1552 2910 consonantia
1574 2854 1661 2911 unica

210 2938 214 2946 '
311 2956 368 2998 non
391 2940 555 2998 necessario
578 2939 789 3014 praesupponit
811 2937 983 2994 concinnum
1008 2934 1174 3010 dissonum,
1198 2954 1350 3011 possemus
1366 2942 1443 2996 enim
1466 2956 1570 2998 canere
1593 2958 1661 3015 per·

312 3037 410 3104 petuo,
433 3033 478 3099 st,
500 3026 553 3097 eol,
578 3033 614 3084 ut
634 3024 686 3098 sol,
710 3040 763 3084 neo
785 3039 859 3097 opus
883 3032 960 3081 esset
982 3022 1142 3081 intervallis
1165 3024 1359 3098 intermediis,
1390 3034 1439 3100 nt,
1463 3044 1509 3100 re,
1532 3029 1592 3101 mi,
1614 3028 1660 3103 fs,

307 3116 367 3188 sol,
392 3115 417 3172 si
439 3130 497 3172 non
519 3122 633 3189 praeter
653 3119 703 3185 ιιι,
734 3110 777 3169 sol
799 3118 903 3168 natura
925 3108 1042 3168 doceret
1066 3112 1154 3169 etism
1177 3118 1225 3184 at,
1255 3109 1292 3188 sa
1315 3120 1344 3171 at
1366 3121 1415 3187 ut,
1445 3117 1506 3185 mi,
1532 3113 1659 3190 deniqne

310 3204 335 3260 si
359 3218 417 3260 non
441 3200 627 3259 intervallum
649 3206 699 3272 ut,
721 3200 756 3275 fs
779 3209 855 3255 esset
878 3195 1002 3272 aequale
1027 3197 1179 3255 intervallo
1203 3217 1250 3270 rc,
1273 3200 1325 3259 eoi.

236 3326 240 3333 -
326 3324 329 3330 -
397 3288 488 3347 Porro
512 3289 629 3367 notabis
652 3287 709 3344 hoe
731 3284 811 3356 milri,
836 3284 976 3356 Roberte,
1009 3285 1111 3342 iterum
1134 3294 1179 3357 te,
1213 3285 1281 3344 duur
1311 3303 1411 3346 omnes
1441 3288 1570 3365 rationes
1592 3306 1661 3363 pro·

309 3375 381 3449 lars,
413 3384 446 3434 ut
468 3384 554 3434 tonos
585 3384 615 3434 ot
646 3374 802 3433 semitonia
825 3373 922 3447 priora
945 3380 1049 3430 ustura
1071 3372 1161 3430 laciss
1185 3377 1399 3446 consonantiis,
1425 3375 1539 3434 interim
1563 3375 1662 3434 firma-

309 3472 438 3524 mentum
461 3462 518 3522 hoc
540 3465 683 3521 intactum
705 3459 867 3535 reliquisse,
891 3458 1196 3518 incommensurabilis
1218 3477 1282 3519 esse
1305 3461 1379 3521 haec
1401 3460 1459 3520 iliis
1487 3472 1516 3521 et
1539 3473 1661 3539 utraque

311 3553 368 3609 sibi
392 3552 479 3625 ipsis,
504 3551 603 3624 itaque
627 3548 688 3607 lieri
711 3565 770 3606 non
794 3564 898 3622 posse,
923 3554 955 3603 ut
977 3546 1014 3604 ab
1037 3544 1140 3605 horum
1163 3549 1281 3608 minimo
1305 3557 1508 3624 comparentur
1531 3550 1661 3626 reliqus;

311 3654 370 3700 uon
394 3655 460 3697 esso
485 3638 573 3712 igitur·
604 3653 693 3694 unum
716 3635 867 3693 minimum
890 3642 995 3691 natura
1022 3636 1101 3709 prins
1124 3634 1292 3709 majoribus
1337 3636 1412 3695 Item
1441 3653 1571 3696 consona
1594 3640 1661 3696 oriri
1692 3639 1694 3644 ’

309 3744 329 3784 s
350 3724 450 3799 liguris
473 3723 749 3784 demonstrationem
772 3720 1007 3793 admittentibus,
1040 3719 1192 3795 quodlibet
1216 3725 1302 3797 igitur
1325 3742 1357 3782 se
1380 3727 1443 3800 ipso
1466 3728 1607 3799 seorsim3
1631 3735 1662 3784 at

312 3815 455 3871 norreinna
479 3811 612 3882 dissona,
644 3814 669 3868 si
691 3810 791 3885 figuris
813 3808 996 3885 applicentur
1018 3808 1055 3865 ad
1079 3809 1243 3885 exemplum
1265 3827 1474 3884 consonarum,
1507 3812 1661 3872 indemon-

308 3899 478 3958 strabilibus
508 3898 687 3976 applicatum
719 3898 770 3968 iri,
804 3905 904 3954 tonurn
928 3895 1039 3953 scilieet
1071 3906 1225 3970 utrumque
1257 3897 1442 3973 notrangulo,
1473 3901 1660 3959 semitonium

311 3985 557 4062 qrrindecangulo,
582 3985 828 4043 demonstratione
852 3984 969 4059 propria
992 3982 1148 4054 destituto,
1173 3984 1265 4043 diesin
1289 3987 1537 4061 icosipentsgono.
1585 3988 1658 4047 Cum

312 4076 401 4149 igitur
423 4074 526 4132 barurn
548 4073 704 4148 figurarum
736 4069 818 4129 nulls
840 4073 878 4128 sit
900 4071 1091 4127 subsistentia
1114 4070 1264 4143 mentalis,
1295 4072 1366 4130 nibil
1397 4076 1482 4148 igitur
1514 4092 1549 4133 ex
1573 4077 1610 4133 iis
1633 4078 1659 4131 in

311 4171 410 4221 tuente
433 4163 556 4232 orietur,
589 4162 738 4234 quianon
764 4159 838 4216 entis
866 4156 938 4214 nulli
965 4167 1033 4216 sunt
1056 4157 1184 4216 effectus.
1229 4158 1294 4215 Non
1319 4162 1449 4218 oriuntur
1478 4162 1566 4236 igitur
1590 4180 1660 4222 con·

312 4251 398 4308 cinna
428 4247 547 4306 dissona
570 4266 605 4306 ex
628 4247 742 4322 liguris,
772 4254 805 4303 ut
827 4261 970 4316 consona,
1002 4253 1033 4302 at
1056 4263 1123 4302 vcro
1154 4254 1275 4321 aqrparet
1306 4246 1480 4320 clarissime,
1512 4248 1563 4307 illa
1596 4268 1660 4309 esse

311 4353 448 4396 excessus
471 4334 615 4409 majorum
638 4350 831 4393 consonarum
855 4350 944 4407 supra
966 4335 1086 4390 minora.
1133 4331 1291 4391 Gorrlicitur
1308 4336 1404 4408 igitur,
1428 4344 1458 4393 ui
1476 4354 1564 4394 urrrnn
1589 4355 1660 4396 con·

312 4426 429 4485 munitm
452 4421 602 4481 dissonum
634 4424 743 4481 oriatur
766 4439 801 4478 ex
825 4422 1042 4495 comparatione
1065 4418 1187 4477 duorum
1216 4437 1410 4481 consonarum
1438 4425 1500 4498 Jam
1523 4434 1659 4483 ortorum

308 4510 384 4571 Sunt
406 4527 475 4585 ergo
499 4512 561 4569 toni
584 4517 614 4567 ιι
635 4510 789 4568 semitonia
810 4516 915 4567 natura
939 4508 1100 4581 posteriora
1123 4510 1330 4567 consonantiis.

396 4597 454 4657 Ad
477 4597 658 4675 Ansiysin
681 4595 767 4654 xlv.
811 4593 881 4654 Jam
905 4594 1015 4652 dudum
1037 4594 1090 4651 abs
1115 4602 1157 4665 te,
1181 4594 1326 4668 Roberte,
1350 4598 1439 4672 petii,
1471 4599 1514 4656 uti
1537 4616 1584 4658 me
1607 4617 1660 4658 ex·

308 4692 442 4745 casatum
471 4684 582 4745 habeas
606 4684 642 4744 de
665 4686 783 4741 crimine
813 4683 1114 4741 obtrectationisaut
1140 4682 1374 4744 malevolentiae.
1420 4683 1541 4750 Nullum
1565 4704 1660 4762 neque

308 4773 480 4847 tibineque
503 4771 674 4831 Ptolemaeo
698 4770 825 4831 dedecus
849 4768 983 4839 obtrudo,
1008 4768 1086 4843 quod
1110 4769 1307 4845 symbolismis
1326 4773 1439 4829 utimini
1462 4772 1535 4830 nihil
1552 4772 1660 4833 directe

309 4858 586 4919 demonstrantibus.
632 4858 708 4935 Quin
732 4860 830 4934 potius
852 4873 996 4932 agnosco,
1028 4866 1160 4914 naturam
1191 4859 1285 4932 ipsam
1315 4878 1408 4917 rerum
1441 4876 1507 4918 sese
1538 4862 1660 4937 prodere

307 4950 481 5024 gestientem
504 4948 603 5024 primis
626 4946 684 5004 illis
708 4944 871 5018 conatibus,
896 4944 934 5003 ad
960 4961 1057 5003 verum
1082 4944 1199 5019 quidem
1220 4945 1431 5017 alludentibus,
1458 4949 1536 5006 viam
1561 4960 1657 5007 tarnen

309 5037 403 5112 ipsam
427 5036 498 5093 meri
522 5036 582 5094 reri
606 5032 734 5093 nondam
757 5035 907 5092 assecutis.
954 5031 1091 5092 Invenies
1114 5032 1223 5090 alicubi
1237 5033 1456 5093 similitudinem
1478 5052 1558 5095 ame
1576 5054 1660 5096 usur·

307 5132 408 5199 pstam
431 5123 558 5181 fluminis
590 5140 656 5182 curn
680 5130 817 5198 asperata
844 5119 998 5197 superficie
1021 5118 1181 5192 nudarum,
1214 5119 1292 5178 Solis
1320 5122 1417 5181 radios
1448 5121 1608 5190 clarissimo
1631 5133 1659 5182 et

306 5208 455 5269 latissimo
484 5218 577 5268 tractu
609 5211 843 5284 repercutientis,
867 5208 1003 5282 nuspiam
1026 5215 1123 5265 tamen
1148 5224 1248 5283 puram
1271 5207 1350 5267 Solis
1367 5212 1523 5284 imaginem
1539 5228 1659 5287 reprae-

307 5300 460 5368 sentantis,
485 5306 517 5356 ut
540 5293 615 5356 alias
638 5297 670 5354 lit
692 5300 720 5353 in
747 5314 825 5371 aqua
849 5296 949 5369 quieta
971 5304 1000 5353 et
1022 5303 1186 5368 stagnante.
1231 5294 1334 5371 Neque
1350 5295 1419 5369 dixi,
1444 5314 1497 5355 ros
1520 5316 1538 5356 a
1561 5298 1679 5374 pbilo-,

216 5377 266 5428 s»
306 5386 465 5461 sophorum
487 5384 587 5444 limine
609 5385 777 5461 aberrasse,¹
806 5382 858 5443 sed
881 5384 978 5459 potius
1002 5376 1048 5461 (id
1072 5389 1117 5440 est
1139 5377 1274 5462 propius)
1298 5383 1335 5441 ad
1359 5387 1463 5459 poiitas
1487 5385 1534 5443 vel
1558 5385 1658 5445 oratoss

306 5488 369 5530 rum
393 5470 531 5531 flosculos
546 5471 708 5531 detleetere.
754 5470 850 5529 Multa
867 5469 1002 5545 equidem
1024 5487 1072 5527 me
1087 5468 1188 5542 latent,
1213 5487 1266 5529 neo
1286 5473 1361 5529 enim
1386 5488 1504 5548 operam
1519 5478 1606 5547 posui
1628 5476 1656 5530 in

307 5555 442 5620 matidis
467 5561 613 5635 mysteriis
644 5569 765 5618 naturae
797 5577 833 5617 ex
862 5562 1015 5633 po'c'tarum
1044 5556 1170 5629 sabulis,
1202 5560 1272 5631 quia
1300 5571 1365 5620 cum
1388 5557 1658 5619 mathenraucanim

307 5642 589 5708 demonstrationum
611 5645 783 5705 certitudine
806 5654 919 5705 tanturn
942 5653 986 5705 est
1008 5644 1080 5704 mihi
1093 5647 1225 5720 negotii,
1248 5653 1282 5703 ut
1303 5645 1341 5705 sd
1364 5645 1416 5706 illa
1438 5646 1512 5706 nibil
1533 5651 1659 5728 supersit
