3684 7259
610 1252 789 1314 Harmonicir·
823 1255 906 1313 luber
918 1256 967 1313 111.
979 1250 1075 1335 'Caput
1087 1257 1133 1313 tv.
1484 1266 1546 1332 15⁶

282 1437 518 1499 Consentaneum
542 1442 629 1516 igitur
653 1448 698 1497 est
719 1455 808 1514 supra
831 1437 930 1510 dietis,
960 1440 1130 1515 praesertim
1160 1439 1300 1500 axiomati
1325 1443 1362 1515 2,
1391 1449 1423 1501 nt
1444 1442 1547 1503 horum

196 1525 432 1599 intervallorum,
463 1528 499 1585 ad
523 1528 657 1587 concinni
680 1534 814 1585 naturam
836 1528 1058 1602 pertinentium,
1089 1524 1242 1602 quodlibet
1263 1529 1389 1588 retineat
1415 1537 1549 1591 naturam

196 1612 310 1670 illorum
335 1630 537 1689 consotiorum,
563 1636 580 1674 a
604 1615 710 1690 quibus
734 1615 926 1672 constituitur.
973 1614 1157 1689 Cum-igitur
1179 1630 1215 1673 ex
1231 1617 1366 1674 musonis
1390 1611 1479 1692 duplo
1501 1620 1549 1677 irr-

195 1699 318 1758 terrallo
344 1703 503 1759 minoribus
532 1701 741 1780 perfectissima
769 1703 828 1759 sint
848 1702 906 1757 ista
932 1696 970 1779 il,
993 1712 1023 1760 et
1046 1694 1086 1781 ⁸7⁴
1117 1710 1234 1777 propter
1258 1701 1414 1776 figurarum
1437 1705 1547 1763 nobili·

196 1797 294 1861 tatem,
318 1806 337 1845 a
360 1791 467 1864 quibus
490 1794 630 1867 originem
654 1788 780 1859 ducunt,
812 1790 900 1846 ctiam
924 1788 1043 1852 soboles
1065 1805 1164 1847 earum
1188 1791 1349 1848 communis
1379 1793 1453 1850 iuter
1476 1809 1549 1853 corr-

195 1877 288 1943 cinna,
311 1893 352 1934 se.
376 1872 433 1956 ⁸1„
457 1882 560 1937 ceteris
582 1881 637 1936 erit
658 1874 858 1958 praeferenda.
904 1873 970 1934 Hoc
991 1877 1081 1951 igitur
1105 1875 1288 1935 intervallum
1313 1881 1458 1937 communi
1482 1896 1547 1940 cum

197 1963 344 2021 veteribus
373 1965 490 2023 nomine
521 1974 641 2023 totum
670 1962 817 2032 dicamus,
855 1969 884 2021 et
913 1970 1032 2039 propter
1065 1961 1142 2022 banc
1180 1963 1415 2039 praecellentiam
1448 1973 1555 2027 tonum·

196 2050 368 2124 perfectum,
393 2064 511 2130 propter
535 2070 604 2112 nero
627 2050 857 2124 magnitudinem
878 2053 1075 2126 proportionis
1098 2059 1229 2110 tonum
1250 2052 1438 2127 majorem.

285 2136 421 2196 Vicissim
450 2142 474 2196 si
507 2157 659 2216 compares
688 2137 846 2214 perfectum
874 2134 915 2216 il,
948 2138 1045 2212 majus
1077 2154 1142 2197 cum
1171 2136 1275 2214 majori
1305 2140 1475 2216 imperfecto
1509 2141 1548 2221 ll,

195 2227 337 2299 superius,
364 2224 410 2285 vel
433 2229 458 2285 si
480 2229 673 2303 perlectorum
696 2227 791 2283 minus
816 2220 856 2304 il,
880 2241 946 2283 cum
970 2225 1202 2301 imperfectorum
1228 2227 1332 2285 minori
1355 2221 1398 2310 δίο
1420 2232 1549 2301 iuferius,

196 2320 331 2370 nascetur
354 2330 388 2371 er
413 2312 468 2371 boo
491 2316 637 2375 connubio
661 2311 846 2371 intervallum
878 2313 1050 2376 concinnum
1082 2313 1277 2388 imperfectius
1301 2307 1372 2396 ⁹l„„
1402 2316 1481 2390 quod
1505 2324 1551 2377 est
1592 2388 1598 2395 ¹

196 2401 290 2456 minus
313 2416 401 2474 quam
423 2395 484 2482 Ἃ,
513 2401 603 2479 quod·
624 2398 808 2459 intervallum
839 2416 905 2458 eum
936 2402 965 2456 in
998 2402 1088 2458 veteri
1118 2402 1230 2460 musica
1256 2409 1323 2461 ante
1347 2401 1547 2463 Ptolemaeum

197 2486 253 2544 fere
281 2503 339 2544 nou
364 2497 443 2547 esset
466 2489 718 2559 animadversum,
750 2489 858 2562 quippe
881 2485 1001 2545 theorici
1031 2488 1128 2547 omnia
1150 2505 1202 2563 per
1231 2496 1317 2546 tonos
1340 2487 1444 2564 plenos
1467 2493 1548 2567 prius

198 2572 331 2632 delinitos
355 2574 612 2651 demonstrabant,
637 2577 662 2635 ci
686 2592 739 2632 nos
763 2577 846 2632 toni
868 2575 1027 2633 minoris
1050 2575 1098 2635 vel
1120 2578 1323 2651 paruiuomeu
1349 2576 1492 2654 dabimus,
1516 2593 1550 2639 ut
1655 2623 1659 2628 -

197 2662 233 2718 sit
264 2660 337 2720 haec
367 2663 591 2739 imperfectionis
622 2670 701 2721 nota
747 2659 804 2721 Ubi
835 2678 893 2720 uno
922 2661 1013 2721 verbo
1041 2664 1169 2722 monitus
1190 2664 1229 2721 sit
1257 2663 1363 2736 lector,
1392 2666 1548 2726 nonnullos

197 2748 245 2803 alii
269 2747 385 2807 cuidam
409 2751 564 2812 intervallo
596 2752 626 2811 id
648 2751 774 2808 nominis
803 2747 934 2823 dedisse,
962 2765 1016 2823 ue,
1046 2750 1070 2810 si
1094 2749 1168 2809 forte
1197 2752 1226 2808 in
1250 2749 1365 2809 illorum
1393 2752 1548 2815 lectionem

201 2834 348 2911 inciderit,
373 2839 528 2898 oscitantia
551 2839 742 2916 perturbetur.

283 2922 333 2981 Sin
357 2932 455 2985 autem
478 2927 637 3002 perfectum
660 2924 758 3001 majus
780 2918 819 3002 ²),
843 2940 909 2982 cum
932 2923 1100 3000 imperfecto
1128 2925 1231 2984 minori
1253 2921 1297 3007 Ὗ,
1319 2928 1471 3003 superius,
1500 2928 1548 2989 rel

198 3013 220 3065 si
244 3010 404 3086 perfectum
426 3014 521 3073 minus
546 3011 582 3095 Ἃ
613 3031 677 3072 curn
701 3010 868 3086 imperfecto
891 3010 996 3086 majori
1020 3006 1057 3091 ⁴),
1086 3011 1204 3071 iuferius
1227 3015 1396 3087 amocimti,
1428 3017 1549 3075 conciu-

199 3114 265 3155 uum
288 3116 324 3156 ex
348 3103 564 3175 comparatione
589 3110 683 3160 crtum
706 3116 746 3159 sc.
775 3092 843 3178 ¹⁵2„
865 3115 979 3157 rursum
1012 3097 1101 3158 trahit
1130 3098 1243 3176 aliquid
1264 3101 1491 3177 imperfectionis
1513 3120 1548 3172 er

199 3188 307 3260 origine
337 3186 393 3246 hac
422 3204 492 3259 ena,
526 3188 694 3263 diceturque
726 3186 992 3258 semitonium,
1029 3185 1175 3245 vocabulo
1205 3187 1323 3260 eodem,
1359 3188 1438 3264 quod
1460 3189 1550 3252 habet

198 3275 291 3347 ipsum
315 3272 371 3331 lroc
393 3274 580 3334 intervallum
605 3278 633 3333 in
658 3276 774 3355 usitata*
789 3270 931 3331 hodierna
953 3273 1078 3345 musica,
1108 3275 1178 3348 qula
1199 3273 1288 3351 paulo
1311 3276 1406 3351 majus
1435 3285 1480 3336 ast
1501 3294 1550 3337 se·
1601 3299 1604 3307 ¹

199 3361 284 3419 misse
304 3363 364 3418 toni
387 3363 516 3437 maj0rie.
562 3363 628 3421 Hoc
657 3361 748 3435 aliqui
778 3368 879 3418 tonum
902 3361 1041 3419 minorem
1071 3359 1257 3435 dictitarent,
1288 3365 1436 3440 aquibus
1458 3363 1550 3427 lector

197 3448 249 3503 sibi
274 3456 392 3522 caveat,
415 3467 451 3508 ne
474 3452 665 3526 perturbetur.

282 3534 365 3593 Haec
388 3520 476 3612 igitur
499 3541 554 3609 tria
577 3547 641 3598 orta
663 3554 681 3594 a
703 3535 853 3611 perfectis,
883 3535 1059 3610 comparatis
1091 3534 1138 3593 rel
1166 3536 1241 3596 inter
1264 3555 1296 3597 se
1325 3536 1373 3596 vel
1402 3553 1467 3596 cum
1491 3541 1549 3613 im·

198 3622 346 3696 perfectis,
371 3621 429 3682 hoc
451 3625 699 3697 obtinuerint,5ut
721 3623 863 3680 concinna
884 3638 937 3696 per
955 3637 990 3696 se
1013 3628 1043 3680 et
1064 3638 1179 3701 semper
1200 3632 1306 3685 esseut.

282 3709 391 3769 Contra
420 3712 445 3769 si
473 3714 648 3789 comparasti
682 3713 756 3768 inter
783 3725 816 3766 se
843 3709 1026 3784 imperfecta,
1059 3726 1093 3767 ex
1121 3716 1289 3788 pentagono
1320 3711 1368 3772 rel
1397 3713 1550 3790 decagouo

196 3803 268 3865 orta,
294 3796 340 3856 rel
363 3800 496 3874 superius
522 3798 561 3880 il,
584 3817 648 3859 cum
673 3793 729 3878 il„
755 3794 802 3854 vel
825 3795 943 3855 inferius
966 3792 1008 3875 Ἃ,
1032 3812 1097 3855 cum
1121 3794 1388 3880 ⁵t„,‚iutervallum
1409 3801 1477 3860 hinc
1500 3817 1549 3860 or·

197 3892 266 3955 tum,
291 3884 352 3942 scil.
378 3880 449 3965 2⁴f„
473 3895 571 3946 tantae
596 3895 640 3945 est
663 3883 898 3961 imperfectionis,
922 3892 954 3942 ut
976 3899 1051 3958 pene
1075 3886 1149 3946 inter
1171 3890 1313 3948 concinna
1336 3900 1401 3948 csse
1424 3887 1547 3948 desinat.

197 3968 260 4028 Hoc
284 3973 470 4030 intervallum
495 3973 709 4051 appellabimus
733 3971 870 4039 diesin,
899 3987 972 4028 voce
995 3973 1102 4046 reteri,
1136 3976 1221 4049 quasi
1242 3973 1325 4036 dicas
1346 3977 1547 4035 remissionem

198 4055 334 4120 chordae.
380 4060 440 4118 Nec
463 4060 583 4132 laboro,
617 4072 648 4117 ut
678 4060 732 4116 sub
756 4058 810 4115 hac
833 4074 906 4117 voce
930 4057 1053 4117 eandem
1081 4076 1145 4118 eum
1173 4063 1323 4122 veteribus
1353 4064 1545 4139 quantitatem

196 4144 341 4204 intervalli
371 4164 550 4222 proponam,
580 4149 658 4224 quod
689 4151 792 4206 iterum
822 4146 971 4203 monuisse
999 4145 1132 4206 sufficiat
1161 4146 1413 4224 -lmperfectionis
1440 4166 1546 4209 causac

195 4239 261 4290 srrnt
284 4241 358 4292 tres:
388 4235 480 4309 origo,
509 4239 640 4312 parvitas
665 4230 746 4314 (eum
777 4249 834 4289 non
858 4240 967 4307 aequet
988 4238 1100 4307 partem
1131 4237 1193 4293 torri
1221 4236 1339 4312 perfecti
1363 4232 1494 4318 tertiam)
1519 4244 1548 4295 et

196 4322 264 4393 quia
287 4327 331 4379 est
355 4323 442 4380 etiam
466 4325 538 4382 inter
564 4326 648 4381 tertia
671 4328 910 4380 connumeratum
933 4321 1081 4396 superius,
1112 4324 1185 4380 inter
1212 4323 1262 4380 illa
1286 4341 1342 4397 sc,
1375 4340 1450 4400 quae
1474 4340 1545 4384 con·

196 4405 347 4464 cinnandis
369 4410 526 4484 generibus
554 4420 656 4469 cantus
680 4409 860 4479 inserviunt3
887 4408 978 4465 oritur
1010 4409 1086 4466 euim
1115 4411 1203 4468 ctiam
1232 4429 1266 4470 ex
1291 4419 1360 4470 tono
1382 4413 1487 4471 minori
1518 4418 1547 4469 ct

196 4495 350 4552 semitonio
381 4501 565 4571 comparatis.
610 4498 684 4557 Nam
715 4495 771 4553 hoe
795 4492 979 4554 intervallum
1014 4511 1071 4554 non
1099 4508 1151 4576 per
1172 4516 1221 4571 se,
1255 4515 1308 4558 nec
1337 4516 1451 4576 semper
1474 4514 1546 4559 cou-

196 4584 311 4639 ciuuum
335 4589 396 4653 cst3
426 4600 483 4641 non
509 4585 585 4643 solet
608 4586 683 4649 enim
718 4598 775 4639 vox
800 4580 928 4638 humana
959 4587 1085 4657 cantum,
1107 4602 1166 4644 una
1197 4594 1225 4646 et
1256 4584 1358 4645 eadem
1382 4584 1474 4664 ἀγωγῃ
1496 4602 1548 4661 per

195 4667 249 4726 froc
272 4670 456 4728 intervallum
480 4672 653 4742 traducere,
671 4679 704 4728 ut
725 4685 777 4744 per
801 4665 958 4726 intervalla
980 4674 1092 4742 cetera,
1123 4672 1175 4731 scd
1202 4673 1326 4749 negligit
1355 4680 1385 4733 et
1407 4672 1548 4732 transsilit

196 4754 275 4826 illud,
300 4758 355 4815 nisi
379 4764 492 4817 tantum
516 4761 544 4816 in
568 4760 730 4817 variatione
754 4753 1066 4826 canius,=coudimenti
1097 4774 1200 4833 causer
1231 4769 1301 4820 tuuc
1322 4759 1355 4818 fit
1384 4758 1547 4821 extraordi-
1631 4761 1635 4772 '

199 4845 275 4901 narie
298 4846 484 4916 concinnum,
508 4846 559 4906 sed
583 4849 642 4916 sic,
666 4853 699 4902 ut
722 4844 806 4918 quasi
828 4858 938 4901 novum
961 4858 1054 4917 genus
1077 4853 1180 4905 cantru
1204 4850 1334 4925 incipiat,
1355 4855 1386 4906 et
1407 4850 1478 4907 artis
1501 4856 1546 4905 est

197 4929 362 5004 laborisque
385 4948 442 4989 non
466 4933 582 5004 modici,
606 4950 679 4992 voce
702 4930 830 4993 humana
852 4931 915 4988 sine
939 4946 1048 5006 organo
1071 4933 1101 4991 id
1120 4936 1249 5009 assequi.
1294 4935 1399 5008 Itaque
1421 4934 1478 4994 hoc
1499 4936 1547 4993 iu·

198 5016 352 5075 terrallum
375 5026 487 5077 tanturn
512 5011 691 5079 discriminat
713 5035 820 5092 genera
844 5020 1049 5078 cancianorum
1073 5029 1167 5095 eoque
1188 5030 1275 5098 poeto
1298 5023 1334 5081 iis
1356 5023 1486 5081 inservit.

280 5104 437 5180 Coepimns
461 5107 556 5167 dicere
579 5108 615 5167 de
638 5099 799 5165 intervallis
822 5107 929 5164 tertiis:
943 5109 1077 5183 primum
1099 5110 1175 5167 euim
1198 5125 1234 5169 cx
1250 5110 1295 5180 ils,
1319 5102 1391 5191 “iffi
1414 5125 1466 5169 seu
1483 5107 1547 5168 die·

195 5192 244 5263 sis,
268 5191 344 5250 idern
369 5194 422 5251 fuit
446 5198 533 5253 ctiam
556 5197 760 5254 cancianorum
785 5192 928 5251 ultimum.
973 5190 1140 5270 Sequuntur
1161 5198 1346 5257 nuncetiam
1368 5194 1545 5271 reliquorum

195 5277 417 5355 appellationes.
462 5283 537 5340 Nam
565 5278 672 5362 1ἹΒΙΜ,
688 5279 772 5356 quod
796 5282 887 5337 oritur
908 5297 944 5338 cx
972 5277 1036 5360 iil„
1058 5290 1088 5339 et
1109 5275 1160 5360 Ἃ,
1182 5290 1280 5359 potest
1300 5282 1441 5359 appellari
1458 5281 1546 5343 diesis

195 5365 287 5440 maj0r
316 5373 346 5435 et
376 5368 554 5443 irregularis3
584 5368 662 5445 quod
689 5377 724 5426 ut
752 5382 841 5442 supra
870 5365 978 5426 dimum
1008 5366 1097 5443 paulo
1127 5367 1285 5429 admodum
1306 5371 1357 5447 (sc.
1382 5373 1545 5445 quantitate

196 5446 338 5534 ποίὶῦ5048)
362 5464 405 5512 est
429 5459 523 5515 minus
547 5456 701 5516 intervallo
729 5456 870 5513 concinno
899 5455 1045 5513 semitonii
1074 5462 1104 5514 et
1133 5457 1184 5514 rix
1214 5456 1329 5517 abillo
1357 5457 1545 5534 dignoscitur.

197 5539 304 5616 Estque
333 5541 388 5601 hoc
419 5547 534 5602 nomine
564 5547 637 5602 inter
667 5544 822 5611 concinna,
859 5541 930 5615 quia
958 5540 1074 5602 dieseos
1105 5541 1254 5617 legitimae
1285 5547 1380 5605 vicem
1409 5548 1543 5618 sustinet,

196 5631 363 5701 praesertim
393 5632 420 5687 in
449 5633 610 5690 mutatione
640 5640 752 5690 cantus.
799 5628 851 5687 Est
881 5629 957 5686 euim
988 5631 1104 5702 genesis
1130 5631 1195 5706 ejus
1224 5648 1282 5693 uon
1308 5640 1369 5693 tam
1392 5632 1544 5706 naturalis,

196 5730 281 5791 quam
305 5733 360 5774 usu
384 5721 557 5793 necessaria,
581 5726 614 5779 ut
636 5717 825 5817 undiquaque
847 5717 905 5774 siut
926 5716 956 5772 in
971 5724 1088 5791 promtu
1103 5720 1259 5782 semitonia
1279 5719 1430 5793 erduno,
1452 5738 1544 5799 prop·
