3684 7259
617 1234 797 1314 Harmoniaia.
831 1255 916 1313 Liber
930 1253 1090 1340 mcuput
1105 1254 1129 1310 l.
1161 1325 1163 1332 Ι
1489 1255 1551 1323 ld!

798 1349 806 1383 Ι

202 1430 408 1503 cognationem
437 1433 466 1487 in
495 1431 560 1492 loco
590 1449 648 1492 non
679 1436 736 1511 erit¹
760 1434 953 1511 negligenda,
992 1434 1121 1493 Primum
1149 1436 1227 1493 eulm
1249 1431 1356 1492 Ludna
1377 1430 1551 1509 significatio

201 1517 302 1593 vnum,
317 1522 523 1593 congruentia,
552 1522 577 1578 si
600 1523 699 1579 omnis
722 1525 862 1594 excutias,
885 1517 1089 1596 idem-sonat,
1112 1520 1191 1597 quod
1214 1519 1329 1580 Graeca
1350 1517 1409 1579 vo'r
1425 1520 1551 1583 barmo-

202 1605 260 1674 nia,
284 1602 320 1661 de
345 1607 531 1680 quibusboc
554 1609 628 1667 libro
651 1627 780 1685 agemus,
804 1612 860 1669 nisi
883 1610 964 1687 quod
985 1604 1054 1669 u'sus
1077 1626 1166 1669 voces
1189 1609 1243 1669 bas
1266 1608 1389 1668 erebus
1412 1607 1551 1683 subiectis

201 1707 358 1769 parumper
380 1691 519 1768 distinxit,
545 1694 649 1755 deinde
672 1700 863 1774 congruentia
884 1698 1042 1774 figurarum
1056 1695 1200 1760 conciliat
1218 1697 1346 1756 motibus
1369 1690 1570 1778 (dequibus

201 1777 256 1835 hoc
280 1787 310 1837 et
333 1781 436 1855 quinto
458 1779 550 1863 libro)
573 1781 702 1862 aliquam
716 1783 954 1863 congruentiam.
1000 1785 1099 1847 Tertio
1122 1786 1177 1845 etsl
1200 1778 1257 1844 non
1285 1790 1345 1843 tam
1368 1781 1409 1844 ad·
1427 1781 1550 1859 liguram

202 1873 291 1924 totam
313 1869 494 1945 respicimus,
518 1888 605 1947 quam
629 1871 666 1931 ad
690 1879 785 1933 unum
800 1874 866 1951 ejus
889 1872 974 1937 latus'
992 1890 1145 1951 quamque
1160 1871 1189 1931 id
1213 1869 1323 1950 partem
1345 1868 1552 1947 rescindlgua

203 1969 330 2013 consona
353 1963 414 2031 est;
438 1965 469 2016 at
490 1957 577 2035 simul
600 1966 629 2019 et
650 1960 707 2019 boc
729 1979 840 2031 verum,
864 1960 944 2037 quod
966 1977 1024 2021 nou
1046 1968 1106 2020 tam
1129 1959 1159 2019 id
1181 1955 1412 2031 consideremus,
1440 1959 1550 2035 quanta

201 2058 267 2117 pars
291 2042 392 2102 circuli
414 2046 453 2121 sit
474 2047 649 2124 intercepta,
680 2040 775 2123 quarn
791 2037 1072 2126 cujusmodiiigu'ra
1094 2048 1124 2108 id
1143 2048 1184 2123 'alt
1208 2047 1334 2121 lactum,
1366 2045 1549 2108 demonstra·

201 2128 251 2187 bili
273 2136 303 2188 ct
327 2147 455 2206 congrua
476 2152 514 2192 an
538 2136 692 2195 contraria.
738 2136 812 2203 Nam
834 2127 930 2213 figura
950 2135 1100 2212 quaelibet
1121 2153 1157 2195 ex
1179 2134 1295 2213 angulis
1316 2136 1392 2206 suis,
1424 2151 1464 2213 ex·
1481 2134 1550 2210 qni-
1576 2142 1586 2152 ⁴

200 2216 255 2274 bus
276 2216 353 2278 libro
368 2219 408 2280 Il.
432 2224 650 2297 congruentiam
674 2225 860 2294 sortiebmur,
882 2224 992 2302 adepta
1014 2231 1060 2283 est
1082 2232 1111 2283 st
1136 2223 1412 2284 demonstrationem
1433 2221 1508 2295 libro
1524 2218 1551 2280 L

200 2304 265 2362 Non
289 2313 335 2364 est
358 2308 446 2383 igitur
468 2309 506 2369 ab
528 2309 688 2372 harmoniis
702 2311 886 2371 auferendas
907 2319 1058 2389 respectus
1081 2312 1289 2388 congruentiae
1311 2309 1476 2386 ngurarum
1535 2311 1538 2317 “
1581 2337 1583 2341 ·

285 2444 518 2527 Propositio
541 2450 565 2508 I.
610 2447 733 2511 Dimidli
756 2470 820 2513 cum
845 2458 907 2514 toto
931 2453 1124 2513 consonantia
1147 2458 1214 2531 post
1235 2452 1390 2511 unisonum
1408 2447 1551 2522 'selaeu

201 2536 345 2613 inprime
367 2536 476 2613 gradm
500 2537 639 2616 simplex,
661 2542 792 2619 perlecta
815 2548 843 2601 et
865 2541 1009 2616 identica,
1032 2541 1144 2625 scillcet
1165 2556 1201 2600 ex
1225 2538 1368 2619 opposito.

285 2641 351 2692 Nam
370 2637 443 2705 qnod
460 2637 606 2705 figuratum
625 2647 676 2709 est,
695 2640 722 2694 id
741 2657 775 2695 ex
795 2640 908 2696 dirersis
928 2647 970 2695 est
988 2629 1183 2711 compositum,
1202 2637 1257 2696 n'on
1273 2638 1357 2707 igitur
1374 2639 1417 2693 rel
1435 2628 1549 2711 simplex
1579 2657 1584 2667 ·

200 2717 240 2769 vel
264 2716 420 2772 identicum.
456 2718 558 2786 Figura
585 2718 654 2773 enim
680 2720 761 2774 habet
783 2735 874 2774 aream
901 2727 930 2775 et
953 2727 1047 2790 partes
1066 2718 1213 2776 secundum
1231 2734 1291 2775 eam
1316 2726 1343 2772 et
1365 2717 1477 2788 angulos
1495 2716 1548 2774 situ

201 2794 361 2850 differentes.
399 2794 477 2863 qnod
496 2812 559 2851 uero
575 2796 720 2864 figuratum
739 2806 867 2872 nonest,
891 2798 965 2870 quod
983 2797 1087 2852 scilicet
1105 2811 1185 2851 areae
1202 2794 1346 2851 latitudine
1364 2803 1440 2852 caret
1463 2804 1490 2853 et
1508 2812 1549 2852 se·

200 2873 314 2927 cundum
337 2889 396 2928 eam
420 2882 448 2927 et
471 2874 593 2943 partibus
618 2883 647 2938 et
669 2876 934 2946 anguiis,'e11stens
960 2893 1015 2932 nnn
1039 2891 1113 2932 mera
1134 2874 1208 2932 linea
1225 2879 1301 2931 recta
1324 2890 1412 2945 euque
1429 2873 1550 2947 aequalia

200 2959 340 3000 mensurae
358 2946 531 3015 propositae,
550 2946 577 3000 id
592 2948 630 3002 ‘ob
649 2947 717 3002 baec
735 2947 796 3016 ipsa
813 2955 842 3001 et
859 2947 974 3017 simplex
993 2954 1036 3003 est
1060 2953 1087 3002 et
1104 2945 1177 3000 idem
1195 2959 1256 3000 cum
1274 2961 1413 3010 mensura,
1437 2946 1490 3001 boc
1508 2947 1562 3002 ers.

199 3026 351 3080 identicnrn.
388 3022 537 3081 Illiusmodi
554 3042 618 3079 rero
642 3035 706 3081 sunt
724 3028 828 3099 figurae
845 3027 984 3096 regulares
1010 3025 1112 3082 circulo
1123 3015 1294 3095 inscriptae,
1319 3024 1476 3094 hujusmodi
1494 3017 1550 3080 dlx*

200 3111 282 3158 meter
299 3105 401 3159 circuli.
439 3109 462 3170 l)
481 3107 642 3173 Fignrarnm
660 3108 730 3161 enim
750 3109 840 3162 omnia
857 3106 945 3162 latera
964 3105 1112 3162 deflectunt
1128 3105 1280 3175 aequaliter
1297 3119 1314 3161 a
1330 3111 1432 3173 centro,
1451 3103 1549 3161 ‹iinme-¹

199 3193 239 3237 ter
256 3199 306 3252 per
322 3184 411 3252 ipsum
430 3194 552 3241 centrum
572 3186 687 3243 ducitur.
723 3188 750 3254 2)
769 3190 888 3254 Mensor,
907 3187 1038 3242 circulum
1057 3185 1090 3240 ab
1111 3201 1165 3240 uno
1183 3192 1284 3255 puncto
1303 3201 1365 3239 cum
1378 3184 1464 3240 lutera
1481 3183 1550 3252 ligu-

198 3280 242 3318 rae
260 3263 397 3329 dirideus,
424 3264 469 3318 ubi
487 3257 639 3332 perrexerit
652 3266 713 3318 boc
736 3265 863 3321 iaciendo
894 3266 1055 3335 aliquoties,
1079 3266 1119 3321 sic
1137 3265 1247 3320 tandem
1271 3264 1332 3320 cuin
1350 3263 1437 3320 alteru
1455 3264 1549 3319 lateris

199 3344 311 3422 terquino
328 3342 400 3396 redit
418 3342 452 3396 ad
470 3348 601 3411 punctum
620 3344 748 3412 primnm3
769 3344 899 3401 diameter
917 3361 991 3412 raro,
1009 3353 1191 3415 pereentrum
1203 3343 1293 3414 ipsum
1303 3344 1446 3407 mauricus,
1463 3344 1551 3411 prima

199 3420 286 3473 statim
305 3421 468 3488 repetitione
485 3422 556 3476 redit
575 3423 609 3477 ad
628 3422 731 3477 initiale
748 3432 888 3492 pnnctnrn.
924 3425 948 3489 3)
967 3424 1084 3491 Figurae
1101 3423 1224 3490 reliquae
1243 3427 1271 3476 et
1287 3420 1483 3491 longitudinem
1501 3420 1550 3477 ha·

199 3500 261 3554 bent
278 3501 394 3555 laterum
414 3508 442 3554 et
459 3502 631 3569 superficiem
650 3504 743 3566 areae,
769 3519 849 3569 quam
867 3503 1049 3570 circumdant;
1076 3504 1206 3558 diameter
1228 3500 1329 3556 nullam
1351 3499 1427 3569 plani
1443 3506 1550 3569 partem

198 3578 365 3633 circumdans
383 3579 567 3647 includensve,
586 3577 794 3655 repetitionibus
812 3581 918 3635 iteratis
936 3581 963 3635 in
982 3581 1111 3650 seipsam
1129 3579 1319 3636 secundarios
1336 3586 1396 3635 tota
1412 3576 1550 3635 coincidit.

199 3660 221 3723 i)
239 3658 357 3726 Figurae
380 3667 488 3713 ceterae
509 3659 639 3714 circulum
665 3659 815 3714 dividentes
839 3659 944 3715 iaciunt
961 3666 1054 3730 partas
1071 3659 1187 3727 multam·
1214 3658 1345 3714 diameter
1368 3655 1434 3711 lecit
1454 3662 1550 3725 partas

198 3737 303 3792 minimo
323 3737 441 3790 omnium
460 3753 581 3800 numero,
600 3753 637 3792 sc.
657 3743 763 3793 tautum
781 3735 864 3805 duas,
889 3752 940 3792 nec
958 3736 1028 3792 enim
1050 3737 1187 3806 partimra
1208 3744 1297 3794 totum
1322 3735 1465 3805 pauciores
1483 3734 1549 3791 dna·

199 3817 246 3869 bus
265 3814 357 3870 iacere
376 3815 484 3869 omnino
502 3816 600 3885 potnit.
637 3818 663 3881 b)
683 3816 804 3883 Cumque
822 3815 954 3870 diameter
971 3816 1008 3869 tit
1024 3816 1071 3869 illa
1088 3832 1223 3884 mensura,
1242 3814 1277 3872 ad
1290 3830 1372 3884 quam
1383 3814 1470 3884 latura
1480 3815 1549 3884 iign-

199 3914 285 3950 rarum
304 3896 487 3964 comparanda
512 3902 577 3950 sunt
599 3896 717 3951 notionis
742 3904 770 3949 et
788 3895 1026 3951 demonstrationis
1044 3911 1141 3966 musa,
1166 3896 1254 3952 latera
1273 3893 1383 3967 qnidam
1400 3894 1548 3964 figuram

196 3979 357 4047 reliquarum
382 3977 524 4044 operosius
550 3976 741 4038 describuntur
766 3975 1014 4044 imperfectioriqne
1036 3974 1277 4034 demonstrationis
1296 3972 1383 4049 gradu
1405 3973 1435 4029 ln
1457 3979 1548 4027 actum

196 4060 323 4116 scientiae
340 4057 540 4128 perducuntur;
565 4064 594 4110 at
613 4056 746 4110 diameter
770 4052 864 4110 circuli
886 4053 1087 4132 simplicissima
1112 4053 1174 4122 lege
1199 4053 1361 4113 describitur
1389 4051 1473 4109 ductu
1498 4065 1548 4120 per

196 4150 318 4196 centrum
337 4138 371 4193 ab
390 4151 444 4193 uno
462 4136 556 4191 circuli
575 4144 676 4204 puncto
695 4135 730 4190 ad
747 4133 917 4204 oppositum,-
942 4140 1095 4202 nequatque
1112 4133 1221 4203 ipsese
1239 4137 1326 4205 ipsam
1345 4137 1442 4207 suique
1459 4135 1546 4206 iprlai

193 4234 317 4290 mensura
342 4224 391 4271 est.
428 4219 455 4281 ὃ)
472 4214 633 4282 bigurarum
657 4214 737 4267 etiam
762 4213 849 4268 latera
870 4212 898 4265 in
924 4211 1056 4266 divisione
1082 4228 1137 4268 uua
1155 4213 1249 4269 circuli
1276 4231 1327 4271 san
1341 4216 1372 4270 in
1390 4216 1548 4273 absentium

193 4302 276 4370 partis
294 4298 400 4353 iaciunt
416 4293 557 4363 portiones
574 4293 729 4362 inaequales
752 4299 903 4361 etpartem
920 4291 1051 4346 minorem
1070 4291 1193 4363 residno;
1221 4292 1352 4351 diameter
1374 4301 1480 4365 partem
1498 4294 1549 4349 ab·v

193 4380 293 4428 secum
311 4366 442 4437 relinquit
459 4364 600 4432 aequalem
618 4362 737 4419 residuo.
773 4364 849 4418 Haec
865 4377 929 4420 vero
947 4360 1089 4431 proportio
1107 4362 1280 4432 aequalitatis
1298 4382 1368 4438 pura
1379 4373 1424 4422 est
1441 4372 1470 4421 et
1484 4364 1552 4421 am«
1585 4411 1588 4419 .

192 4454 253 4521 9101
272 4460 301 4506 ee
317 4446 448 4518 perfecta,
465 4444 530 4513 quia
547 4450 648 4513 partes,
667 4458 737 4512 quae
755 4450 819 4498 sunt
841 4442 911 4497 inter
937 4456 966 4495 se
984 4440 1126 4511 aequales,
1150 4442 1214 4500 illae
1237 4460 1320 4501 causa
1337 4439 1546 4501 mensurationis
1561 4473 1563 4478 ·

191 4531 259 4584 idem
281 4534 354 4583 sunt.
391 4526 416 4591 7)
435 4524 558 4590 Denique
584 4523 688 4593 figurae
716 4529 824 4577 ceterae
849 4518 1093 4587 circumferentiam
1117 4523 1225 4593 quidem
1249 4524 1344 4580 circuli
1369 4523 1493 4588 dividam
1516 4523 1546 4580 in
1600 4563 1605 4573 .

191 4617 282 4679 partes
301 4606 429 4676 aequales
447 4601 674 4677 aliquammnltas‚
692 4608 722 4656 at
739 4607 828 4655 ar'eam
847 4599 943 4655 circuli
960 4600 988 4653 in
1006 4607 1099 4670 partes
1117 4602 1282 4673 inaequales,
1304 4602 1546 4674 qniauelinquitur
1609 4644 1613 4652 .

191 4689 217 4741 in
234 4685 324 4740 medio
343 4700 411 4752 una,
438 4699 477 4739 sc.
496 4698 560 4736 area
577 4682 694 4750 figurae,
719 4679 807 4748 major
824 4677 946 4749 quolibet
963 4685 1178 4749 augmentorum
1207 4681 1337 4737 diameter
1360 4696 1416 4737 non
1433 4682 1544 4738 obcum-

191 4765 334 4821 lerentiam
352 4770 470 4829 tantum,
491 4762 538 4816 sed
557 4762 637 4815 simul
656 4761 736 4816 ctiam
754 4774 845 4813 aream
863 4757 890 4812 in
909 4758 964 4813 duc
982 4756 1077 4812 dividit
1094 4760 1227 4830 aequalia
1533 4810 1538 4822 ,
1633 4819 1636 4827 ,

276 4842 330 4897 Sed
349 4858 399 4910 per
417 4842 524 4895 axioma
542 4842 566 4896 2.
586 4841 681 4896 lateris
699 4855 749 4894 seu
766 4838 868 4905 lineam
892 4852 964 4906 qnae
983 4835 1113 4893 circulum
1132 4839 1227 4894 dividit
1248 4844 1443 4909 consonanter,
1461 4840 1544 4912 inge·

190 4923 263 4976 nium
280 4921 380 4975 transit
396 4920 424 4973 in
442 4920 648 4974 consonantiam
666 4920 761 4988 ipsam·
798 4915 872 4985 Ergo
889 4916 984 4986 partis,
1004 4932 1084 4988 quam
1102 4916 1137 4974 de
1149 4918 1250 4975 circulo
1263 4918 1393 4980 rescindit
1405 4918 1544 4990 diameter,

189 5001 215 5054 id
233 5007 276 5054 cst
294 4998 455 5053 semicirculi
474 5014 535 5051 cum
553 5005 611 5052 toto
631 4997 731 5052 circulo
750 4996 931 5052 consonantia
949 5003 992 5051 est
1011 4996 1143 5066 simplex,
1156 4995 1279 5066 perlecta
1301 5005 1329 5052 et
1346 4997 1472 5055 ideutiea.
1507 4999 1546 5056 m

187 5096 235 5147 per
252 5079 361 5132 axioma
377 5080 403 5132 b.
422 5077 502 5130 etiam
521 5091 614 5131 omnes
632 5074 703 5131 aliae
721 5074 913 5151 longitudines,
933 5091 1003 5145 quae
1021 5084 1085 5131 sunt
1104 5076 1176 5132 inter
1187 5091 1218 5132 se
1236 5084 1267 5133 ut
1283 5084 1359 5133 totus
1372 5075 1489 5140 eiruulua
1507 5076 1543 5133 ad
1561 5127 1563 5132 .

189 5157 229 5211 sui
248 5155 395 5217 dimidium,
415 5154 519 5208 iaciunt
536 5154 658 5222 eandem,
676 5154 704 5209 id
723 5161 766 5209 est
783 5154 936 5221 identicam,
956 5154 1105 5224 perlectam
1127 5164 1155 5209 et
1163 5155 1313 5224 simplicem
1331 5155 1545 5216 consonantiam

189 5236 225 5288 Et
242 5236 269 5287 in
288 5234 409 5288 numeris
428 5237 492 5297 tnon
511 5233 591 5302 plane
609 5233 717 5302 quidem
734 5232 880 5288 abstractis
898 5242 928 5287 et
944 5234 1165 5301 numerantibus,
1191 5234 1240 5289 aed
1258 5234 1472 5304 longitudinibus
1490 5248 1544 5297 aa·

189 5312 306 5380 meretis)
324 5314 465 5382 proportio
485 5312 576 5380 dupla,
595 5312 665 5367 inter
683 5328 720 5368 sc.
742 5315 752 5367 l
774 5319 802 5364 ct
818 5311 844 5377 2,
865 5318 897 5365 ut
914 5318 943 5365 et
958 5313 1030 5367 inter
1047 5328 1140 5367 eorum
1158 5329 1245 5382 acque
1262 5314 1437 5385 multiplices,
1458 5315 1546 5385 gignis

188 5393 393 5446 consonantiam
411 5394 563 5447 identicam.
864 5430 868 5443 .
1246 5426 1247 5429 =
1507 5457 1511 5464 ,

271 5470 296 5523 N
299 5479 345 5525 ota
363 5471 415 5533 bic,
435 5470 661 5541 quemadmodum
679 5469 811 5525 diameter
837 5485 888 5538 per
905 5486 1000 5526 omnes
1018 5470 1207 5540 simplicitates
1232 5481 1259 5528 et
1280 5472 1461 5544 perfectiones
1479 5486 1543 5532 suaa

186 5566 238 5603 nou
257 5556 348 5604 tamen
366 5557 422 5604 tam
440 5550 555 5619 simplex
574 5555 624 5615 eat,
642 5556 673 5605 ut
690 5557 829 5619 punctum,
847 5549 897 5606 aed
913 5555 1007 5616 manet
1023 5548 1103 5616 linea,
1124 5550 1232 5607 dnobus
1251 5550 1345 5607 circuli
1361 5550 1471 5620 punctis
1489 5557 1541 5613 lar·

190 5627 299 5692 minata,
318 5628 449 5684 circulum
468 5643 563 5683 secans
581 5628 608 5683 in
626 5628 695 5684 locis
713 5628 847 5697 oppositis
871 5634 900 5683 et
915 5632 1009 5696 partes
1027 5626 1096 5684 duas
1115 5630 1298 5698 comumanm
1323 5635 1352 5686 ct
1369 5627 1544 5699 quemadma-

189 5705 914 5778 dunuaaepnteqlicatiaanaemtaaqnaiaa,
935 5704 1234 5779 sumntum
1257 5706 1545 5785 massmannum
