3684 7259
241 1257 282 1318 22
433 1271 438 1281 ·
615 1254 757 1327 Epistulae
773 1255 884 1329 Kepleri
901 1255 1069 1330 aliorumque
1085 1263 1194 1317 mutuae

240 1430 603 1511 enumeraremus
628 1433 667 1497 15
690 1450 726 1496 οι
749 1434 768 1495 a
791 1436 874 1518 ers,
897 1437 1145 1520 roaros,
1168 1401 1578 1521 caesareanas

240 1522 330 1602 etti,
370 1523 623 1598 tbexbetil,
660 1522 701 1583 60
723 1523 856 1585 subet
880 1524 935 1605 12,
979 1527 1172 1588 librabat
1195 1527 1254 1608 15,
1290 1528 1353 1590 120
1374 1527 1453 1606 eqd
1476 1535 1506 1588 et
1529 1525 1578 1590 15.

240 1610 374 1687 Denique
396 1611 425 1668 in
447 1609 590 1670 infinitum
612 1608 802 1672 demonstrari
823 1617 948 1692 possunt
962 1615 1060 1675 omnia
1074 1597 1448 1698 regularia,‚quaobababt
1462 1612 1580 1694 duplam

118 1770 120 1774 y
241 1694 505 1760 denominationem
541 1698 579 1758 ad
614 1700 727 1779 priora,
764 1700 912 1777 quomodo
949 1703 1038 1763 etiam
1074 1701 1262 1780 octaogulum
1298 1700 1509 1766 demonstratur
1545 1719 1580 1763 ex

239 1783 456 1863 quadrangulo,
485 1787 585 1864 itaque
615 1789 703 1849 etiam
728 1787 766 1847 16
773 1833 783 1868 ,
814 1790 853 1849 tt
877 1795 932 1850 etc.
955 1790 1120 1868 -augulum
1165 1789 1292 1868 Jamque
1320 1805 1432 1851 rursum
1459 1796 1581 1870 possunt

239 1876 401 1953 comparari
431 1872 506 1934 baec
527 1872 617 1955 dupla
639 1892 704 1935 eum
725 1876 775 1954 iis,
807 1876 981 1953 quibuscum
1003 1879 1088 1957 primi
1109 1883 1191 1959 sunt,
1219 1884 1253 1939 ut
1276 1877 1314 1940 lb
1338 1895 1404 1939 cum
1429 1879 1484 1959 16,
1513 1877 1581 1940 binc

181 1963 183 1967 '
240 1963 317 2023 euim
339 1959 552 2022 demonstratur
574 1961 805 2042 aco-angulum.

345 2048 429 2109 Haec
450 2051 540 2128 igitur
560 2050 781 2129 generalissima
797 2056 841 2110 eat
855 2048 955 2133 r'riqu
970 2074 1027 2113 ros
1041 2056 1167 2131 datarus,
1189 2051 1285 2116 adhuc
1307 2053 1432 2115 existens
1455 2050 1580 2129 infinita:

238 2142 340 2214 estque
362 2136 570 2211 demonstratio
600 2145 682 2200 tanto
704 2138 910 2220 imperfectior,
945 2146 1055 2217 quanto
1083 2138 1199 2217 lougius
1226 2140 1263 2202 ab
1292 2142 1402 2204 unitate
1428 2139 1580 2201 receditur.

237 2222 342 2302 Itaque
364 2224 423 2286 alia
445 2223 496 2285 fiat
518 2222 617 2307 infqu
640 2243 755 2306 earum,
785 2243 862 2303 quae
884 2245 937 2306 per
958 2245 990 2288 se
1014 2226 1259 2308 demonstrantur,
1288 2244 1346 2290 non
1369 2226 1407 2290 ad
1429 2244 1581 2308 compara·

238 2315 347 2375 tionem
372 2311 499 2373 'duarum
527 2313 711 2393 simplicium.
755 2312 1015 2392 Retiuebimusque
1044 2316 1074 2395 3,
1105 2317 1135 2395 4,
1165 2315 1195 2396 5,
1225 2317 1253 2390 6,
1289 2317 1319 2397 8,
1349 2314 1392 2379 10
1421 2322 1451 2377 et
1480 2332 1581 2378 omnes

238 2418 337 2462 earum
361 2399 465 2479 duplas
487 2403 517 2459 iu
538 2401 693 2462 infinitum.
732 2399 860 2462 Rursum
882 2404 942 2464 alia
963 2402 1015 2463 fiat
1037 2389 1136 2482 e'al’qu
1159 2419 1266 2478 aarum,
1290 2420 1366 2481 quae
1387 2420 1446 2466 uon
1468 2410 1581 2464 tautum

237 2506 296 2550 non
319 2488 450 2565 indigent
472 2486 595 2549 duamm
611 2489 740 2550 aliarum
762 2489 918 2567 figurarum
941 2492 1157 2569 comparatione
1179 2489 1217 2551 ad
1237 2493 1282 2551 sui
1298 2489 1582 2571 demonstrationem,

237 2576 290 2640 sed
311 2594 349 2638 ue
371 2594 431 2637 una
453 2576 579 2654 quidem.
623 2576 682 2637 Hic
702 2578 825 2657 primum
849 2577 886 2638 ad
908 2578 1050 2639 fluitatem
1072 2581 1250 2658 pervcnitur,
1280 2578 1332 2642 scd
1358 2586 1469 2640 restant
1495 2575 1596 2640 valdo'

239 2681 359 2745 paucae.
388 2664 464 2725 Nam
487 2665 594 2726 cadunt
617 2682 717 2726 omues
739 2663 846 2744 duplae
868 2666 927 2727 unt
950 2683 1015 2726 cum
1038 2664 1205 2747 octangulo,
1228 2665 1307 2744 quod
1327 2666 1414 2729 modo
1431 2666 1583 2747 duplarum

239 2752 463 2814 demonstratur.
508 2751 767 2831 Quinquangulum
788 2771 858 2814 vero
882 2761 911 2815 et
935 2753 1128 2831 decaogulum
1148 2752 1244 2815 adhuc
1265 2761 1399 2837 manent,
1421 2757 1491 2833 quia
1513 2754 1583 2815 dec·

239 2841 380 2919 angulum
402 2841 457 2901 etsi
477 2858 536 2902 uon
561 2840 740 2919 quadratura
762 2839 989 2922 demonstratur,
1019 2850 1049 2902 at
1079 2840 1290 2903 demonstratur
1310 2845 1438 2905 sectione
1459 2859 1583 2922 propor-

239 2929 350 2991 tionali.
397 2927 473 2990 Nam
494 2930 520 2989 si
549 2928 762 2991 semidiamoter
790 2938 904 2991 secetur
936 2929 1203 3011 proportionaliter,
1232 2947 1299 3009 pars
1324 2931 1419 3009 major
1440 2937 1484 2991 est
1506 2930 1583 2990 latus

239 3016 401 3096 dccauguli.
446 3016 492 3078 Ac
514 3019 569 3078 etsi
592 3016 844 3096 quinquangulum
873 3019 1082 3097 praesupponit
1105 3017 1310 3095 decaogulum,
1340 3018 1412 3080 facit
1433 3016 1464 3079 id
1485 3025 1594 3092 tamen

237 3106 327 3184 longo
351 3103 531 3185 ullomodo,
554 3124 643 3183 quam
665 3108 697 3182 iu
718 3103 805 3167 modo
827 3104 952 3181 rejectis,
976 3114 1006 3167 et
1028 3104 1233 3167 demonstratio
1256 3113 1301 3167 est
1316 3106 1477 3185 perfectior.
1508 3105 1583 3167 llam

167 3214 171 3223 ·
240 3201 407 3272 geometra,
431 3192 528 3254 diceus
550 3193 628 3254 latus
650 3189 865 3272 qbiuquanguli
887 3211 973 3271 posse
995 3193 1073 3254 latus
1095 3193 1247 3272 sexanguli
1269 3193 1397 3255 otiatus
1420 3192 1582 3271 decauguli,

237 3281 368 3359 loquitur
388 3282 431 3342 sic
453 3298 505 3358 por
527 3280 671 3343 accidens.
709 3281 774 3342 Non
798 3280 1016 3342 considerantur
1038 3282 1114 3341 enim
1136 3281 1193 3342 hae
1216 3280 1290 3343 duae
1311 3281 1417 3363 lineae,
1438 3288 1582 3360 quatenus

239 3373 418 3431 constituunt
446 3368 555 3447 figuras
584 3367 776 3448 sexangulum
810 3376 839 3429 et
872 3368 1073 3446 decaogulum.
1126 3368 1298 3430 Rectissime
1329 3371 1372 3433 sic
1405 3367 1580 3431 diceremus:

236 3457 316 3519 latus
339 3458 550 3535 quinquanguli
572 3465 671 3537 potest
691 3455 935 3518 semidiametrum
958 3465 987 3518 ot
1008 3456 1072 3534 ejus
1087 3453 1340 3536 proportionaliter
1358 3464 1454 3520 sectae
1469 3465 1581 3537 partam

238 3547 389 3624 majorem.
417 3544 544 3606 Rursum
567 3563 602 3607 ex
625 3546 670 3606 his
692 3546 892 3625 perfectiores,
916 3561 1039 3623 quarum
1057 3545 1151 3605 latera
1164 3552 1233 3605 suut
1249 3548 1354 3626 λογικα,
1376 3544 1406 3607 b.
1423 3562 1447 3606 e.
1464 3550 1581 3620 doraum

233 3630 323 3717 ῥητα,
353 3640 529 3711 manentque
553 3633 587 3709 3,
618 3635 653 3708 4,
679 3634 708 3694 6.
761 3632 837 3693 Nam
867 3632 1059 3710 decaugulum
1091 3639 1120 3693 et
1147 3635 1245 3694 omnia
1272 3632 1380 3711 reiecta
1401 3632 1494 3694 latera
1515 3651 1582 3695 cum

239 3719 482 3785 subtendeutibus
509 3720 681 3799 angulorum
711 3726 779 3781 sunt
800 3717 902 3801 dioro,
928 3738 993 3781 cum
1022 3737 1121 3782 corum
1151 3720 1293 3799 quadrata
1320 3736 1379 3780 nou
1408 3723 1468 3782 sint
1496 3716 1580 3801 ῥητα.

238 3809 331 3873 Latus
352 3816 451 3870 tamen
473 3807 685 3887 quinquanguli
707 3825 772 3869 cum
793 3807 986 3871 subtendente
1014 3808 1152 3887 angulum
1174 3808 1207 3870 fit
1229 3805 1442 3886 quodammodo
1466 3814 1582 3880 borona

240 3894 330 3979 (ipsos
361 3903 390 3958 et
419 3898 461 3957 sic
490 3900 610 3977 loyraor,
640 3904 672 3958 at
700 3914 760 3957 non
789 3897 919 3958 seorsim.
963 3896 1039 3959 Nam
1068 3899 1094 3957 si
1124 3913 1223 3958 eorum
1252 3894 1395 3974 quadrata
1412 3896 1581 3975 iungantur,

239 3987 312 4049 flunt
334 3983 372 4045 ad
395 3982 569 4061 quadratum
591 3982 724 4046 diametri
745 3992 779 4045 ut
802 3984 820 4045 5
843 3985 881 4045 ad
904 3986 934 4043 4.
1130 4057 1134 4064 ἱ

260 4117 264 4132 .
347 4073 483 4150 Denique
505 4090 541 4134 ex
557 4076 682 4154 λογικιιις
690 4072 875 4152 perfectiores
890 4079 959 4133 sunt
974 4065 1060 4153 ῥηται
1074 4076 1142 4133 actu
1157 4077 1259 4149 estque
1274 4086 1364 4131 uuum
1380 4068 1580 4148 sexangulum.

239 4162 316 4227 Nam
343 4159 533 4242 triangulum,
562 4158 796 4239 quadrangulum
824 4178 884 4222 uon
914 4167 984 4225 sunt
1013 4153 1088 4240 p‘qro
1119 4165 1196 4220 actu
1240 4160 1391 4240 Diameter
1418 4176 1489 4220 vero
1518 4159 1583 4237 ipsa

240 4251 296 4311 sibi
327 4248 460 4327 aequalis
487 4258 542 4329 est,
570 4246 689 4326 perinde
716 4255 746 4310 et
775 4242 848 4329 ῥητη
878 4254 908 4311 ot
940 4252 1034 4328 fortan
1056 4252 1086 4309 et
1106 4244 1288 4327 dnobrmrrq
1309 4254 1376 4329 etc,
1406 4252 1506 4327 utpote
1532 4262 1584 4326 per

240 4335 420 4400 identitatem
443 4344 488 4397 est
509 4334 625 4398 seusibs
644 4338 709 4399 ¹siue
732 4333 985 4398 demonstratione.
1216 4394 1223 4401 .
1259 4355 1261 4359 “

346 4425 499 4486 Habemus
530 4440 631 4486 omnes
659 4422 777 4504 ἐκλογας
804 4423 958 4505 planorum
984 4420 1176 4505 regularium,
1205 4438 1281 4501 quae
1311 4422 1408 4482 omnia
1435 4420 1524 4481 otiam
1546 4417 1583 4481 de

240 4512 483 4575 subteudoutibus
504 4511 620 4589 angulis
642 4519 710 4574 suut
731 4511 929 4591 intelligenda.
979 4511 1054 4573 Nam
1075 4509 1107 4570 lu
1127 4510 1273 4587 triangulo
1294 4507 1372 4568 latus
1393 4508 1489 4585 ipsum
1511 4508 1583 4569 sub-

240 4598 335 4661 teudlt
354 4600 505 4681 angulum,
527 4602 557 4659 in
579 4599 780 4679 quadrangulo
803 4600 952 4678 diameter,
979 4601 1010 4659 lu
1031 4596 1251 4677 quinquangulo
1271 4593 1349 4656 latus
1370 4594 1472 4684 qtsllae
1496 4597 1583 4673 quiu-

242 4688 441 4769 quangularls,
463 4689 492 4747 iu
508 4687 669 4767 sexangulo
684 4690 762 4752 latus
776 4691 892 4769 trigoni,
908 4691 938 4749 iu
954 4684 1110 4765 octaugulo
1125 4683 1202 4745 latus
1216 4679 1359 4761 quadrati,
1375 4683 1405 4741 iu
1421 4681 1582 4762 decaogulo

241 4777 319 4838 latus
334 4778 438 4838 stellae
454 4775 672 4854 decaugularis:
696 4796 772 4858 qaae
786 4780 930 4857 recipiunt
944 4774 1063 4837 easdem
1077 4769 1338 4832 demonstrationes
1353 4787 1418 4831 oum
1431 4769 1582 4833 lateribus.

190 4863 194 4870 '
240 4865 317 4926 Nam
339 4864 517 4926 subtondans
532 4859 588 4949 is„
603 4875 712 4944 aequat
724 4864 906 4945 longitudine
920 4862 1163 4924 semidiametrum
1179 4857 1301 4936 ejusque
1317 4866 1429 4938 partem
1442 4859 1583 4936 maj0rem

97 4991 108 5022 .,
118 4961 178 5048 33,
240 4952 495 5034 proportionaliter
516 4961 628 5016 sectae:
652 4956 694 5016 sic
715 4955 804 5031 igitur
824 4954 935 5013 minore
956 4955 1039 5028 parts
1052 4946 1259 5026 proportionali
1275 4954 1382 5025 aequat
1396 4963 1481 5007 suurn
1496 4946 1583 5022 latus,

95 5043 169 5136 'jis
240 5043 316 5102 sicut
337 5040 424 5102 stella
446 5042 704 5121 quinquangularis
725 5041 837 5119 majore
858 5045 939 5119 parte
961 5035 1169 5116 proportionali
1191 5044 1298 5113 aequat
1320 5034 1517 5111 mamintus:
1546 5032 1583 5095 de

86 5123 142 5216 'tq'
241 5131 344 5194 cereris
367 5147 419 5209 per
440 5147 473 5190 se
494 5137 584 5209 patet.

344 5215 415 5280 Jam
445 5227 475 5278 et
504 5218 562 5280 hoc
584 5214 735 5296 probabile
767 5220 822 5295 est,
855 5208 1099 5291 quomadmodum
1130 5210 1149 5270 5
1178 5227 1298 5289 corpora
1326 5224 1385 5269 uon
1419 5205 1488 5267 daut
1518 5201 1584 5287 ipsa

239 5304 362 5367 formam
384 5305 490 5387 coelis,
519 5303 572 5367 sed
594 5320 630 5364 ex
651 5301 850 5381 magnitudino
873 5301 951 5362 orbis
974 5301 1103 5378 inscripti
1125 5297 1163 5359 ad
1185 5297 1431 5374 circumscriptum
1454 5300 1517 5356 orta
1539 5300 1584 5355 est

240 5395 387 5457 coelorum
410 5396 570 5473 quantitas:
593 5391 636 5450 sic
656 5406 693 5453 ue
715 5392 804 5470 plana
818 5389 936 5468 quidem
951 5390 1015 5467 ipsa
1029 5404 1080 5468 por
1094 5404 1127 5448 se
1143 5384 1324 5447 considerata
1337 5383 1436 5460 largiri
1454 5382 1583 5443 motibus

240 5484 391 5563 quaesitus
413 5486 527 5563 lorove,
549 5476 601 5538 sed
623 5472 782 5560 'comparati
804 5477 842 5539 ad
865 5474 1018 5552 circulum,
1047 5476 1123 5535 sicut
1145 5473 1239 5535 solida
1260 5471 1299 5534 ad
1321 5472 1518 5551 sphaericum,
1549 5476 1584 5532 ut

239 5571 298 5633 lroc
318 5572 358 5632 sir
381 5573 471 5651 loyor,
494 5567 520 5627 sl
542 5583 609 5644 pars
631 5568 731 5647 aliqua
753 5567 852 5629 circuli
873 5583 925 5645 per
946 5564 1024 5625 latus
1044 5569 1155 5624 resecta
1176 5561 1213 5622 ad
1228 5559 1367 5622 circulum
1386 5566 1478 5621 totum
1501 5574 1583 5618 com·

243 5664 369 5742 paretur.
399 5655 467 5720 Hoc
487 5655 513 5714 si
536 5654 676 5717 indamus
698 5655 851 5734 infigaris
873 5660 902 5717 et
924 5653 1070 5716 subteusis
1091 5649 1179 5713 modo
1201 5651 1336 5726 inventis,
1359 5655 1426 5728 post
1447 5647 1585 5723 reiectam

241 5746 434 5827 munitabm,
464 5743 537 5804 talia
557 5742 628 5807 fient
649 5744 768 5807 uomiua
789 5743 1021 5825 proportionum:
1054 5734 1088 5828 Ἰ,
1116 5733 1161 5823 (iu
1184 5736 1291 5802 circulo
1312 5737 1390 5800 euiru
1410 5751 1469 5815 non
1489 5732 1584 5796 diruo
