<?xml version="1.0" encoding="UTF-8"?>
<!DOCTYPE html PUBLIC "-//W3C//DTD XHTML 1.0 Transitional//EN"
    "http://www.w3.org/TR/xhtml1/DTD/xhtml1-transitional.dtd">
<html xmlns="http://www.w3.org/1999/xhtml" xml:lang="en" lang="en">
 <head>
  <title>
</title>
<meta http-equiv="Content-Type" content="text/html;charset=utf-8" />
  <meta name='ocr-system' content='tesseract 3.04.00' />
  <meta name='ocr-capabilities' content='ocr_page ocr_carea ocr_par ocr_line ocrx_word'/>
</head>
<body>
  <div class='ocr_page' id='page_1' title='image "./joanniskepleria09frisgoog_0048.png"; bbox 0 0 3684 7259; ppageno 0'>
   <div class='ocr_carea' id='block_1_1' title="bbox 245 1175 1197 1275">
    <p class='ocr_par' dir='ltr' id='par_1_1' title="bbox 245 1175 1197 1275">
     <span class='ocr_line' id='line_1_1' title="bbox 245 1175 1197 1275; baseline 0.009 -18"><span class='ocrx_word' id='word_1_1' title='bbox 245 1218 287 1275; x_wconf 69' lang='grc'><strong>36</strong></span> <span class='ocrx_word' id='word_1_2' title='bbox 620 1203 763 1273; x_wconf 80' lang='lat' dir='ltr'><strong>Epistulae</strong></span> <span class='ocrx_word' id='word_1_3' title='bbox 780 1206 889 1275; x_wconf 84' lang='lat' dir='ltr'><strong>Kepleri</strong></span> <span class='ocrx_word' id='word_1_4' title='bbox 904 1206 1071 1275; x_wconf 84' lang='lat' dir='ltr'><strong>aliorumque</strong></span> <span class='ocrx_word' id='word_1_5' title='bbox 1088 1175 1197 1266; x_wconf 79' lang='lat' dir='ltr'><strong>mutuae</strong></span> 
     </span>
    </p>
   </div>
   <div class='ocr_carea' id='block_1_2' title="bbox 179 1381 1597 3286">
    <p class='ocr_par' dir='ltr' id='par_1_2' title="bbox 179 1381 1597 3026">
     <span class='ocr_line' id='line_1_2' title="bbox 246 1381 1597 1464; baseline 0.004 -13"><span class='ocrx_word' id='word_1_6' title='bbox 246 1389 473 1464; x_wconf 83' lang='lat' dir='ltr'><strong>comparaveris:</strong></span> <span class='ocrx_word' id='word_1_7' title='bbox 503 1391 614 1442; x_wconf 82' lang='lat' dir='ltr'><strong>sextam</strong></span> <span class='ocrx_word' id='word_1_8' title='bbox 643 1381 741 1441; x_wconf 89' lang='lat' dir='ltr'><strong>duram</strong></span> <span class='ocrx_word' id='word_1_9' title='bbox 772 1391 801 1442; x_wconf 91' lang='lat' dir='ltr'><strong>et</strong></span> <span class='ocrx_word' id='word_1_10' title='bbox 830 1391 941 1443; x_wconf 80' lang='lat' dir='ltr'><strong>sextam</strong></span> <span class='ocrx_word' id='word_1_11' title='bbox 961 1384 1085 1444; x_wconf 90' lang='lat' dir='ltr'><strong>mollem.</strong></span> <span class='ocrx_word' id='word_1_12' title='bbox 1130 1386 1293 1463; x_wconf 77' lang='lat' dir='ltr'><strong>conjuncta</strong></span> <span class='ocrx_word' id='word_1_13' title='bbox 1315 1389 1408 1451; x_wconf 90' lang='lat' dir='ltr'><strong>diesis</strong></span> <span class='ocrx_word' id='word_1_14' title='bbox 1440 1401 1471 1453; x_wconf 93' lang='lat' dir='ltr'><strong>et</strong></span> <span class='ocrx_word' id='word_1_15' title='bbox 1501 1398 1597 1456; x_wconf 90' lang='lat' dir='ltr'><strong>semi-</strong></span> 
     </span>
     <span class='ocr_line' id='line_1_3' title="bbox 246 1464 1597 1556; baseline 0.008 -24"><span class='ocrx_word' id='word_1_16' title='bbox 246 1479 366 1546; x_wconf 89' lang='lat' dir='ltr'><strong>tonium,</strong></span> <span class='ocrx_word' id='word_1_17' title='bbox 393 1464 431 1556; x_wconf 72' lang='lat'><strong>33</strong></span> <span class='ocrx_word' id='word_1_18' title='bbox 456 1479 484 1530; x_wconf 92' lang='lat' dir='ltr'><strong>et</strong></span> <span class='ocrx_word' id='word_1_19' title='bbox 505 1468 560 1552; x_wconf 71' lang='lat'><strong>33,</strong></span> <span class='ocrx_word' id='word_1_20' title='bbox 583 1468 705 1539; x_wconf 85' lang='lat' dir='ltr'><strong>efficient</strong></span> <span class='ocrx_word' id='word_1_21' title='bbox 732 1468 783 1552; x_wconf 59' lang='lat'><strong>1⁹0,</strong></span> <span class='ocrx_word' id='word_1_22' title='bbox 813 1477 911 1528; x_wconf 90' lang='lat' dir='ltr'><strong>tonum</strong></span> <span class='ocrx_word' id='word_1_23' title='bbox 935 1473 1079 1532; x_wconf 83' lang='lat' dir='ltr'><strong>minorem.</strong></span> <span class='ocrx_word' id='word_1_24' title='bbox 1124 1472 1181 1532; x_wconf 89' lang='lat' dir='ltr'><strong>Sed</strong></span> <span class='ocrx_word' id='word_1_25' title='bbox 1210 1478 1285 1535; x_wconf 90' lang='lat' dir='ltr'><strong>inter</strong></span> <span class='ocrx_word' id='word_1_26' title='bbox 1314 1486 1420 1537; x_wconf 90' lang='lat' dir='ltr'><strong>tonum</strong></span> <span class='ocrx_word' id='word_1_27' title='bbox 1448 1484 1597 1546; x_wconf 84' lang='lat' dir='ltr'><strong>minorem</strong></span> 
     </span>
     <span class='ocr_line' id='line_1_4' title="bbox 246 1552 1596 1638; baseline 0.01 -22"><span class='ocrx_word' id='word_1_28' title='bbox 246 1572 276 1623; x_wconf 82' lang='lat' dir='ltr'><strong>et</strong></span> <span class='ocrx_word' id='word_1_29' title='bbox 300 1562 450 1634; x_wconf 84' lang='lat' dir='ltr'><strong>majorem,</strong></span> <span class='ocrx_word' id='word_1_30' title='bbox 474 1554 515 1638; x_wconf 55' lang='grc' dir='ltr'><strong>ἦ</strong></span> <span class='ocrx_word' id='word_1_31' title='bbox 538 1563 567 1613; x_wconf 87' lang='lat' dir='ltr'><strong>et</strong></span> <span class='ocrx_word' id='word_1_32' title='bbox 590 1552 624 1636; x_wconf 87' lang='lat'><strong>3,</strong></span> <span class='ocrx_word' id='word_1_33' title='bbox 647 1558 764 1615; x_wconf 89' lang='lat' dir='ltr'><strong>interest</strong></span> <span class='ocrx_word' id='word_1_34' title='bbox 783 1552 843 1638; x_wconf 75' lang='lat'><strong>33,</strong></span> <span class='ocrx_word' id='word_1_35' title='bbox 875 1554 953 1631; x_wconf 92' lang='lat' dir='ltr'><strong>quod</strong></span> <span class='ocrx_word' id='word_1_36' title='bbox 984 1557 1123 1616; x_wconf 79' lang='lat' dir='ltr'><strong>c&#39;omma</strong></span> <span class='ocrx_word' id='word_1_37' title='bbox 1148 1560 1274 1636; x_wconf 83' lang='lat' dir='ltr'><strong>appello.</strong></span> <span class='ocrx_word' id='word_1_38' title='bbox 1323 1566 1469 1626; x_wconf 75' lang='lat' dir='ltr'><strong>Abiorum</strong></span> <span class='ocrx_word' id='word_1_39' title='bbox 1500 1574 1596 1628; x_wconf 89' lang='lat' dir='ltr'><strong>semi-</strong></span> 
     </span>
     <span class='ocr_line' id='line_1_5' title="bbox 246 1639 1597 1730; baseline 0.007 -22"><span class='ocrx_word' id='word_1_40' title='bbox 246 1651 358 1708; x_wconf 91' lang='lat' dir='ltr'><strong>tonium</strong></span> <span class='ocrx_word' id='word_1_41' title='bbox 372 1645 414 1730; x_wconf 69' lang='lat'><strong>33</strong></span> <span class='ocrx_word' id='word_1_42' title='bbox 436 1650 537 1702; x_wconf 85' lang='lat' dir='ltr'><strong>atone</strong></span> <span class='ocrx_word' id='word_1_43' title='bbox 551 1643 660 1717; x_wconf 86' lang='lat' dir='ltr'><strong>majore</strong></span> <span class='ocrx_word' id='word_1_44' title='bbox 677 1639 693 1723; x_wconf 97' lang='lat'><strong>3</strong></span> <span class='ocrx_word' id='word_1_45' title='bbox 711 1643 845 1716; x_wconf 85' lang='lat' dir='ltr'><strong>relinquit</strong></span> <span class='ocrx_word' id='word_1_46' title='bbox 868 1642 959 1701; x_wconf 88' lang='lat' dir='ltr'><strong>diesin</strong></span> <span class='ocrx_word' id='word_1_47' title='bbox 973 1652 1002 1702; x_wconf 94' lang='lat' dir='ltr'><strong>et</strong></span> <span class='ocrx_word' id='word_1_48' title='bbox 1017 1660 1138 1718; x_wconf 90' lang='lat' dir='ltr'><strong>comma,</strong></span> <span class='ocrx_word' id='word_1_49' title='bbox 1162 1664 1237 1722; x_wconf 88' lang='lat' dir='ltr'><strong>quae</strong></span> <span class='ocrx_word' id='word_1_50' title='bbox 1248 1654 1352 1717; x_wconf 77' lang='lat' dir='ltr'><strong>iuncta</strong></span> <span class='ocrx_word' id='word_1_51' title='bbox 1367 1662 1438 1712; x_wconf 90' lang='lat' dir='ltr'><strong>sunt</strong></span> <span class='ocrx_word' id='word_1_52' title='bbox 1455 1654 1597 1717; x_wconf 85' lang='lat' dir='ltr'><strong>lemma</strong></span> 
     </span>
     <span class='ocr_line' id='line_1_6' title="bbox 244 1726 1595 1812; baseline 0.004 -16"><span class='ocrx_word' id='word_1_53' title='bbox 244 1753 300 1797; x_wconf 89' lang='lat' dir='ltr'><strong>seu</strong></span> <span class='ocrx_word' id='word_1_54' title='bbox 323 1732 441 1807; x_wconf 88' lang='lat' dir='ltr'><strong>maj0r</strong></span> <span class='ocrx_word' id='word_1_55' title='bbox 464 1728 596 1787; x_wconf 89' lang='lat' dir='ltr'><strong>diesis.</strong></span> <span class='ocrx_word' id='word_1_56' title='bbox 642 1726 860 1787; x_wconf 81' lang='lat' dir='ltr'><strong>constituuntur</strong></span> <span class='ocrx_word' id='word_1_57' title='bbox 889 1730 975 1804; x_wconf 81' lang='lat' dir='ltr'><strong>igitur</strong></span> <span class='ocrx_word' id='word_1_58' title='bbox 1006 1731 1159 1790; x_wconf 86' lang='lat' dir='ltr'><strong>intervalla</strong></span> <span class='ocrx_word' id='word_1_59' title='bbox 1180 1733 1253 1794; x_wconf 90' lang='lat' dir='ltr'><strong>haec</strong></span> <span class='ocrx_word' id='word_1_60' title='bbox 1280 1740 1595 1812; x_wconf 85' lang='lat' dir='ltr'><strong>praeterharmonica:</strong></span> 
     </span>
     <span class='ocr_line' id='line_1_7' title="bbox 245 1813 1595 1894; baseline 0.01 -16"><span class='ocrx_word' id='word_1_61' title='bbox 245 1832 335 1882; x_wconf 85' lang='lat' dir='ltr'><strong>tonus</strong></span> <span class='ocrx_word' id='word_1_62' title='bbox 356 1818 460 1894; x_wconf 87' lang='lat' dir='ltr'><strong>major,</strong></span> <span class='ocrx_word' id='word_1_63' title='bbox 485 1815 591 1886; x_wconf 88' lang='lat' dir='ltr'><strong>minor,</strong></span> <span class='ocrx_word' id='word_1_64' title='bbox 615 1817 813 1887; x_wconf 89' lang='lat' dir='ltr'><strong>semitonium,</strong></span> <span class='ocrx_word' id='word_1_65' title='bbox 836 1815 956 1887; x_wconf 87' lang='lat' dir='ltr'><strong>lemma,</strong></span> <span class='ocrx_word' id='word_1_66' title='bbox 980 1813 1081 1890; x_wconf 90' lang='lat' dir='ltr'><strong>diesis,</strong></span> <span class='ocrx_word' id='word_1_67' title='bbox 1106 1836 1227 1879; x_wconf 80' lang='lat' dir='ltr'><strong>comma</strong></span> <span class='ocrx_word' id='word_1_68' title='bbox 1274 1824 1318 1883; x_wconf 78' lang='lat' dir='ltr'><strong>Ex</strong></span> <span class='ocrx_word' id='word_1_69' title='bbox 1342 1825 1388 1885; x_wconf 89' lang='lat' dir='ltr'><strong>his</strong></span> <span class='ocrx_word' id='word_1_70' title='bbox 1411 1838 1521 1890; x_wconf 90' lang='lat' dir='ltr'><strong>natura</strong></span> <span class='ocrx_word' id='word_1_71' title='bbox 1545 1851 1595 1892; x_wconf 93' lang='lat' dir='ltr'><strong>re·</strong></span> 
     </span>
     <span class='ocr_line' id='line_1_8' title="bbox 245 1901 1596 1988; baseline 0.008 -21"><span class='ocrx_word' id='word_1_72' title='bbox 245 1907 350 1988; x_wconf 87' lang='lat' dir='ltr'><strong>pudiat</strong></span> <span class='ocrx_word' id='word_1_73' title='bbox 371 1904 472 1963; x_wconf 90' lang='lat' dir='ltr'><strong>ultima</strong></span> <span class='ocrx_word' id='word_1_74' title='bbox 494 1901 552 1959; x_wconf 92' lang='lat' dir='ltr'><strong>duo</strong></span> <span class='ocrx_word' id='word_1_75' title='bbox 574 1903 646 1959; x_wconf 91' lang='lat' dir='ltr'><strong>inter</strong></span> <span class='ocrx_word' id='word_1_76' title='bbox 669 1902 838 1973; x_wconf 85' lang='lat' dir='ltr'><strong>canendum,</strong></span> <span class='ocrx_word' id='word_1_77' title='bbox 861 1907 902 1960; x_wconf 90' lang='lat' dir='ltr'><strong>sic</strong></span> <span class='ocrx_word' id='word_1_78' title='bbox 925 1908 1033 1961; x_wconf 89' lang='lat' dir='ltr'><strong>utnon</strong></span> <span class='ocrx_word' id='word_1_79' title='bbox 1057 1922 1182 1986; x_wconf 82' lang='lat' dir='ltr'><strong>erremus</strong></span> <span class='ocrx_word' id='word_1_80' title='bbox 1205 1924 1257 1983; x_wconf 93' lang='lat' dir='ltr'><strong>per</strong></span> <span class='ocrx_word' id='word_1_81' title='bbox 1277 1909 1352 1972; x_wconf 89' lang='lat' dir='ltr'><strong>baec</strong></span> <span class='ocrx_word' id='word_1_82' title='bbox 1370 1916 1533 1977; x_wconf 87' lang='lat' dir='ltr'><strong>intervalla</strong></span> <span class='ocrx_word' id='word_1_83' title='bbox 1557 1937 1596 1978; x_wconf 92' lang='lat' dir='ltr'><strong>ex</strong></span> 
     </span>
     <span class='ocr_line' id='line_1_9' title="bbox 245 1987 1595 2077; baseline 0.014 -31"><span class='ocrx_word' id='word_1_84' title='bbox 245 2012 308 2056; x_wconf 76' lang='lat' dir='ltr'><strong>una</strong></span> <span class='ocrx_word' id='word_1_85' title='bbox 330 2008 400 2051; x_wconf 85' lang='lat' dir='ltr'><strong>voce</strong></span> <span class='ocrx_word' id='word_1_86' title='bbox 422 1993 452 2047; x_wconf 92' lang='lat' dir='ltr'><strong>in</strong></span> <span class='ocrx_word' id='word_1_87' title='bbox 474 1988 562 2048; x_wconf 86' lang='lat' dir='ltr'><strong>aliam</strong></span> <span class='ocrx_word' id='word_1_88' title='bbox 583 1988 754 2047; x_wconf 88' lang='lat' dir='ltr'><strong>immediate.</strong></span> <span class='ocrx_word' id='word_1_89' title='bbox 799 1987 872 2046; x_wconf 91' lang='lat' dir='ltr'><strong>Sunt</strong></span> <span class='ocrx_word' id='word_1_90' title='bbox 894 1990 970 2048; x_wconf 93' lang='lat' dir='ltr'><strong>enim</strong></span> <span class='ocrx_word' id='word_1_91' title='bbox 992 1988 1167 2051; x_wconf 80' lang='lat' dir='ltr'><strong>differentiae</strong></span> <span class='ocrx_word' id='word_1_92' title='bbox 1191 2011 1249 2053; x_wconf 92' lang='lat' dir='ltr'><strong>non</strong></span> <span class='ocrx_word' id='word_1_93' title='bbox 1272 1996 1509 2077; x_wconf 87' lang='lat' dir='ltr'><strong>harmoniarum,</strong></span> <span class='ocrx_word' id='word_1_94' title='bbox 1540 2007 1595 2065; x_wconf 90' lang='lat' dir='ltr'><strong>sed</strong></span> 
     </span>
     <span class='ocr_line' id='line_1_10' title="bbox 245 2073 1594 2157; baseline 0.011 -19"><span class='ocrx_word' id='word_1_95' title='bbox 245 2080 478 2157; x_wconf 80' lang='lat' dir='ltr'><strong>imperfectorum</strong></span> <span class='ocrx_word' id='word_1_96' title='bbox 501 2073 715 2134; x_wconf 77' lang='lat' dir='ltr'><strong>intervallorum</strong></span> <span class='ocrx_word' id='word_1_97' title='bbox 737 2076 887 2133; x_wconf 88' lang='lat' dir='ltr'><strong>minorum.</strong></span> <span class='ocrx_word' id='word_1_98' title='bbox 930 2075 977 2133; x_wconf 87' lang='lat' dir='ltr'><strong>lta</strong></span> <span class='ocrx_word' id='word_1_99' title='bbox 997 2075 1037 2148; x_wconf 86' lang='lat' dir='ltr'><strong>iit,</strong></span> <span class='ocrx_word' id='word_1_100' title='bbox 1062 2085 1093 2136; x_wconf 89' lang='lat' dir='ltr'><strong>ut</strong></span> <span class='ocrx_word' id='word_1_101' title='bbox 1114 2081 1193 2152; x_wconf 89' lang='lat' dir='ltr'><strong>prins</strong></span> <span class='ocrx_word' id='word_1_102' title='bbox 1216 2086 1394 2146; x_wconf 77' lang='lat' dir='ltr'><strong>constitutae</strong></span> <span class='ocrx_word' id='word_1_103' title='bbox 1416 2087 1594 2153; x_wconf 87' lang='lat' dir='ltr'><strong>harmoniae</strong></span> 
     </span>
     <span class='ocr_line' id='line_1_11' title="bbox 245 2160 1595 2261; baseline -0.002 -34"><span class='ocrx_word' id='word_1_104' title='bbox 245 2162 521 2253; x_wconf 67' lang='lat' dir='ltr'><strong>iqbdividauturin</strong></span> <span class='ocrx_word' id='word_1_105' title='bbox 543 2160 615 2221; x_wconf 91' lang='lat' dir='ltr'><strong>haec</strong></span> <span class='ocrx_word' id='word_1_106' title='bbox 633 2162 694 2237; x_wconf 89' lang='lat' dir='ltr'><strong>jam</strong></span> <span class='ocrx_word' id='word_1_107' title='bbox 717 2164 874 2221; x_wconf 86' lang='lat' dir='ltr'><strong>constituta</strong></span> <span class='ocrx_word' id='word_1_108' title='bbox 895 2162 1056 2222; x_wconf 87' lang='lat' dir='ltr'><strong>intervalla.</strong></span> <span class='ocrx_word' id='word_1_109' title='bbox 1100 2164 1174 2223; x_wconf 89' lang='lat' dir='ltr'><strong>Nam</strong></span> <span class='ocrx_word' id='word_1_110' title='bbox 1198 2172 1283 2227; x_wconf 89' lang='lat' dir='ltr'><strong>tertia</strong></span> <span class='ocrx_word' id='word_1_111' title='bbox 1305 2173 1403 2232; x_wconf 81' lang='lat' dir='ltr'><strong>mollis</strong></span> <span class='ocrx_word' id='word_1_112' title='bbox 1428 2173 1483 2261; x_wconf 50' lang='grc' dir='ltr'><strong>(ᾗ)</strong></span> <span class='ocrx_word' id='word_1_113' title='bbox 1509 2197 1595 2239; x_wconf 73' lang='lat' dir='ltr'><strong>com.</strong></span> 
     </span>
     <span class='ocr_line' id='line_1_12' title="bbox 245 2246 1594 2351; baseline 0.01 -39"><span class='ocrx_word' id='word_1_114' title='bbox 245 2256 363 2335; x_wconf 89' lang='lat' dir='ltr'><strong>ponitur</strong></span> <span class='ocrx_word' id='word_1_115' title='bbox 385 2270 420 2312; x_wconf 90' lang='lat' dir='ltr'><strong>ex</strong></span> <span class='ocrx_word' id='word_1_116' title='bbox 443 2260 512 2310; x_wconf 91' lang='lat' dir='ltr'><strong>tono</strong></span> <span class='ocrx_word' id='word_1_117' title='bbox 534 2248 643 2323; x_wconf 85' lang='lat' dir='ltr'><strong>majore</strong></span> <span class='ocrx_word' id='word_1_118' title='bbox 664 2246 707 2331; x_wconf 82' lang='lat'><strong>(3)</strong></span> <span class='ocrx_word' id='word_1_119' title='bbox 729 2256 758 2307; x_wconf 90' lang='lat' dir='ltr'><strong>et</strong></span> <span class='ocrx_word' id='word_1_120' title='bbox 779 2250 931 2307; x_wconf 90' lang='lat' dir='ltr'><strong>semitonio</strong></span> <span class='ocrx_word' id='word_1_121' title='bbox 953 2246 1036 2333; x_wconf 58' lang='lat'><strong>(333</strong></span> <span class='ocrx_word' id='word_1_122' title='bbox 1067 2254 1152 2311; x_wconf 89' lang='lat' dir='ltr'><strong>tertia</strong></span> <span class='ocrx_word' id='word_1_123' title='bbox 1175 2252 1246 2313; x_wconf 91' lang='lat' dir='ltr'><strong>dura</strong></span> <span class='ocrx_word' id='word_1_124' title='bbox 1267 2254 1311 2343; x_wconf 51' lang='grc' dir='ltr'><strong>(ᾖ)</strong></span> <span class='ocrx_word' id='word_1_125' title='bbox 1335 2278 1371 2318; x_wconf 93' lang='lat' dir='ltr'><strong>ex</strong></span> <span class='ocrx_word' id='word_1_126' title='bbox 1394 2265 1510 2325; x_wconf 89' lang='lat' dir='ltr'><strong>minore</strong></span> <span class='ocrx_word' id='word_1_127' title='bbox 1525 2264 1594 2351; x_wconf 63' lang='lat'><strong>(1⁹0)</strong></span> 
     </span>
     <span class='ocr_line' id='line_1_13' title="bbox 246 2334 1594 2421; baseline -0.001 -19"><span class='ocrx_word' id='word_1_128' title='bbox 246 2351 278 2405; x_wconf 90' lang='lat' dir='ltr'><strong>et</strong></span> <span class='ocrx_word' id='word_1_129' title='bbox 301 2341 410 2416; x_wconf 90' lang='lat' dir='ltr'><strong>majore</strong></span> <span class='ocrx_word' id='word_1_130' title='bbox 432 2335 484 2421; x_wconf 86' lang='lat'><strong>(3).</strong></span> <span class='ocrx_word' id='word_1_131' title='bbox 527 2334 604 2393; x_wconf 86' lang='lat' dir='ltr'><strong>Hinc</strong></span> <span class='ocrx_word' id='word_1_132' title='bbox 631 2334 689 2393; x_wconf 91' lang='lat' dir='ltr'><strong>illis</strong></span> <span class='ocrx_word' id='word_1_133' title='bbox 709 2352 813 2394; x_wconf 90' lang='lat' dir='ltr'><strong>nomen</strong></span> <span class='ocrx_word' id='word_1_134' title='bbox 837 2340 884 2395; x_wconf 76' lang='lat' dir='ltr'><strong>dac</strong></span> <span class='ocrx_word' id='word_1_135' title='bbox 906 2356 1008 2412; x_wconf 71' lang='lat' dir='ltr'><strong>rotor,</strong></span> <span class='ocrx_word' id='word_1_136' title='bbox 1039 2334 1143 2396; x_wconf 86' lang='lat' dir='ltr'><strong>latine:</strong></span> <span class='ocrx_word' id='word_1_137' title='bbox 1172 2343 1274 2418; x_wconf 86' lang='lat' dir='ltr'><strong>tertia;</strong></span> <span class='ocrx_word' id='word_1_138' title='bbox 1293 2344 1364 2407; x_wconf 78' lang='lat' dir='ltr'><strong>,dno</strong></span> <span class='ocrx_word' id='word_1_139' title='bbox 1389 2352 1468 2408; x_wconf 90' lang='lat' dir='ltr'><strong>enim</strong></span> <span class='ocrx_word' id='word_1_140' title='bbox 1498 2356 1594 2413; x_wconf 90' lang='lat' dir='ltr'><strong>inter.</strong></span> 
     </span>
     <span class='ocr_line' id='line_1_14' title="bbox 246 2410 1594 2511; baseline 0.007 -21"><span class='ocrx_word' id='word_1_141' title='bbox 246 2410 329 2491; x_wconf 74' lang='lat' dir='ltr'><strong>valla</strong></span> <span class='ocrx_word' id='word_1_142' title='bbox 360 2436 417 2485; x_wconf 92' lang='lat' dir='ltr'><strong>tres</strong></span> <span class='ocrx_word' id='word_1_143' title='bbox 449 2424 597 2499; x_wconf 89' lang='lat' dir='ltr'><strong>requirunt</strong></span> <span class='ocrx_word' id='word_1_144' title='bbox 626 2425 770 2481; x_wconf 90' lang='lat' dir='ltr'><strong>terminos.</strong></span> <span class='ocrx_word' id='word_1_145' title='bbox 815 2421 863 2480; x_wconf 88' lang='lat' dir='ltr'><strong>Sic</strong></span> <span class='ocrx_word' id='word_1_146' title='bbox 893 2430 995 2497; x_wconf 88' lang='lat' dir='ltr'><strong>quarta</strong></span> <span class='ocrx_word' id='word_1_147' title='bbox 1024 2422 1070 2481; x_wconf 90' lang='lat' dir='ltr'><strong>vel</strong></span> <span class='ocrx_word' id='word_1_148' title='bbox 1093 2430 1140 2483; x_wconf 73' lang='lat' dir='ltr'><strong>oca</strong></span> <span class='ocrx_word' id='word_1_149' title='bbox 1162 2448 1309 2505; x_wconf 73' lang='lat' dir='ltr'><strong>reonapor</strong></span> <span class='ocrx_word' id='word_1_150' title='bbox 1336 2441 1526 2511; x_wconf 82' lang='lat' dir='ltr'><strong>componitur</strong></span> <span class='ocrx_word' id='word_1_151' title='bbox 1556 2460 1594 2502; x_wconf 92' lang='lat' dir='ltr'><strong>ex</strong></span> 
     </span>
     <span class='ocr_line' id='line_1_15' title="bbox 179 2508 1592 2607; baseline 0.038 -73"><span class='ocrx_word' id='word_1_152' title='bbox 179 2530 181 2534; x_wconf 81' lang='grc'>,</span> <span class='ocrx_word' id='word_1_153' title='bbox 246 2529 319 2580; x_wconf 67' lang='lat' dir='ltr'><strong>tono</strong></span> <span class='ocrx_word' id='word_1_154' title='bbox 341 2514 459 2590; x_wconf 82' lang='lat' dir='ltr'><strong>majore,</strong></span> <span class='ocrx_word' id='word_1_155' title='bbox 482 2513 591 2569; x_wconf 91' lang='lat' dir='ltr'><strong>minore</strong></span> <span class='ocrx_word' id='word_1_156' title='bbox 613 2517 642 2568; x_wconf 92' lang='lat' dir='ltr'><strong>et</strong></span> <span class='ocrx_word' id='word_1_157' title='bbox 664 2511 829 2581; x_wconf 88' lang='lat' dir='ltr'><strong>semitonio;</strong></span> <span class='ocrx_word' id='word_1_158' title='bbox 851 2508 1012 2583; x_wconf 88' lang='lat' dir='ltr'><strong>multiplica</strong></span> <span class='ocrx_word' id='word_1_159' title='bbox 1034 2511 1109 2592; x_wconf 88' lang='lat' dir='ltr'><strong>enim</strong></span> <span class='ocrx_word' id='word_1_160' title='bbox 1132 2511 1189 2595; x_wconf 59' lang='grc' dir='ltr'><strong>ἦ),</strong></span> <span class='ocrx_word' id='word_1_161' title='bbox 1213 2512 1234 2596; x_wconf 89' lang='lat'><strong>3</strong></span> <span class='ocrx_word' id='word_1_162' title='bbox 1256 2525 1286 2576; x_wconf 90' lang='lat' dir='ltr'><strong>et</strong></span> <span class='ocrx_word' id='word_1_163' title='bbox 1307 2519 1351 2607; x_wconf 53' lang='grc' dir='ltr'>ἢ</span> <span class='ocrx_word' id='word_1_164' title='bbox 1373 2522 1404 2578; x_wconf 94' lang='lat' dir='ltr'><strong>in</strong></span> <span class='ocrx_word' id='word_1_165' title='bbox 1426 2535 1592 2605; x_wconf 81' lang='lat' dir='ltr'><strong>semotae,</strong></span> 
     </span>
     <span class='ocr_line' id='line_1_16' title="bbox 247 2593 1593 2692; baseline 0.009 -30"><span class='ocrx_word' id='word_1_166' title='bbox 247 2602 345 2685; x_wconf 84' lang='lat' dir='ltr'><strong>prodit</strong></span> <span class='ocrx_word' id='word_1_167' title='bbox 368 2602 404 2685; x_wconf 59' lang='grc' dir='ltr'><strong>ξς</strong></span> <span class='ocrx_word' id='word_1_168' title='bbox 427 2609 515 2676; x_wconf 92' lang='lat' dir='ltr'><strong>atque</strong></span> <span class='ocrx_word' id='word_1_169' title='bbox 537 2598 575 2656; x_wconf 93' lang='lat' dir='ltr'><strong>ab</strong></span> <span class='ocrx_word' id='word_1_170' title='bbox 596 2596 641 2655; x_wconf 88' lang='lat' dir='ltr'><strong>his</strong></span> <span class='ocrx_word' id='word_1_171' title='bbox 664 2599 682 2655; x_wconf 89' lang='lat'><strong>3</strong></span> <span class='ocrx_word' id='word_1_172' title='bbox 705 2593 864 2656; x_wconf 82' lang='lat' dir='ltr'><strong>intervallis</strong></span> <span class='ocrx_word' id='word_1_173' title='bbox 894 2595 967 2654; x_wconf 87' lang='lat' dir='ltr'><strong>haec</strong></span> <span class='ocrx_word' id='word_1_174' title='bbox 988 2597 1191 2658; x_wconf 86' lang='lat' dir='ltr'><strong>concordantia</strong></span> <span class='ocrx_word' id='word_1_175' title='bbox 1222 2602 1326 2664; x_wconf 88' lang='lat' dir='ltr'><strong>dicitnr</strong></span> <span class='ocrx_word' id='word_1_176' title='bbox 1356 2615 1405 2669; x_wconf 73' lang='lat' dir='ltr'><strong>dra</strong></span> <span class='ocrx_word' id='word_1_177' title='bbox 1427 2631 1593 2692; x_wconf 73' lang='lat' dir='ltr'><strong>aaooupon,</strong></span> 
     </span>
     <span class='ocr_line' id='line_1_17' title="bbox 248 2681 1592 2771; baseline -0.001 -20"><span class='ocrx_word' id='word_1_178' title='bbox 248 2699 375 2771; x_wconf 87' lang='lat' dir='ltr'><strong>quatuor</strong></span> <span class='ocrx_word' id='word_1_179' title='bbox 396 2689 472 2747; x_wconf 90' lang='lat' dir='ltr'><strong>enim</strong></span> <span class='ocrx_word' id='word_1_180' title='bbox 494 2686 573 2744; x_wconf 91' lang='lat' dir='ltr'><strong>sonis</strong></span> <span class='ocrx_word' id='word_1_181' title='bbox 601 2684 699 2742; x_wconf 92' lang='lat' dir='ltr'><strong>ordine</strong></span> <span class='ocrx_word' id='word_1_182' title='bbox 729 2685 783 2742; x_wconf 91' lang='lat' dir='ltr'><strong>tria</strong></span> <span class='ocrx_word' id='word_1_183' title='bbox 806 2681 957 2741; x_wconf 84' lang='lat' dir='ltr'><strong>intervalla</strong></span> <span class='ocrx_word' id='word_1_184' title='bbox 985 2685 1204 2745; x_wconf 89' lang='lat' dir='ltr'><strong>constituuntur.</strong></span> <span class='ocrx_word' id='word_1_185' title='bbox 1249 2690 1299 2750; x_wconf 92' lang='lat' dir='ltr'><strong>Sic</strong></span> <span class='ocrx_word' id='word_1_186' title='bbox 1325 2700 1374 2756; x_wconf 74' lang='lat' dir='ltr'><strong>dcc</strong></span> <span class='ocrx_word' id='word_1_187' title='bbox 1397 2718 1483 2759; x_wconf 75' lang='lat' dir='ltr'><strong>arene</strong></span> <span class='ocrx_word' id='word_1_188' title='bbox 1516 2720 1592 2762; x_wconf 91' lang='lat' dir='ltr'><strong>con.</strong></span> 
     </span>
     <span class='ocr_line' id='line_1_18' title="bbox 246 2770 1593 2859; baseline -0.004 -18"><span class='ocrx_word' id='word_1_189' title='bbox 246 2786 308 2841; x_wconf 90' lang='lat' dir='ltr'><strong>stat</strong></span> <span class='ocrx_word' id='word_1_190' title='bbox 330 2780 348 2835; x_wconf 78' lang='lat' dir='ltr'><strong>i</strong></span> <span class='ocrx_word' id='word_1_191' title='bbox 371 2778 447 2836; x_wconf 94' lang='lat' dir='ltr'><strong>tonis</strong></span> <span class='ocrx_word' id='word_1_192' title='bbox 469 2772 636 2849; x_wconf 88' lang='lat' dir='ltr'><strong>majoribus,</strong></span> <span class='ocrx_word' id='word_1_193' title='bbox 659 2787 716 2829; x_wconf 91' lang='lat' dir='ltr'><strong>uno</strong></span> <span class='ocrx_word' id='word_1_194' title='bbox 738 2770 839 2828; x_wconf 89' lang='lat' dir='ltr'><strong>minori</strong></span> <span class='ocrx_word' id='word_1_195' title='bbox 855 2778 891 2852; x_wconf 91' lang='lat' dir='ltr'><strong>et</strong></span> <span class='ocrx_word' id='word_1_196' title='bbox 904 2772 1066 2842; x_wconf 91' lang='lat' dir='ltr'><strong>semitonio,</strong></span> <span class='ocrx_word' id='word_1_197' title='bbox 1089 2788 1164 2848; x_wconf 89' lang='lat' dir='ltr'><strong>quae</strong></span> <span class='ocrx_word' id='word_1_198' title='bbox 1178 2781 1245 2833; x_wconf 89' lang='lat' dir='ltr'><strong>sunt</strong></span> <span class='ocrx_word' id='word_1_199' title='bbox 1268 2780 1469 2859; x_wconf 75' lang='lat' dir='ltr'><strong>tintervalla,</strong></span> <span class='ocrx_word' id='word_1_200' title='bbox 1497 2790 1516 2847; x_wconf 85' lang='lat'><strong>5</strong></span> <span class='ocrx_word' id='word_1_201' title='bbox 1534 2808 1593 2849; x_wconf 77' lang='lat' dir='ltr'><strong>vo.</strong></span> 
     </span>
     <span class='ocr_line' id='line_1_19' title="bbox 249 2856 1593 2940; baseline 0.008 -16"><span class='ocrx_word' id='word_1_202' title='bbox 249 2884 306 2928; x_wconf 88' lang='lat' dir='ltr'><strong>ces.</strong></span> <span class='ocrx_word' id='word_1_203' title='bbox 352 2864 401 2925; x_wconf 89' lang='lat' dir='ltr'><strong>Sic</strong></span> <span class='ocrx_word' id='word_1_204' title='bbox 422 2858 454 2924; x_wconf 73' lang='grc' dir='ltr'><strong>δι’</strong></span> <span class='ocrx_word' id='word_1_205' title='bbox 479 2858 510 2933; x_wconf 71' lang='grc' dir='ltr'><strong>ἐξ</strong></span> <span class='ocrx_word' id='word_1_206' title='bbox 533 2858 580 2918; x_wconf 85' lang='lat' dir='ltr'><strong>vel</strong></span> <span class='ocrx_word' id='word_1_207' title='bbox 602 2867 692 2928; x_wconf 84' lang='lat' dir='ltr'><strong>sexta,</strong></span> <span class='ocrx_word' id='word_1_208' title='bbox 717 2859 735 2914; x_wconf 80' lang='lat'>5</span> <span class='ocrx_word' id='word_1_209' title='bbox 759 2856 927 2928; x_wconf 85' lang='lat' dir='ltr'><strong>intervallis,</strong></span> <span class='ocrx_word' id='word_1_210' title='bbox 952 2858 970 2915; x_wconf 83' lang='grc'>6</span> <span class='ocrx_word' id='word_1_211' title='bbox 994 2859 1132 2931; x_wconf 86' lang='lat' dir='ltr'><strong>vocibus,</strong></span> <span class='ocrx_word' id='word_1_212' title='bbox 1156 2869 1186 2920; x_wconf 91' lang='lat' dir='ltr'><strong>et</strong></span> <span class='ocrx_word' id='word_1_213' title='bbox 1201 2861 1326 2940; x_wconf 90' lang='lat' dir='ltr'><strong>deniquo</strong></span> <span class='ocrx_word' id='word_1_214' title='bbox 1349 2875 1398 2929; x_wconf 78' lang='grc' dir='ltr'><strong>δια</strong></span> <span class='ocrx_word' id='word_1_215' title='bbox 1413 2892 1519 2935; x_wconf 76' lang='lat' dir='ltr'><strong>nacon</strong></span> <span class='ocrx_word' id='word_1_216' title='bbox 1542 2875 1593 2938; x_wconf 89' lang='lat' dir='ltr'><strong>vel</strong></span> 
     </span>
     <span class='ocr_line' id='line_1_20' title="bbox 247 2945 941 3026; baseline -0.014 -14"><span class='ocrx_word' id='word_1_217' title='bbox 247 2964 371 3026; x_wconf 86' lang='lat' dir='ltr'><strong>octava,</strong></span> <span class='ocrx_word' id='word_1_218' title='bbox 397 2954 413 3009; x_wconf 82' lang='grc'><strong>7</strong></span> <span class='ocrx_word' id='word_1_219' title='bbox 436 2946 613 3019; x_wconf 85' lang='lat' dir='ltr'><strong>intervallis,</strong></span> <span class='ocrx_word' id='word_1_220' title='bbox 638 2947 656 3004; x_wconf 87' lang='lat'>8</span> <span class='ocrx_word' id='word_1_221' title='bbox 679 2945 799 3003; x_wconf 88' lang='lat' dir='ltr'><strong>vocibus</strong></span> <span class='ocrx_word' id='word_1_222' title='bbox 821 2950 941 3003; x_wconf 90' lang='lat' dir='ltr'><strong>constat.</strong></span> 
     </span>
    </p>

    <p class='ocr_par' dir='ltr' id='par_1_3' title="bbox 249 3033 1592 3286">
     <span class='ocr_line' id='line_1_21' title="bbox 334 3033 1592 3126; baseline 0.004 -26"><span class='ocrx_word' id='word_1_223' title='bbox 334 3038 499 3100; x_wconf 80' lang='lat' dir='ltr'><strong>Notandum</strong></span> <span class='ocrx_word' id='word_1_224' title='bbox 521 3044 628 3106; x_wconf 90' lang='lat' dir='ltr'><strong>autem,</strong></span> <span class='ocrx_word' id='word_1_225' title='bbox 651 3050 669 3091; x_wconf 86' lang='lat' dir='ltr'><strong>a</strong></span> <span class='ocrx_word' id='word_1_226' title='bbox 690 3039 773 3090; x_wconf 87' lang='lat' dir='ltr'><strong>sexta</strong></span> <span class='ocrx_word' id='word_1_227' title='bbox 794 3033 823 3088; x_wconf 93' lang='lat' dir='ltr'><strong>in</strong></span> <span class='ocrx_word' id='word_1_228' title='bbox 846 3042 980 3090; x_wconf 83' lang='lat' dir='ltr'><strong>octavam</strong></span> <span class='ocrx_word' id='word_1_229' title='bbox 1002 3047 1152 3106; x_wconf 85' lang='lat' dir='ltr'><strong>superesse</strong></span> <span class='ocrx_word' id='word_1_230' title='bbox 1174 3039 1306 3113; x_wconf 78' lang='lat' dir='ltr'><strong>tertinm3</strong></span> <span class='ocrx_word' id='word_1_231' title='bbox 1330 3047 1448 3119; x_wconf 86' lang='lat' dir='ltr'><strong>etquis</strong></span> <span class='ocrx_word' id='word_1_232' title='bbox 1471 3048 1592 3126; x_wconf 88' lang='lat' dir='ltr'><strong>reliqua</strong></span> 
     </span>
     <span class='ocr_line' id='line_1_22' title="bbox 249 3117 1591 3208; baseline 0.003 -18"><span class='ocrx_word' id='word_1_233' title='bbox 249 3129 404 3190; x_wconf 84' lang='lat' dir='ltr'><strong>intervalla</strong></span> <span class='ocrx_word' id='word_1_234' title='bbox 424 3144 476 3203; x_wconf 90' lang='lat' dir='ltr'><strong>per</strong></span> <span class='ocrx_word' id='word_1_235' title='bbox 497 3123 742 3207; x_wconf 82' lang='lat' dir='ltr'><strong>comparationem</strong></span> <span class='ocrx_word' id='word_1_236' title='bbox 762 3118 974 3178; x_wconf 85' lang='lat' dir='ltr'><strong>harmoniarum</strong></span> <span class='ocrx_word' id='word_1_237' title='bbox 996 3117 1226 3196; x_wconf 86' lang='lat' dir='ltr'><strong>subdividuntur,</strong></span> <span class='ocrx_word' id='word_1_238' title='bbox 1249 3125 1286 3183; x_wconf 92' lang='lat' dir='ltr'><strong>ad</strong></span> <span class='ocrx_word' id='word_1_239' title='bbox 1308 3143 1409 3189; x_wconf 89' lang='lat' dir='ltr'><strong>eorum</strong></span> <span class='ocrx_word' id='word_1_240' title='bbox 1432 3135 1524 3208; x_wconf 82' lang='lat' dir='ltr'><strong>igitur</strong></span> <span class='ocrx_word' id='word_1_241' title='bbox 1547 3140 1591 3195; x_wconf 86' lang='lat' dir='ltr'><strong>si·</strong></span> 
     </span>
     <span class='ocr_line' id='line_1_23' title="bbox 249 3203 1591 3286; baseline -0.003 -9"><span class='ocrx_word' id='word_1_242' title='bbox 249 3217 440 3279; x_wconf 84' lang='lat' dir='ltr'><strong>militudinem</strong></span> <span class='ocrx_word' id='word_1_243' title='bbox 469 3219 497 3272; x_wconf 90' lang='lat' dir='ltr'><strong>et</strong></span> <span class='ocrx_word' id='word_1_244' title='bbox 527 3210 583 3269; x_wconf 91' lang='lat' dir='ltr'><strong>hoc</strong></span> <span class='ocrx_word' id='word_1_245' title='bbox 613 3205 794 3267; x_wconf 87' lang='lat' dir='ltr'><strong>intervallum</strong></span> <span class='ocrx_word' id='word_1_246' title='bbox 820 3206 989 3266; x_wconf 90' lang='lat' dir='ltr'><strong>naturaliter</strong></span> <span class='ocrx_word' id='word_1_247' title='bbox 1017 3203 1218 3267; x_wconf 84' lang='lat' dir='ltr'><strong>subdividitur.</strong></span> <span class='ocrx_word' id='word_1_248' title='bbox 1264 3210 1328 3286; x_wconf 92' lang='lat' dir='ltr'><strong>Quo</strong></span> <span class='ocrx_word' id='word_1_249' title='bbox 1358 3218 1437 3278; x_wconf 84' lang='lat' dir='ltr'><strong>lacto</strong></span> <span class='ocrx_word' id='word_1_250' title='bbox 1467 3237 1591 3285; x_wconf 64' lang='lat' dir='ltr'><strong>necesse</strong></span> 
     </span>
    </p>
   </div>
   <div class='ocr_carea' id='block_1_3' title="bbox 251 3293 1591 3383">
    <p class='ocr_par' dir='ltr' id='par_1_4' title="bbox 251 3293 1591 3383">
     <span class='ocr_line' id='line_1_24' title="bbox 251 3293 1591 3383; baseline -0.013 -16"><span class='ocrx_word' id='word_1_251' title='bbox 251 3313 304 3378; x_wconf 87' lang='lat' dir='ltr'><strong>est,</strong></span> <span class='ocrx_word' id='word_1_252' title='bbox 327 3303 399 3364; x_wconf 92' lang='lat' dir='ltr'><strong>duos</strong></span> <span class='ocrx_word' id='word_1_253' title='bbox 422 3312 507 3362; x_wconf 91' lang='lat' dir='ltr'><strong>tonos</strong></span> <span class='ocrx_word' id='word_1_254' title='bbox 529 3296 655 3372; x_wconf 89' lang='lat' dir='ltr'><strong>majores</strong></span> <span class='ocrx_word' id='word_1_255' title='bbox 677 3293 840 3353; x_wconf 89' lang='lat' dir='ltr'><strong>immediate</strong></span> <span class='ocrx_word' id='word_1_256' title='bbox 862 3309 894 3352; x_wconf 90' lang='lat' dir='ltr'><strong>se</strong></span> <span class='ocrx_word' id='word_1_257' title='bbox 915 3302 1015 3353; x_wconf 91' lang='lat' dir='ltr'><strong>mutuo</strong></span> <span class='ocrx_word' id='word_1_258' title='bbox 1039 3298 1185 3369; x_wconf 87' lang='lat' dir='ltr'><strong>consequi,</strong></span> <span class='ocrx_word' id='word_1_259' title='bbox 1208 3298 1245 3357; x_wconf 92' lang='lat' dir='ltr'><strong>ab</strong></span> <span class='ocrx_word' id='word_1_260' title='bbox 1262 3297 1369 3378; x_wconf 76' lang='lat' dir='ltr'><strong>Finp</strong></span> <span class='ocrx_word' id='word_1_261' title='bbox 1391 3312 1421 3365; x_wconf 77' lang='lat' dir='ltr'><strong>et</strong></span> <span class='ocrx_word' id='word_1_262' title='bbox 1436 3324 1490 3383; x_wconf 74' lang='lat'><strong>⁸9</strong></span> <span class='ocrx_word' id='word_1_263' title='bbox 1512 3312 1543 3367; x_wconf 69' lang='lat' dir='ltr'><strong>p„</strong></span> <span class='ocrx_word' id='word_1_264' title='bbox 1559 3331 1591 3371; x_wconf 50' lang='lat' dir='ltr'><strong>a,</strong></span> 
     </span>
    </p>
   </div>
   <div class='ocr_carea' id='block_1_4' title="bbox 249 3380 1700 3469">
    <p class='ocr_par' dir='ltr' id='par_1_5' title="bbox 249 3380 1700 3469">
     <span class='ocr_line' id='line_1_25' title="bbox 249 3380 1700 3469; baseline 0.001 -15"><span class='ocrx_word' id='word_1_265' title='bbox 249 3394 353 3468; x_wconf 87' lang='lat' dir='ltr'><strong>Itaque</strong></span> <span class='ocrx_word' id='word_1_266' title='bbox 374 3388 596 3452; x_wconf 91' lang='lat' dir='ltr'><strong>concordantiae</strong></span> <span class='ocrx_word' id='word_1_267' title='bbox 624 3402 643 3442; x_wconf 91' lang='lat' dir='ltr'><strong>a</strong></span> <span class='ocrx_word' id='word_1_268' title='bbox 669 3380 791 3457; x_wconf 81' lang='lat' dir='ltr'><strong>singulis</strong></span> <span class='ocrx_word' id='word_1_269' title='bbox 819 3380 917 3440; x_wconf 89' lang='lat' dir='ltr'><strong>ordine</strong></span> <span class='ocrx_word' id='word_1_270' title='bbox 940 3381 1059 3440; x_wconf 86' lang='lat' dir='ltr'><strong>vocibus</strong></span> <span class='ocrx_word' id='word_1_271' title='bbox 1086 3382 1218 3458; x_wconf 88' lang='lat' dir='ltr'><strong>inceptae</strong></span> <span class='ocrx_word' id='word_1_272' title='bbox 1244 3403 1302 3446; x_wconf 93' lang='lat' dir='ltr'><strong>non</strong></span> <span class='ocrx_word' id='word_1_273' title='bbox 1324 3401 1443 3451; x_wconf 89' lang='lat' dir='ltr'><strong>manent</strong></span> <span class='ocrx_word' id='word_1_274' title='bbox 1468 3399 1591 3469; x_wconf 90' lang='lat' dir='ltr'><strong>penitus</strong></span> <span class='ocrx_word' id='word_1_275' title='bbox 1696 3394 1700 3405; x_wconf 90' lang='lat'>&#39;</span> 
     </span>
    </p>
   </div>
   <div class='ocr_carea' id='block_1_5' title="bbox 223 3466 1591 5482">
    <p class='ocr_par' dir='ltr' id='par_1_6' title="bbox 250 3466 1591 3634">
     <span class='ocr_line' id='line_1_26' title="bbox 250 3466 1591 3558; baseline 0.003 -17"><span class='ocrx_word' id='word_1_276' title='bbox 250 3481 396 3558; x_wconf 82' lang='lat' dir='ltr'><strong>aequales,</strong></span> <span class='ocrx_word' id='word_1_277' title='bbox 420 3476 471 3538; x_wconf 90' lang='lat' dir='ltr'><strong>sed</strong></span> <span class='ocrx_word' id='word_1_278' title='bbox 495 3474 629 3533; x_wconf 87' lang='lat' dir='ltr'><strong>ditierunt</strong></span> <span class='ocrx_word' id='word_1_279' title='bbox 651 3483 708 3529; x_wconf 89' lang='lat' dir='ltr'><strong>unc</strong></span> <span class='ocrx_word' id='word_1_280' title='bbox 731 3475 879 3527; x_wconf 90' lang='lat' dir='ltr'><strong>commate.</strong></span> <span class='ocrx_word' id='word_1_281' title='bbox 917 3468 1013 3545; x_wconf 87' lang='lat' dir='ltr'><strong>Atque</strong></span> <span class='ocrx_word' id='word_1_282' title='bbox 1034 3466 1107 3526; x_wconf 87' lang='lat' dir='ltr'><strong>baec</strong></span> <span class='ocrx_word' id='word_1_283' title='bbox 1128 3470 1305 3546; x_wconf 84' lang='lat' dir='ltr'><strong>imperiectio</strong></span> <span class='ocrx_word' id='word_1_284' title='bbox 1323 3480 1513 3552; x_wconf 87' lang='lat' dir='ltr'><strong>postmodum</strong></span> <span class='ocrx_word' id='word_1_285' title='bbox 1537 3486 1591 3546; x_wconf 88' lang='lat' dir='ltr'><strong>dat</strong></span> 
     </span>
     <span class='ocr_line' id='line_1_27' title="bbox 251 3554 1327 3634; baseline -0.011 -4"><span class='ocrx_word' id='word_1_286' title='bbox 251 3571 432 3630; x_wconf 85' lang='lat' dir='ltr'><strong>occasionem</strong></span> <span class='ocrx_word' id='word_1_287' title='bbox 455 3561 632 3623; x_wconf 81' lang='lat' dir='ltr'><strong>differentiae</strong></span> <span class='ocrx_word' id='word_1_288' title='bbox 653 3566 794 3629; x_wconf 74' lang='lat' dir='ltr'><strong>meorum,</strong></span> <span class='ocrx_word' id='word_1_289' title='bbox 817 3573 938 3632; x_wconf 93' lang='lat' dir='ltr'><strong>quorum</strong></span> <span class='ocrx_word' id='word_1_290' title='bbox 960 3554 1011 3615; x_wconf 90' lang='lat' dir='ltr'><strong>alii</strong></span> <span class='ocrx_word' id='word_1_291' title='bbox 1032 3555 1110 3627; x_wconf 87' lang='lat' dir='ltr'><strong>laeti,</strong></span> <span class='ocrx_word' id='word_1_292' title='bbox 1133 3556 1185 3615; x_wconf 88' lang='lat' dir='ltr'><strong>alii</strong></span> <span class='ocrx_word' id='word_1_293' title='bbox 1207 3563 1327 3634; x_wconf 83' lang='lat' dir='ltr'><strong>queruli.</strong></span> 
     </span>
    </p>

    <p class='ocr_par' dir='ltr' id='par_1_7' title="bbox 247 3642 1590 4699">
     <span class='ocr_line' id='line_1_28' title="bbox 334 3642 1590 3719; baseline -0.006 -4"><span class='ocrx_word' id='word_1_294' title='bbox 334 3657 426 3715; x_wconf 88' lang='lat' dir='ltr'><strong>Pars</strong></span> <span class='ocrx_word' id='word_1_295' title='bbox 449 3652 578 3712; x_wconf 90' lang='lat' dir='ltr'><strong>tertia.</strong></span> <span class='ocrx_word' id='word_1_296' title='bbox 619 3650 670 3705; x_wconf 81' lang='lat' dir='ltr'><strong>De</strong></span> <span class='ocrx_word' id='word_1_297' title='bbox 692 3646 885 3704; x_wconf 83' lang='lat' dir='ltr'><strong>discrimine</strong></span> <span class='ocrx_word' id='word_1_298' title='bbox 906 3649 1072 3704; x_wconf 83' lang='lat' dir='ltr'><strong>tonorum.</strong></span> <span class='ocrx_word' id='word_1_299' title='bbox 1117 3642 1189 3703; x_wconf 81' lang='lat' dir='ltr'><strong>Tres</strong></span> <span class='ocrx_word' id='word_1_300' title='bbox 1218 3656 1286 3707; x_wconf 92' lang='lat' dir='ltr'><strong>sunt</strong></span> <span class='ocrx_word' id='word_1_301' title='bbox 1312 3667 1418 3714; x_wconf 88' lang='lat' dir='ltr'><strong>causae</strong></span> <span class='ocrx_word' id='word_1_302' title='bbox 1441 3654 1590 3719; x_wconf 77' lang='lat' dir='ltr'><strong>discrimi-</strong></span> 
     </span>
     <span class='ocr_line' id='line_1_29' title="bbox 251 3731 1588 3812; baseline -0.001 -7"><span class='ocrx_word' id='word_1_303' title='bbox 251 3751 354 3805; x_wconf 89' lang='lat' dir='ltr'><strong>nantes</strong></span> <span class='ocrx_word' id='word_1_304' title='bbox 376 3752 470 3802; x_wconf 80' lang='lat' dir='ltr'><strong>tonos.</strong></span> <span class='ocrx_word' id='word_1_305' title='bbox 514 3736 620 3807; x_wconf 84' lang='lat' dir='ltr'><strong>Prima,</strong></span> <span class='ocrx_word' id='word_1_306' title='bbox 643 3750 707 3791; x_wconf 92' lang='lat' dir='ltr'><strong>cum</strong></span> <span class='ocrx_word' id='word_1_307' title='bbox 730 3739 836 3792; x_wconf 85' lang='lat' dir='ltr'><strong>octava</strong></span> <span class='ocrx_word' id='word_1_308' title='bbox 857 3740 968 3791; x_wconf 88' lang='lat' dir='ltr'><strong>constet</strong></span> <span class='ocrx_word' id='word_1_309' title='bbox 990 3748 1025 3791; x_wconf 90' lang='lat' dir='ltr'><strong>ex</strong></span> <span class='ocrx_word' id='word_1_310' title='bbox 1047 3731 1148 3805; x_wconf 84' lang='lat' dir='ltr'><strong>quinta</strong></span> <span class='ocrx_word' id='word_1_311' title='bbox 1170 3740 1198 3791; x_wconf 91' lang='lat' dir='ltr'><strong>et</strong></span> <span class='ocrx_word' id='word_1_312' title='bbox 1222 3744 1339 3812; x_wconf 85' lang='lat' dir='ltr'><strong>quarta,</strong></span> <span class='ocrx_word' id='word_1_313' title='bbox 1371 3742 1399 3798; x_wconf 89' lang='lat' dir='ltr'><strong>in</strong></span> <span class='ocrx_word' id='word_1_314' title='bbox 1423 3740 1482 3801; x_wconf 91' lang='lat' dir='ltr'><strong>alio</strong></span> <span class='ocrx_word' id='word_1_315' title='bbox 1516 3753 1588 3806; x_wconf 93' lang='lat' dir='ltr'><strong>tono</strong></span> 
     </span>
     <span class='ocr_line' id='line_1_30' title="bbox 251 3817 1589 3909; baseline -0.007 -20"><span class='ocrx_word' id='word_1_316' title='bbox 251 3835 352 3909; x_wconf 88' lang='lat' dir='ltr'><strong>quinta</strong></span> <span class='ocrx_word' id='word_1_317' title='bbox 375 3839 418 3892; x_wconf 86' lang='lat' dir='ltr'><strong>eat</strong></span> <span class='ocrx_word' id='word_1_318' title='bbox 440 3828 573 3887; x_wconf 85' lang='lat' dir='ltr'><strong>interiore</strong></span> <span class='ocrx_word' id='word_1_319' title='bbox 594 3822 668 3895; x_wconf 91' lang='lat' dir='ltr'><strong>loco,</strong></span> <span class='ocrx_word' id='word_1_320' title='bbox 692 3819 749 3879; x_wconf 86' lang='lat' dir='ltr'><strong>alio</strong></span> <span class='ocrx_word' id='word_1_321' title='bbox 771 3829 883 3897; x_wconf 84' lang='lat' dir='ltr'><strong>quarta.</strong></span> <span class='ocrx_word' id='word_1_322' title='bbox 921 3817 1007 3895; x_wconf 87' lang='lat' dir='ltr'><strong>Quod</strong></span> <span class='ocrx_word' id='word_1_323' title='bbox 1028 3819 1071 3877; x_wconf 87' lang='lat' dir='ltr'><strong>sic</strong></span> <span class='ocrx_word' id='word_1_324' title='bbox 1085 3818 1315 3895; x_wconf 82' lang='lat' dir='ltr'><strong>intelligendum:</strong></span> <span class='ocrx_word' id='word_1_325' title='bbox 1339 3835 1442 3887; x_wconf 86' lang='lat' dir='ltr'><strong>cantus</strong></span> <span class='ocrx_word' id='word_1_326' title='bbox 1464 3847 1517 3907; x_wconf 87' lang='lat' dir='ltr'><strong>per</strong></span> <span class='ocrx_word' id='word_1_327' title='bbox 1539 3836 1589 3893; x_wconf 69' lang='lat' dir='ltr'><strong>in.</strong></span> 
     </span>
     <span class='ocr_line' id='line_1_31' title="bbox 251 3906 1589 3984; baseline 0.001 -5"><span class='ocrx_word' id='word_1_328' title='bbox 251 3919 373 3979; x_wconf 86' lang='lat' dir='ltr'><strong>tervalla</strong></span> <span class='ocrx_word' id='word_1_329' title='bbox 395 3914 557 3978; x_wconf 86' lang='lat' dir='ltr'><strong>aemulatur</strong></span> <span class='ocrx_word' id='word_1_330' title='bbox 583 3907 811 3970; x_wconf 83' lang='lat' dir='ltr'><strong>concordantias.</strong></span> <span class='ocrx_word' id='word_1_331' title='bbox 855 3906 930 3966; x_wconf 88' lang='lat' dir='ltr'><strong>Nam</strong></span> <span class='ocrx_word' id='word_1_332' title='bbox 943 3918 1015 3967; x_wconf 85' lang='lat' dir='ltr'><strong>&#39;una</strong></span> <span class='ocrx_word' id='word_1_333' title='bbox 1037 3919 1095 3963; x_wconf 85' lang='lat' dir='ltr'><strong>vox</strong></span> <span class='ocrx_word' id='word_1_334' title='bbox 1115 3921 1174 3963; x_wconf 90' lang='lat' dir='ltr'><strong>non</strong></span> <span class='ocrx_word' id='word_1_335' title='bbox 1201 3917 1297 3984; x_wconf 89' lang='lat' dir='ltr'><strong>potest</strong></span> <span class='ocrx_word' id='word_1_336' title='bbox 1326 3917 1440 3974; x_wconf 87' lang='lat' dir='ltr'><strong>causari</strong></span> <span class='ocrx_word' id='word_1_337' title='bbox 1462 3934 1589 3981; x_wconf 91' lang='lat' dir='ltr'><strong>concor-</strong></span> 
     </span>
     <span class='ocr_line' id='line_1_32' title="bbox 252 3993 1589 4081; baseline 0 -14"><span class='ocrx_word' id='word_1_338' title='bbox 252 4007 394 4080; x_wconf 89' lang='lat' dir='ltr'><strong>dantiam,</strong></span> <span class='ocrx_word' id='word_1_339' title='bbox 418 4010 531 4081; x_wconf 89' lang='lat' dir='ltr'><strong>oportet</strong></span> <span class='ocrx_word' id='word_1_340' title='bbox 558 3999 630 4057; x_wconf 89' lang='lat' dir='ltr'><strong>duas</strong></span> <span class='ocrx_word' id='word_1_341' title='bbox 661 4012 839 4056; x_wconf 88' lang='lat' dir='ltr'><strong>concurrere.-</strong></span> <span class='ocrx_word' id='word_1_342' title='bbox 879 3993 965 4070; x_wconf 89' lang='lat' dir='ltr'><strong>Quod</strong></span> <span class='ocrx_word' id='word_1_343' title='bbox 995 3994 1081 4070; x_wconf 83' lang='lat' dir='ltr'><strong>igitur</strong></span> <span class='ocrx_word' id='word_1_344' title='bbox 1103 4008 1177 4052; x_wconf 88' lang='lat' dir='ltr'><strong>unns</strong></span> <span class='ocrx_word' id='word_1_345' title='bbox 1199 3993 1285 4057; x_wconf 90' lang='lat' dir='ltr'><strong>homo</strong></span> <span class='ocrx_word' id='word_1_346' title='bbox 1313 3999 1416 4061; x_wconf 87' lang='lat' dir='ltr'><strong>eodem</strong></span> <span class='ocrx_word' id='word_1_347' title='bbox 1438 4017 1589 4068; x_wconf 90' lang='lat' dir='ltr'><strong>momento</strong></span> 
     </span>
     <span class='ocr_line' id='line_1_33' title="bbox 251 4078 1588 4171; baseline -0.001 -16"><span class='ocrx_word' id='word_1_348' title='bbox 251 4112 309 4155; x_wconf 92' lang='lat' dir='ltr'><strong>non</strong></span> <span class='ocrx_word' id='word_1_349' title='bbox 330 4101 440 4171; x_wconf 90' lang='lat' dir='ltr'><strong>potest,</strong></span> <span class='ocrx_word' id='word_1_350' title='bbox 471 4090 608 4164; x_wconf 91' lang='lat' dir='ltr'><strong>temporis</strong></span> <span class='ocrx_word' id='word_1_351' title='bbox 631 4092 724 4144; x_wconf 83' lang='lat' dir='ltr'><strong>tractu</strong></span> <span class='ocrx_word' id='word_1_352' title='bbox 746 4083 842 4143; x_wconf 92' lang='lat' dir='ltr'><strong>studet</strong></span> <span class='ocrx_word' id='word_1_353' title='bbox 865 4085 1035 4158; x_wconf 83' lang='lat' dir='ltr'><strong>exprimere,</strong></span> <span class='ocrx_word' id='word_1_354' title='bbox 1059 4078 1191 4140; x_wconf 87' lang='lat' dir='ltr'><strong>saltando</strong></span> <span class='ocrx_word' id='word_1_355' title='bbox 1214 4084 1252 4144; x_wconf 92' lang='lat' dir='ltr'><strong>ab</strong></span> <span class='ocrx_word' id='word_1_356' title='bbox 1271 4103 1329 4145; x_wconf 90' lang='lat' dir='ltr'><strong>una</strong></span> <span class='ocrx_word' id='word_1_357' title='bbox 1343 4105 1416 4150; x_wconf 86' lang='lat' dir='ltr'><strong>voce</strong></span> <span class='ocrx_word' id='word_1_358' title='bbox 1438 4107 1491 4166; x_wconf 92' lang='lat' dir='ltr'><strong>per</strong></span> <span class='ocrx_word' id='word_1_359' title='bbox 1513 4111 1588 4153; x_wconf 92' lang='lat' dir='ltr'><strong>con-</strong></span> 
     </span>
     <span class='ocr_line' id='line_1_34' title="bbox 251 4169 1588 4258; baseline 0.001 -18"><span class='ocrx_word' id='word_1_360' title='bbox 251 4191 336 4258; x_wconf 70' lang='lat' dir='ltr'><strong>sueta</strong></span> <span class='ocrx_word' id='word_1_361' title='bbox 352 4177 512 4254; x_wconf 76' lang='lat' dir='ltr'><strong>¹inteisalla</strong></span> <span class='ocrx_word' id='word_1_362' title='bbox 533 4173 571 4235; x_wconf 93' lang='lat' dir='ltr'><strong>ad</strong></span> <span class='ocrx_word' id='word_1_363' title='bbox 595 4189 697 4234; x_wconf 84' lang='lat' dir='ltr'><strong>vocem</strong></span> <span class='ocrx_word' id='word_1_364' title='bbox 719 4169 947 4244; x_wconf 90' lang='lat' dir='ltr'><strong>concordantem,</strong></span> <span class='ocrx_word' id='word_1_365' title='bbox 971 4174 1058 4245; x_wconf 89' lang='lat' dir='ltr'><strong>inque</strong></span> <span class='ocrx_word' id='word_1_366' title='bbox 1080 4183 1116 4227; x_wconf 90' lang='lat' dir='ltr'><strong>ea</strong></span> <span class='ocrx_word' id='word_1_367' title='bbox 1137 4169 1251 4231; x_wconf 90' lang='lat' dir='ltr'><strong>oberrat</strong></span> <span class='ocrx_word' id='word_1_368' title='bbox 1269 4176 1435 4236; x_wconf 86' lang='lat' dir='ltr'><strong>notabiliter</strong></span> <span class='ocrx_word' id='word_1_369' title='bbox 1449 4184 1588 4256; x_wconf 90' lang='lat' dir='ltr'><strong>saepius·</strong></span> 
     </span>
     <span class='ocr_line' id='line_1_35' title="bbox 247 4245 1588 4347; baseline 0.002 -21"><span class='ocrx_word' id='word_1_370' title='bbox 247 4245 370 4347; x_wconf 64' lang='lat' dir='ltr'><strong>‘qde&#39;qb</strong></span> <span class='ocrx_word' id='word_1_371' title='bbox 390 4286 427 4338; x_wconf 84' lang='lat' dir='ltr'><strong>ea</strong></span> <span class='ocrx_word' id='word_1_372' title='bbox 457 4282 508 4326; x_wconf 91' lang='lat' dir='ltr'><strong>ceu</strong></span> <span class='ocrx_word' id='word_1_373' title='bbox 537 4278 626 4339; x_wconf 85' lang='lat' dir='ltr'><strong>scopo</strong></span> <span class='ocrx_word' id='word_1_374' title='bbox 654 4254 731 4319; x_wconf 78' lang='lat' dir='ltr'><strong>tadto</strong></span> <span class='ocrx_word' id='word_1_375' title='bbox 756 4258 831 4319; x_wconf 89' lang='lat' dir='ltr'><strong>redit</strong></span> <span class='ocrx_word' id='word_1_376' title='bbox 858 4260 888 4316; x_wconf 92' lang='lat' dir='ltr'><strong>in</strong></span> <span class='ocrx_word' id='word_1_377' title='bbox 910 4260 1014 4334; x_wconf 86' lang='lat' dir='ltr'><strong>priora.</strong></span> <span class='ocrx_word' id='word_1_378' title='bbox 1059 4254 1144 4314; x_wconf 81' lang='lat' dir='ltr'><strong>Alius</strong></span> <span class='ocrx_word' id='word_1_379' title='bbox 1165 4258 1252 4334; x_wconf 77' lang='lat' dir='ltr'><strong>igitur</strong></span> <span class='ocrx_word' id='word_1_380' title='bbox 1278 4270 1364 4322; x_wconf 87' lang='lat' dir='ltr'><strong>tonus</strong></span> <span class='ocrx_word' id='word_1_381' title='bbox 1386 4271 1431 4341; x_wconf 89' lang='lat' dir='ltr'><strong>est</strong></span> <span class='ocrx_word' id='word_1_382' title='bbox 1458 4271 1588 4329; x_wconf 88' lang='lat' dir='ltr'><strong>eumad</strong></span> 
     </span>
     <span class='ocr_line' id='line_1_36' title="bbox 252 4344 1587 4435; baseline 0.002 -22"><span class='ocrx_word' id='word_1_383' title='bbox 252 4347 393 4435; x_wconf 66' lang='lat' dir='ltr'><strong>quarum,</strong></span> <span class='ocrx_word' id='word_1_384' title='bbox 415 4354 491 4413; x_wconf 91' lang='lat' dir='ltr'><strong>alius</strong></span> <span class='ocrx_word' id='word_1_385' title='bbox 513 4368 579 4410; x_wconf 88' lang='lat' dir='ltr'><strong>cnm</strong></span> <span class='ocrx_word' id='word_1_386' title='bbox 600 4347 639 4408; x_wconf 91' lang='lat' dir='ltr'><strong>ad</strong></span> <span class='ocrx_word' id='word_1_387' title='bbox 661 4350 790 4423; x_wconf 88' lang='lat' dir='ltr'><strong>quintam</strong></span> <span class='ocrx_word' id='word_1_388' title='bbox 813 4345 989 4406; x_wconf 82' lang='lat' dir='ltr'><strong>collimatur:</strong></span> <span class='ocrx_word' id='word_1_389' title='bbox 1024 4344 1167 4403; x_wconf 68' lang='lat' dir='ltr'><strong>Vidimac</strong></span> <span class='ocrx_word' id='word_1_390' title='bbox 1183 4348 1321 4421; x_wconf 74' lang='lat' dir='ltr'><strong>paucitati</strong></span> <span class='ocrx_word' id='word_1_391' title='bbox 1348 4351 1452 4410; x_wconf 78' lang='lat' dir='ltr'><strong>laudea</strong></span> <span class='ocrx_word' id='word_1_392' title='bbox 1473 4357 1587 4417; x_wconf 85' lang='lat' dir='ltr'><strong>immo-</strong></span> 
     </span>
     <span class='ocr_line' id='line_1_37' title="bbox 252 4431 1588 4513; baseline -0.001 -9"><span class='ocrx_word' id='word_1_393' title='bbox 252 4447 313 4504; x_wconf 81' lang='lat' dir='ltr'><strong>lent</strong></span> <span class='ocrx_word' id='word_1_394' title='bbox 338 4441 510 4513; x_wconf 68' lang='lat' dir='ltr'><strong>olamans,</strong></span> <span class='ocrx_word' id='word_1_395' title='bbox 534 4454 633 4513; x_wconf 78' lang='lat' dir='ltr'><strong>opaca</strong></span> <span class='ocrx_word' id='word_1_396' title='bbox 653 4436 776 4494; x_wconf 79' lang='lat' dir='ltr'><strong>redemit</strong></span> <span class='ocrx_word' id='word_1_397' title='bbox 797 4452 873 4495; x_wconf 71' lang='lat' dir='ltr'><strong>oum.</strong></span> <span class='ocrx_word' id='word_1_398' title='bbox 916 4433 974 4494; x_wconf 84' lang='lat' dir='ltr'><strong>llic</strong></span> <span class='ocrx_word' id='word_1_399' title='bbox 995 4434 1096 4510; x_wconf 90' lang='lat' dir='ltr'><strong>quinta</strong></span> <span class='ocrx_word' id='word_1_400' title='bbox 1118 4431 1177 4506; x_wconf 85' lang='lat' dir='ltr'><strong>vel,</strong></span> <span class='ocrx_word' id='word_1_401' title='bbox 1203 4435 1280 4509; x_wconf 88' lang='lat' dir='ltr'><strong>quod</strong></span> <span class='ocrx_word' id='word_1_402' title='bbox 1301 4437 1392 4511; x_wconf 91' lang='lat' dir='ltr'><strong>idern,</strong></span> <span class='ocrx_word' id='word_1_403' title='bbox 1426 4439 1502 4501; x_wconf 88' lang='lat' dir='ltr'><strong>dnae</strong></span> <span class='ocrx_word' id='word_1_404' title='bbox 1525 4451 1588 4505; x_wconf 89' lang='lat' dir='ltr'><strong>ter-</strong></span> 
     </span>
     <span class='ocr_line' id='line_1_38' title="bbox 252 4522 1586 4607; baseline 0.005 -23"><span class='ocrx_word' id='word_1_405' title='bbox 252 4535 309 4593; x_wconf 71' lang='lat' dir='ltr'><strong>tiae</strong></span> <span class='ocrx_word' id='word_1_406' title='bbox 332 4539 400 4594; x_wconf 79' lang='lat' dir='ltr'><strong>sunt</strong></span> <span class='ocrx_word' id='word_1_407' title='bbox 422 4528 553 4587; x_wconf 81' lang='lat' dir='ltr'><strong>inferiore</strong></span> <span class='ocrx_word' id='word_1_408' title='bbox 568 4525 649 4599; x_wconf 89' lang='lat' dir='ltr'><strong>loco,</strong></span> <span class='ocrx_word' id='word_1_409' title='bbox 673 4522 750 4599; x_wconf 88' lang='lat' dir='ltr'><strong>qnod</strong></span> <span class='ocrx_word' id='word_1_410' title='bbox 773 4532 888 4583; x_wconf 89' lang='lat' dir='ltr'><strong>notatur</strong></span> <span class='ocrx_word' id='word_1_411' title='bbox 909 4522 1043 4601; x_wconf 83' lang='lat' dir='ltr'><strong>syllabis:</strong></span> <span class='ocrx_word' id='word_1_412' title='bbox 1071 4522 1156 4594; x_wconf 82' lang='lat' dir='ltr'><strong>vict,</strong></span> <span class='ocrx_word' id='word_1_413' title='bbox 1188 4523 1287 4598; x_wconf 79' lang='lat' dir='ltr'><strong>laud,</strong></span> <span class='ocrx_word' id='word_1_414' title='bbox 1314 4528 1413 4600; x_wconf 62' lang='lat' dir='ltr'><strong>imm„</strong></span> <span class='ocrx_word' id='word_1_415' title='bbox 1437 4528 1508 4598; x_wconf 69' lang='lat' dir='ltr'><strong>bnt,</strong></span> <span class='ocrx_word' id='word_1_416' title='bbox 1532 4551 1586 4607; x_wconf 79' lang='lat' dir='ltr'><strong>aa,</strong></span> 
     </span>
     <span class='ocr_line' id='line_1_39' title="bbox 251 4616 1351 4699; baseline -0.006 -20"><span class='ocrx_word' id='word_1_417' title='bbox 251 4618 277 4699; x_wconf 81' lang='lat' dir='ltr'><strong>i,</strong></span> <span class='ocrx_word' id='word_1_418' title='bbox 300 4638 385 4698; x_wconf 72' lang='lat' dir='ltr'><strong>epm,</strong></span> <span class='ocrx_word' id='word_1_419' title='bbox 406 4616 488 4689; x_wconf 81' lang='lat' dir='ltr'><strong>red,</strong></span> <span class='ocrx_word' id='word_1_420' title='bbox 509 4631 565 4672; x_wconf 86' lang='lat' dir='ltr'><strong>em.</strong></span> <span class='ocrx_word' id='word_1_421' title='bbox 1344 4631 1351 4641; x_wconf 94' lang='lat'><strong>·</strong></span> 
     </span>
    </p>

    <p class='ocr_par' dir='ltr' id='par_1_8' title="bbox 223 4694 1586 5225">
     <span class='ocr_line' id='line_1_40' title="bbox 339 4694 1586 4777; baseline -0.002 -12"><span class='ocrx_word' id='word_1_422' title='bbox 339 4707 441 4766; x_wconf 84' lang='lat' dir='ltr'><strong>Altera</strong></span> <span class='ocrx_word' id='word_1_423' title='bbox 468 4718 557 4762; x_wconf 89' lang='lat' dir='ltr'><strong>causa</strong></span> <span class='ocrx_word' id='word_1_424' title='bbox 585 4709 642 4772; x_wconf 88' lang='lat' dir='ltr'><strong>est,</strong></span> <span class='ocrx_word' id='word_1_425' title='bbox 677 4717 742 4759; x_wconf 90' lang='lat' dir='ltr'><strong>cum</strong></span> <span class='ocrx_word' id='word_1_426' title='bbox 770 4697 858 4758; x_wconf 91' lang='lat' dir='ltr'><strong>durus</strong></span> <span class='ocrx_word' id='word_1_427' title='bbox 889 4706 990 4759; x_wconf 90' lang='lat' dir='ltr'><strong>cantus</strong></span> <span class='ocrx_word' id='word_1_428' title='bbox 1018 4713 1070 4774; x_wconf 94' lang='lat' dir='ltr'><strong>pro</strong></span> <span class='ocrx_word' id='word_1_429' title='bbox 1092 4694 1171 4754; x_wconf 94' lang='lat' dir='ltr'><strong>molli</strong></span> <span class='ocrx_word' id='word_1_430' title='bbox 1199 4698 1327 4759; x_wconf 91' lang='lat' dir='ltr'><strong>sumitur.</strong></span> <span class='ocrx_word' id='word_1_431' title='bbox 1372 4699 1488 4777; x_wconf 85' lang='lat' dir='ltr'><strong>Tertia,</strong></span> <span class='ocrx_word' id='word_1_432' title='bbox 1520 4723 1586 4766; x_wconf 89' lang='lat' dir='ltr'><strong>oum</strong></span> 
     </span>
     <span class='ocr_line' id='line_1_41' title="bbox 252 4780 1585 4874; baseline -0.002 -17"><span class='ocrx_word' id='word_1_433' title='bbox 252 4813 344 4874; x_wconf 85' lang='lat' dir='ltr'><strong>parva</strong></span> <span class='ocrx_word' id='word_1_434' title='bbox 369 4790 523 4854; x_wconf 86' lang='lat' dir='ltr'><strong>intervalla</strong></span> <span class='ocrx_word' id='word_1_435' title='bbox 548 4798 616 4846; x_wconf 88' lang='lat' dir='ltr'><strong>sunt</strong></span> <span class='ocrx_word' id='word_1_436' title='bbox 643 4789 768 4847; x_wconf 84' lang='lat' dir='ltr'><strong>interiori</strong></span> <span class='ocrx_word' id='word_1_437' title='bbox 799 4787 844 4848; x_wconf 89' lang='lat' dir='ltr'><strong>vel</strong></span> <span class='ocrx_word' id='word_1_438' title='bbox 875 4787 1015 4864; x_wconf 88' lang='lat' dir='ltr'><strong>superiori</strong></span> <span class='ocrx_word' id='word_1_439' title='bbox 1044 4781 1117 4843; x_wconf 93' lang='lat' dir='ltr'><strong>loco.</strong></span> <span class='ocrx_word' id='word_1_440' title='bbox 1167 4780 1277 4857; x_wconf 89' lang='lat' dir='ltr'><strong>Quarta</strong></span> <span class='ocrx_word' id='word_1_441' title='bbox 1305 4788 1442 4849; x_wconf 89' lang='lat' dir='ltr'><strong>accedere</strong></span> <span class='ocrx_word' id='word_1_442' title='bbox 1471 4801 1585 4867; x_wconf 90' lang='lat' dir='ltr'><strong>potest:</strong></span> 
     </span>
     <span class='ocr_line' id='line_1_42' title="bbox 253 4868 1586 4957; baseline -0.006 -13"><span class='ocrx_word' id='word_1_443' title='bbox 253 4902 318 4945; x_wconf 90' lang='lat' dir='ltr'><strong>cum</strong></span> <span class='ocrx_word' id='word_1_444' title='bbox 340 4883 378 4943; x_wconf 91' lang='lat' dir='ltr'><strong>ad</strong></span> <span class='ocrx_word' id='word_1_445' title='bbox 400 4878 619 4942; x_wconf 87' lang='lat' dir='ltr'><strong>concordantias</strong></span> <span class='ocrx_word' id='word_1_446' title='bbox 641 4877 782 4953; x_wconf 88' lang='lat' dir='ltr'><strong>periectas</strong></span> <span class='ocrx_word' id='word_1_447' title='bbox 805 4875 851 4935; x_wconf 86' lang='lat' dir='ltr'><strong>val</strong></span> <span class='ocrx_word' id='word_1_448' title='bbox 873 4874 1054 4951; x_wconf 80' lang='lat' dir='ltr'><strong>imperfectas</strong></span> <span class='ocrx_word' id='word_1_449' title='bbox 1076 4868 1237 4930; x_wconf 91' lang='lat' dir='ltr'><strong>collimatur</strong></span> <span class='ocrx_word' id='word_1_450' title='bbox 1257 4875 1395 4942; x_wconf 83' lang='lat' dir='ltr'><strong>canendo.</strong></span> <span class='ocrx_word' id='word_1_451' title='bbox 1434 4875 1586 4957; x_wconf 85' lang='lat' dir='ltr'><strong>Quidquid</strong></span> 
     </span>
     <span class='ocr_line' id='line_1_43' title="bbox 223 4957 1585 5045; baseline -0.003 -14"><span class='ocrx_word' id='word_1_452' title='bbox 223 4982 351 5031; x_wconf 74' lang='lat' dir='ltr'><strong>autem</strong></span> <span class='ocrx_word' id='word_1_453' title='bbox 373 4969 460 5030; x_wconf 90' lang='lat' dir='ltr'><strong>hodie</strong></span> <span class='ocrx_word' id='word_1_454' title='bbox 487 4984 523 5027; x_wconf 88' lang='lat' dir='ltr'><strong>ex</strong></span> <span class='ocrx_word' id='word_1_455' title='bbox 543 4971 647 5023; x_wconf 90' lang='lat' dir='ltr'><strong>natura</strong></span> <span class='ocrx_word' id='word_1_456' title='bbox 676 4963 803 5042; x_wconf 91' lang='lat' dir='ltr'><strong>depromi</strong></span> <span class='ocrx_word' id='word_1_457' title='bbox 832 4970 929 5039; x_wconf 89' lang='lat' dir='ltr'><strong>potest</strong></span> <span class='ocrx_word' id='word_1_458' title='bbox 955 4958 992 5019; x_wconf 87' lang='lat' dir='ltr'><strong>ad</strong></span> <span class='ocrx_word' id='word_1_459' title='bbox 1021 4957 1241 5034; x_wconf 84' lang='lat' dir='ltr'><strong>explicationem</strong></span> <span class='ocrx_word' id='word_1_460' title='bbox 1269 4978 1405 5037; x_wconf 83' lang='lat' dir='ltr'><strong>genemm</strong></span> <span class='ocrx_word' id='word_1_461' title='bbox 1433 4963 1585 5045; x_wconf 88' lang='lat' dir='ltr'><strong>diatonici,</strong></span> 
     </span>
     <span class='ocr_line' id='line_1_44' title="bbox 254 5046 1586 5131; baseline -0.004 -12"><span class='ocrx_word' id='word_1_462' title='bbox 254 5060 421 5131; x_wconf 84' lang='lat' dir='ltr'><strong>enarmonii,</strong></span> <span class='ocrx_word' id='word_1_463' title='bbox 445 5053 625 5125; x_wconf 87' lang='lat' dir='ltr'><strong>chromatici,</strong></span> <span class='ocrx_word' id='word_1_464' title='bbox 653 5054 681 5110; x_wconf 92' lang='lat' dir='ltr'><strong>in</strong></span> <span class='ocrx_word' id='word_1_465' title='bbox 705 5069 763 5128; x_wconf 88' lang='lat' dir='ltr'><strong>qua</strong></span> <span class='ocrx_word' id='word_1_466' title='bbox 784 5053 904 5111; x_wconf 89' lang='lat' dir='ltr'><strong>materia</strong></span> <span class='ocrx_word' id='word_1_467' title='bbox 927 5056 1037 5108; x_wconf 86' lang='lat' dir='ltr'><strong>veteres</strong></span> <span class='ocrx_word' id='word_1_468' title='bbox 1066 5046 1147 5106; x_wconf 90' lang='lat' dir='ltr'><strong>multi</strong></span> <span class='ocrx_word' id='word_1_469' title='bbox 1174 5054 1253 5106; x_wconf 91' lang='lat' dir='ltr'><strong>sunt:</strong></span> <span class='ocrx_word' id='word_1_470' title='bbox 1283 5050 1313 5109; x_wconf 90' lang='lat' dir='ltr'><strong>id</strong></span> <span class='ocrx_word' id='word_1_471' title='bbox 1334 5060 1405 5127; x_wconf 90' lang='lat' dir='ltr'><strong>puto</strong></span> <span class='ocrx_word' id='word_1_472' title='bbox 1436 5069 1586 5116; x_wconf 86' lang='lat' dir='ltr'><strong>excausa</strong></span> 
     </span>
     <span class='ocr_line' id='line_1_45' title="bbox 252 5135 1293 5225; baseline -0.012 -18"><span class='ocrx_word' id='word_1_473' title='bbox 252 5148 380 5209; x_wconf 86' lang='lat' dir='ltr'><strong>secunda</strong></span> <span class='ocrx_word' id='word_1_474' title='bbox 402 5144 462 5225; x_wconf 77' lang='lat' dir='ltr'><strong>(de</strong></span> <span class='ocrx_word' id='word_1_475' title='bbox 472 5151 558 5203; x_wconf 87' lang='lat' dir='ltr'><strong>cantu</strong></span> <span class='ocrx_word' id='word_1_476' title='bbox 582 5139 652 5199; x_wconf 87' lang='lat' dir='ltr'><strong>duro</strong></span> <span class='ocrx_word' id='word_1_477' title='bbox 675 5147 704 5199; x_wconf 93' lang='lat' dir='ltr'><strong>et</strong></span> <span class='ocrx_word' id='word_1_478' title='bbox 725 5137 816 5218; x_wconf 86' lang='lat' dir='ltr'><strong>molli)</strong></span> <span class='ocrx_word' id='word_1_479' title='bbox 838 5140 984 5213; x_wconf 88' lang='lat' dir='ltr'><strong>etiamque</strong></span> <span class='ocrx_word' id='word_1_480' title='bbox 1006 5143 1109 5210; x_wconf 86' lang='lat' dir='ltr'><strong>quarta</strong></span> <span class='ocrx_word' id='word_1_481' title='bbox 1129 5135 1293 5211; x_wconf 88' lang='lat' dir='ltr'><strong>petendum</strong></span> 
     </span>
    </p>

    <p class='ocr_par' dir='ltr' id='par_1_9' title="bbox 253 5223 1584 5482">
     <span class='ocr_line' id='line_1_46' title="bbox 333 5223 1584 5309; baseline -0.002 -16"><span class='ocrx_word' id='word_1_482' title='bbox 333 5235 389 5298; x_wconf 92' lang='lat' dir='ltr'><strong>De</strong></span> <span class='ocrx_word' id='word_1_483' title='bbox 412 5238 545 5309; x_wconf 85' lang='lat' dir='ltr'><strong>quarta</strong></span> <span class='ocrx_word' id='word_1_484' title='bbox 566 5237 687 5305; x_wconf 85' lang='lat' dir='ltr'><strong>parte,</strong></span> <span class='ocrx_word' id='word_1_485' title='bbox 711 5236 744 5286; x_wconf 91' lang='lat' dir='ltr'><strong>ut</strong></span> <span class='ocrx_word' id='word_1_486' title='bbox 762 5226 824 5304; x_wconf 91' lang='lat' dir='ltr'><strong>jam</strong></span> <span class='ocrx_word' id='word_1_487' title='bbox 845 5226 1032 5302; x_wconf 87' lang='lat' dir='ltr'><strong>praemissum</strong></span> <span class='ocrx_word' id='word_1_488' title='bbox 1055 5231 1107 5296; x_wconf 90' lang='lat' dir='ltr'><strong>est,</strong></span> <span class='ocrx_word' id='word_1_489' title='bbox 1129 5240 1230 5299; x_wconf 87' lang='lat' dir='ltr'><strong>parurn</strong></span> <span class='ocrx_word' id='word_1_490' title='bbox 1251 5223 1343 5284; x_wconf 90' lang='lat' dir='ltr'><strong>dicere</strong></span> <span class='ocrx_word' id='word_1_491' title='bbox 1358 5242 1494 5304; x_wconf 80' lang='lat' dir='ltr'><strong>possum3</strong></span> <span class='ocrx_word' id='word_1_492' title='bbox 1517 5223 1584 5292; x_wconf 90' lang='lat' dir='ltr'><strong>ideo</strong></span> 
     </span>
     <span class='ocr_line' id='line_1_47' title="bbox 253 5310 1583 5400; baseline -0.005 -17"><span class='ocrx_word' id='word_1_493' title='bbox 253 5326 282 5381; x_wconf 93' lang='lat' dir='ltr'><strong>in</strong></span> <span class='ocrx_word' id='word_1_494' title='bbox 300 5338 445 5400; x_wconf 87' lang='lat' dir='ltr'><strong>praesens</strong></span> <span class='ocrx_word' id='word_1_495' title='bbox 472 5317 543 5378; x_wconf 90' lang='lat' dir='ltr'><strong>nihil</strong></span> <span class='ocrx_word' id='word_1_496' title='bbox 567 5315 670 5377; x_wconf 86' lang='lat' dir='ltr'><strong>dicam.</strong></span> <span class='ocrx_word' id='word_1_497' title='bbox 715 5313 847 5392; x_wconf 85' lang='lat' dir='ltr'><strong>Epistola</strong></span> <span class='ocrx_word' id='word_1_498' title='bbox 874 5315 949 5371; x_wconf 91' lang='lat' dir='ltr'><strong>enim</strong></span> <span class='ocrx_word' id='word_1_499' title='bbox 979 5318 1026 5369; x_wconf 88' lang='lat' dir='ltr'><strong>sat</strong></span> <span class='ocrx_word' id='word_1_500' title='bbox 1046 5310 1158 5387; x_wconf 82' lang='lat' dir='ltr'><strong>prolixa</strong></span> <span class='ocrx_word' id='word_1_501' title='bbox 1187 5319 1238 5370; x_wconf 91' lang='lat' dir='ltr'><strong>est.</strong></span> <span class='ocrx_word' id='word_1_502' title='bbox 1284 5311 1320 5371; x_wconf 90' lang='lat' dir='ltr'><strong>D.</strong></span> <span class='ocrx_word' id='word_1_503' title='bbox 1344 5316 1373 5373; x_wconf 77' lang='lat'><strong>2.</strong></span> <span class='ocrx_word' id='word_1_504' title='bbox 1396 5312 1463 5374; x_wconf 87' lang='lat' dir='ltr'><strong>Jan.</strong></span> <span class='ocrx_word' id='word_1_505' title='bbox 1491 5320 1583 5380; x_wconf 76' lang='lat'><strong>1607.</strong></span> 
     </span>
     <span class='ocr_line' id='line_1_48' title="bbox 255 5397 1394 5482; baseline -0.01 -11"><span class='ocrx_word' id='word_1_506' title='bbox 255 5411 328 5473; x_wconf 85' lang='lat' dir='ltr'><strong>Vale</strong></span> <span class='ocrx_word' id='word_1_507' title='bbox 351 5410 426 5470; x_wconf 88' lang='lat' dir='ltr'><strong>Nob.</strong></span> <span class='ocrx_word' id='word_1_508' title='bbox 450 5417 479 5467; x_wconf 90' lang='lat' dir='ltr'><strong>et</strong></span> <span class='ocrx_word' id='word_1_509' title='bbox 501 5406 581 5482; x_wconf 81' lang='lat' dir='ltr'><strong>Mag.</strong></span> <span class='ocrx_word' id='word_1_510' title='bbox 604 5404 666 5478; x_wconf 89' lang='lat' dir='ltr'><strong>Vir,</strong></span> <span class='ocrx_word' id='word_1_511' title='bbox 689 5419 793 5479; x_wconf 88' lang='lat' dir='ltr'><strong>meque</strong></span> <span class='ocrx_word' id='word_1_512' title='bbox 814 5417 898 5478; x_wconf 90' lang='lat' dir='ltr'><strong>porro</strong></span> <span class='ocrx_word' id='word_1_513' title='bbox 921 5414 1037 5475; x_wconf 89' lang='lat' dir='ltr'><strong>quoqne</strong></span> <span class='ocrx_word' id='word_1_514' title='bbox 1059 5397 1289 5460; x_wconf 91' lang='lat' dir='ltr'><strong>commendatum</strong></span> <span class='ocrx_word' id='word_1_515' title='bbox 1309 5399 1394 5460; x_wconf 86' lang='lat' dir='ltr'><strong>habe.</strong></span> 
     </span>
    </p>
   </div>
   <div class='ocr_carea' id='block_1_6' title="bbox 254 5500 1582 5648">
    <p class='ocr_par' dir='ltr' id='par_1_10' title="bbox 254 5500 1582 5648">
     <span class='ocr_line' id='line_1_49' title="bbox 341 5500 1582 5572; baseline -0.01 -10"><span class='ocrx_word' id='word_1_516' title='bbox 341 5515 386 5562; x_wconf 83' lang='lat' dir='ltr'><strong>llis</strong></span> <span class='ocrx_word' id='word_1_517' title='bbox 405 5511 474 5559; x_wconf 86' lang='lat' dir='ltr'><strong>addit</strong></span> <span class='ocrx_word' id='word_1_518' title='bbox 492 5510 611 5572; x_wconf 84' lang='lat' dir='ltr'><strong>lisplerus</strong></span> <span class='ocrx_word' id='word_1_519' title='bbox 630 5509 769 5570; x_wconf 84' lang='lat' dir='ltr'><strong>sequentia,</strong></span> <span class='ocrx_word' id='word_1_520' title='bbox 793 5506 915 5554; x_wconf 87' lang='lat' dir='ltr'><strong>nescimus</strong></span> <span class='ocrx_word' id='word_1_521' title='bbox 934 5507 1015 5551; x_wconf 88' lang='lat' dir='ltr'><strong>ntrnm</strong></span> <span class='ocrx_word' id='word_1_522' title='bbox 1033 5503 1084 5550; x_wconf 90' lang='lat' dir='ltr'><strong>slnt</strong></span> <span class='ocrx_word' id='word_1_523' title='bbox 1100 5503 1246 5563; x_wconf 80' lang='lat' dir='ltr'><strong>postscrlpta</strong></span> <span class='ocrx_word' id='word_1_524' title='bbox 1265 5500 1297 5549; x_wconf 83' lang='lat' dir='ltr'><strong>ad</strong></span> <span class='ocrx_word' id='word_1_525' title='bbox 1315 5505 1472 5563; x_wconf 81' lang='lat' dir='ltr'><strong>praemissam</strong></span> <span class='ocrx_word' id='word_1_526' title='bbox 1490 5510 1582 5570; x_wconf 65' lang='lat' dir='ltr'><strong>episto.</strong></span> 
     </span>
     <span class='ocr_line' id='line_1_50' title="bbox 254 5580 750 5648; baseline -0.016 -13"><span class='ocrx_word' id='word_1_527' title='bbox 254 5588 316 5648; x_wconf 86' lang='lat' dir='ltr'><strong>lam,</strong></span> <span class='ocrx_word' id='word_1_528' title='bbox 334 5599 366 5633; x_wconf 85' lang='lat' dir='ltr'><strong>an</strong></span> <span class='ocrx_word' id='word_1_529' title='bbox 384 5586 410 5631; x_wconf 92' lang='lat' dir='ltr'><strong>in</strong></span> <span class='ocrx_word' id='word_1_530' title='bbox 428 5594 499 5631; x_wconf 87' lang='lat' dir='ltr'><strong>sunm</strong></span> <span class='ocrx_word' id='word_1_531' title='bbox 517 5594 588 5629; x_wconf 88' lang='lat' dir='ltr'><strong>usum</strong></span> <span class='ocrx_word' id='word_1_532' title='bbox 606 5580 750 5641; x_wconf 81' lang='lat' dir='ltr'><strong>conscripta</strong></span> 
     </span>
    </p>
   </div>
   <div class='ocr_carea' id='block_1_7' title="bbox 340 5658 1098 5745">
    <p class='ocr_par' dir='ltr' id='par_1_11' title="bbox 340 5658 1098 5745">
     <span class='ocr_line' id='line_1_51' title="bbox 340 5658 1098 5745; baseline -0.021 -10"><span class='ocrx_word' id='word_1_533' title='bbox 340 5673 422 5734; x_wconf 89' lang='lat' dir='ltr'><strong>Haec</strong></span> <span class='ocrx_word' id='word_1_534' title='bbox 444 5678 512 5729; x_wconf 89' lang='lat' dir='ltr'><strong>tunc</strong></span> <span class='ocrx_word' id='word_1_535' title='bbox 532 5666 683 5745; x_wconf 89' lang='lat' dir='ltr'><strong>respondi,</strong></span> <span class='ocrx_word' id='word_1_536' title='bbox 705 5666 778 5727; x_wconf 88' lang='lat' dir='ltr'><strong>baec</strong></span> <span class='ocrx_word' id='word_1_537' title='bbox 799 5666 908 5742; x_wconf 84' lang='lat' dir='ltr'><strong>interea</strong></span> <span class='ocrx_word' id='word_1_538' title='bbox 929 5658 1098 5721; x_wconf 86' lang='lat' dir='ltr'><strong>inciderunt.</strong></span> 
     </span>
    </p>
   </div>
   <div class='ocr_carea' id='block_1_8' title="bbox 0 0 1853 7252">
    <p class='ocr_par' dir='ltr' id='par_1_12' title="bbox 0 0 1853 7252">
     <span class='ocr_line' id='line_1_52' title="bbox 0 0 1853 7252; baseline 0 0"><span class='ocrx_word' id='word_1_539' title='bbox 0 0 1853 7252; x_wconf 95' lang='lat' dir='ltr'><strong> </strong></span> 
     </span>
    </p>
   </div>
  </div>
 </body>
</html>
