3684 7259
599 1196 727 1258 ⁶24
1303 1184 1310 1190 ·
1354 1183 1420 1241 ιιι
1455 1181 1896 1242 stereometriam
1929 1176 2213 1240 nouorum
2243 1177 2565 1252 appendix.

595 1369 741 1435 eant,
776 1360 1287 1420 commensurabilia
1320 1375 1446 1417 esse
1479 1358 1557 1416 nil
1590 1357 1874 1442 prphihetz
1928 1364 2070 1425 quae
2103 1369 2234 1410 vero
2269 1353 2339 1411 de
2389 1370 2558 1411 curvo
2611 1352 2746 1409 nihil
2779 1349 3033 1424 hahent,
3089 1359 3154 1410 ut
3185 1353 3313 1411 cubi

595 1458 813 1516 eorpus.
847 1440 1014 1513 plane
1047 1448 1177 1496 sunt
1211 1442 1444 1495 incomm
1487 1501 1496 1508 ‚
1567 1511 1572 1518 Ι
1730 1438 1743 1450 ’
1812 1434 1885 1490 ad
1919 1434 2408 1511 quomodocunque
2444 1448 2628 1489 curva.

769 1509 1076 1592 Explicaho
1110 1519 1299 1575 latius.
1371 1435 1873 1668 ww„
1910 1524 1995 1569 est
2031 1512 2348 1584 simpliciter
2380 1522 2546 1583 recta,
2595 1511 3034 1567 circumferentia
3065 1522 3156 1570 est
3188 1515 3311 1569 sim·

597 1597 812 1673 pliciter
845 1613 1028 1654 curva.
1064 1599 1122 1653 in
1159 1598 1325 1670 plano
1359 1605 1560 1654 tamen.
1651 1599 1666 1611 ‘
1715 1599 1863 1664 *ergo
1900 1595 2060 1665 plane
2099 1594 2251 1650 nulla
2286 1594 2738 1650 commensuratio
2773 1610 2879 1649 nec
2911 1595 3312 1666 longitudinum

597 1694 702 1736 nec
736 1677 1132 1749 potentiarum,
1182 1678 1497 1749 primarum,
1544 1676 1909 1732 secundarum
1958 1674 2440 1728 centesimarumve
2487 1688 2660 1741 usque
2696 1673 2753 1727 in
2789 1671 3089 1736 infinitum,
3133 1690 3312 1744 neque

598 1754 922 1827 simplicium
943 1796 959 1825 ,
1010 1770 1194 1826 neque,
1213 1771 1368 1830 ,κατα
1413 1763 1874 1823 κροοθαφαιρεσιν
1911 1752 2069 1821 ρητου
2114 1752 2637 1807 transformatamm.
2711 1753 2799 1807 Ita
2833 1753 3164 1822 quadratum
3202 1756 3314 1810 dia·

598 1833 760 1891 metri
794 1841 883 1890 est
915 1841 1102 1897 totum,
1127 1835 1337 1890 rectum
1374 1844 1430 1890 et
1464 1835 1689 1906 planitie
1723 1842 1779 1889 et
1814 1832 2084 1900 terminis;
2124 1834 2348 1902 planum
2372 1831 2615 1901 inscripti
2641 1830 2830 1886 circuli
2856 1839 3068 1888 rectum
3092 1832 3314 1903 quidem

605 1920 692 1977 ast
728 1912 977 1983 planitie,
1016 1913 1115 1970 sed
1149 1930 1311 1978 curve
1346 1916 1717 1969 terminatum:
1771 1913 1909 1970 haec
1944 1911 2111 1981 igitur
2161 1905 2724 1966 incommensurabilis
2773 1910 2880 1965 hoe
2929 1912 3169 1967 nomine.
3238 1913 3316 1969 Et

599 2000 781 2047 tamen
816 1992 953 2047 haec
990 1992 1229 2048 conditio
1266 1999 1352 2048 est
1387 2009 1515 2048 vera
1536 2036 1549 2058 ‚
1601 1996 1647 2049 si
1700 1993 1885 2064 aliqua
1935 2005 2089 2054 recta
2130 1990 2446 2047 brevissima
2490 1988 2773 2043 metiretur
2804 1988 3312 2058 circumferentiam,

603 2071 724 2141 ejas
759 2077 940 2125 rectae
975 2071 1299 2142 quadratum
1336 2088 1682 2132 emensurum
1719 2073 1940 2144 planum
1975 2073 2190 2139 circuli,
2227 2084 2347 2125 cum
2386 2075 2679 2135 utrumque
2713 2068 2785 2123 sit
2820 2068 2924 2123 suh
2960 2085 3165 2140 genere
3199 2070 3313 2141 pla·

599 2157 806 2207 norum.
854 2150 1153 2221 Propterea
1173 2152 1448 2206 verissime
1472 2151 1861 2209 demonstravit
1872 2153 2240 2219 Archimedes,
2269 2148 2316 2204 si
2340 2146 2598 2214 trianguli
2610 2147 2909 2216 refflnguh
2932 2164 3060 2204 crus
3080 2150 3314 2206 alterum

601 2232 676 2286 sit
710 2228 911 2297 radius,
948 2229 1178 2284 alterum
1222 2228 1653 2285 circumferentia
1692 2232 1747 2284 in
1784 2242 1990 2287 rectum
2027 2241 2270 2298 extensa,
2316 2227 2535 2298 planum
2576 2226 2956 2306 ejusssaequale
2999 2228 3122 2285 fore
3148 2229 3313 2300 plano

749 2309 809 2364 li.
873 2308 930 2362 Si
951 2323 1052 2378 pro
1077 2308 1228 2363 radio
1266 2307 1338 2362 sit
1362 2307 1637 2375 diameter,
1674 2309 1895 2379 planum
1931 2312 2046 2365 fore
2069 2309 2292 2379 duplum
2329 2306 2399 2359 ad
2424 2306 2650 2377 planum
2670 2306 2886 2362 circuli:
2925 2309 3126 2376 quodsi
3149 2311 3313 2366 trian-

615 2381 624 2396 “
711 2389 716 2394 “
828 2388 885 2442 in
924 2387 1484 2458 mllelogrammum
1520 2389 1892 2456 rectangulum
1926 2383 2342 2444 transformetur
2360 2426 2372 2445 ‚
2408 2383 2616 2439 hisecta
2651 2384 3086 2441 circumferentia
3103 2428 3117 2453 ,
3153 2388 3314 2443 idem.

791 2468 932 2522 enim
969 2466 1229 2522 diameter
1262 2468 1312 2535 7,
1349 2465 1804 2536 hemiperipheria
1834 2468 2080 2538 praecise
2123 2470 2211 2521 11:
2265 2465 2372 2519 hoc
2418 2479 2676 2518 concesso
2722 2464 2942 2535 planum
2979 2482 3014 2520 a
3049 2467 3343 2522 lateribus·⁴

613 2550 666 2618 7,
704 2552 761 2606 11
805 2546 1255 2617 comprehensum
1292 2554 1441 2600 certo
1480 2545 1583 2600 erit
1636 2544 1860 2615 duplum
1897 2548 1966 2602 ad
2004 2545 2192 2601 circuli
2228 2544 2464 2614 planum.
2539 2543 2615 2597 Et
2632 2543 2747 2612 jam
2773 2545 2936 2599 etiam
2960 2545 3186 2616 planum
3212 2547 3314 2602 snb

606 2626 868 2685 lateribus
906 2629 955 2694 7,
996 2628 1059 2681 14
1099 2633 1185 2681 est
1219 2624 1443 2695 duplum
1482 2623 1550 2678 ad
1588 2626 1912 2693 quadratum
1950 2625 2017 2680 de
2053 2626 2103 2679 7.
2176 2624 2252 2678 Et
2299 2628 2360 2676 ut
2405 2621 2797 2692 aequilaterum
2833 2622 3223 2692 longitudinesv
3249 2630 3307 2682 11

702 2706 783 2775 14,
822 2706 900 2759 sic
934 2704 1174 2773 ipsorum
1225 2704 1389 2774 plana
1434 2703 1503 2757 ad
1539 2704 1782 2761 invicem.
1857 2706 2228 2761 conficeretur
2276 2717 2408 2771 ergo
2427 2742 2441 2768 ,
2501 2700 2688 2754 circuli
2733 2701 3014 2771 planitiem
3068 2719 3193 2759 esse
3230 2707 3313 2770 11,

737 2784 843 2838 'um
882 2783 1131 2852 quadrati
1173 2787 1253 2852 14,
1292 2784 1339 2838 si
1374 2783 1613 2839 conditio
1649 2800 1777 2838 vera
1813 2792 1972 2840 esset.
2044 2783 2152 2839 Sed
2193 2783 2308 2851 jam
2353 2776 2790 2834 circumferentia
2834 2780 2991 2837 nulla
3038 2791 3209 2853 recta,
3244 2797 3316 2837 ne

702 2861 823 2917 dem
859 2861 1180 2917 brevissima
1214 2868 1583 2931 mensuratur,
1634 2862 1831 2918 nedum
1868 2872 1931 2919 ut
1965 2863 2193 2935 septima
2242 2858 2490 2914 diametri
2526 2858 2693 2912 22ies·
2732 2865 2912 2915 sumta
2945 2869 3313 2918 mensuretur.

681 3001 702 3014 ..
781 2941 828 2994 si
863 2941 1047 3010 aliqua
1081 2949 1231 2996 recta
1267 2949 1673 2996 mensuraretur
1706 2945 1942 2998 curvitas
1992 2944 2049 2998 in
2093 2941 2339 3013 partibus
2391 2946 2574 2992 rectae
2609 2938 2956 3011 aequalibus,
2995 2958 3167 2997 curva
3204 2958 3313 2997 non

608 3029 782 3089 esset,
843 3020 1266 3075 communicaret
1319 3022 1461 3075 enim
1528 3021 1583 3075 in
1636 3021 1743 3077 illis
1810 3040 1933 3079 cum
1999 3023 2164 3077 rectis
2226 3026 2283 3074 et
2338 3017 2417 3073 sic
2475 3031 2577 3084 pro
2644 3017 3082 3090 circumferentia
3145 3038 3312 3101 curva

608 3107 753 3156 esset
789 3098 1133 3170 polygonum.
1204 3099 1323 3154 Hoc
1358 3098 1497 3154 adeo
1533 3116 1718 3157 verum
1756 3111 1858 3173 est,
1896 3110 1959 3158 ut
1993 3104 2039 3158 si
2077 3103 2338 3156 diameter
2370 3096 2426 3149 in
2461 3094 2757 3165 particulas
2780 3097 3042 3154 infinities
3068 3099 3312 3157 infinitas

607 3177 899 3248 secaretur,
938 3177 1087 3232 nulla
1114 3179 1305 3233 harum
1344 3180 1654 3236 emetiretur
1690 3183 1892 3237 orbem.
1962 3183 2082 3237 Hoc
2126 3178 2422 3250 respiciens
2470 3175 2824 3232 Archimedes
2870 3178 2923 3232 vi
2971 3179 3313 3236 demonstra-

608 3256 772 3312 tionis
811 3272 908 3328 per
942 3257 1276 3326 impossibile
1307 3266 1529 3326 rectam,
1566 3261 1715 3313 curvi
1751 3269 2070 3329 mensorem,
2107 3260 2265 3329 fingit
2301 3272 2423 3313 esse
2457 3262 2718 3322 punctum
2740 3297 2752 3321 ‚
2813 3257 2933 3326 ejus
2981 3259 3312 3327 quadratum

607 3343 882 3407 punctum.
954 3337 1085 3392 Cum
1123 3338 1262 3392 enim
1300 3336 1397 3392 flat
1430 3353 1683 3394 mensura
1718 3331 2056 3409 applicando,
2093 3338 2212 3392 solo
2247 3338 2304 3390 in
2341 3348 2544 3407 puncto
2580 3342 2731 3390 recta
2754 3336 3062 3407 applicatur
3094 3353 3312 3394 curvae.

488 3444 491 3448 ,
606 3415 705 3471 His
743 3416 810 3471 de
846 3416 1024 3470 causis
1061 3415 1193 3472 Adr.
1234 3417 1513 3471 Romanus
1558 3424 1708 3472 secat
1760 3416 1947 3471 circuli
1999 3416 2317 3471 diametrum
2362 3418 2420 3473 in
2466 3424 2647 3490 partes
2695 3417 3310 3475 2000000000(Όο0000.

605 3498 811 3553 Harum
867 3501 998 3549 sunt
1045 3493 1099 3547 in
1137 3493 1571 3550 circumferentia
1624 3494 2217 3551 62831853071795862
2266 3494 2399 3551 fere.
2497 3498 2656 3554 Nam·
2697 3496 2876 3551 unitas
2936 3494 3126 3550 addita
3187 3496 3316 3554 dicit

608 3576 856 3635 nimium,
904 3572 1088 3628 ablata
1125 3588 1329 3643 parum.
1405 3572 1656 3641 Qualium
1703 3573 1890 3641 itaque
1935 3572 2177 3627 diametri
2222 3575 2544 3641 quadratum
2582 3583 2669 3630 est
2699 3576 3314 3645 400000000000oe000,

612 3652 830 3725 planum
879 3652 1060 3708 circuli
1100 3652 1204 3710 erit
1239 3653 1821 3709 31415926535897931
1865 3651 2002 3706 fere:
2060 3647 2353 3709 bisecando
2391 3652 2730 3711 solummodo
2760 3653 3050 3708 numerum
3087 3654 3315 3711 circum·

611 3732 871 3788 ferentiae
891 3774 904 3801 ,
964 3733 1089 3800 quia
1134 3732 1397 3788 diameter
1446 3732 1615 3786 habet
1667 3730 1775 3785 duo
1813 3732 2040 3801 integra.
2112 3733 2184 3786 At
2236 3734 2282 3787 si
2335 3733 2614 3790 circularis
2663 3732 2812 3804 plani
2865 3732 2934 3787 ad
2990 3733 3314 3802 quadratum

507 3827 513 3834 ’
614 3818 761 3865 esset
799 3812 1075 3881 proportio
1112 3827 1252 3880 quae
1292 3816 1346 3867 11
1388 3812 1493 3868 214
1549 3810 1825 3880 praecise,
1900 3817 2030 3865 tunc
2075 3809 2312 3879 qualium
2357 3813 2413 3868 in
2459 3814 2730 3882 quadrato
2775 3813 2982 3883 40000,
3034 3821 3226 3870 essent
3258 3814 3315 3869 in

615 3890 803 3947 circuli
840 3891 1002 3962 plano
1040 3892 1228 3958 31428,
1268 3892 1359 3946 ubi
1396 3891 1578 3946 statim
1614 3890 1668 3943 in
1704 3888 2000 3943 millesimis
2036 3889 2255 3944 nimium
2292 3892 2570 3948 habemus.
2640 3923 2646 3928 -
2699 3923 2706 3929 -

787 3970 954 4026 Porro
980 3970 1167 4025 eadem
1205 3976 1291 4025 est
1327 3968 1622 4024 solidorum
1659 3969 1935 4039 proportio
1973 3984 2113 4038 quae
2149 3969 2451 4038 planorum,
2487 3972 2534 4026 si
2566 3972 2635 4027 ad
2659 3970 2945 4041 aequalem
2971 3971 3318 4030 altitudinem

619 4056 989 4118 corporentur.
1064 4048 1216 4103 Haec
1253 4048 1420 4116 igitur
1454 4047 1681 4118 cylindri
1717 4047 1772 4100 in
1810 4047 1949 4102 cubo
1988 4049 2280 4116 quantitas.
2353 4050 2429 4104 Et
2462 4051 2593 4119 quia
2640 4067 2840 4121 corpus
2878 4051 3052 4107 nostri
3090 4051 3317 4124 cylindri

616 4134 701 4181 est
736 4129 1028 4193 82250000,
1064 4129 1361 4200 multiplico
1397 4130 1503 4185 hoc
1538 4131 1593 4184 in
1633 4129 1956 4200 quadratum
1994 4130 2238 4186 diametri
2276 4132 2486 4197 circuli,
2522 4132 2706 4208 prodit
2743 4134 2844 4191 329
2875 4137 3002 4201 'etc.,
3038 4140 3099 4190 et
3133 4134 3313 4191 divido

577 4253 584 4276 ,
618 4204 673 4259 in
700 4204 886 4261 circuli
904 4206 1141 4276 planum,
1167 4208 1351 4279 prodit
1374 4225 1631 4264 numerus
1661 4209 2320 4276 104723952554467115.
2383 4211 2547 4281 Cuius
2568 4211 2722 4267 radix
2742 4212 2932 4268 cubica
2958 4210 3318 4285 471³⁵³⁸lmuoe

617 4283 782 4353 paulo
820 4283 1107 4352 admodum
1144 4287 1285 4358 plus,
1324 4304 1400 4344 sc.
1439 4287 1670 4343 altitudo
1709 4296 1764 4343 et
1800 4286 2066 4343 diameter
2100 4287 2342 4358 cylindri.
2466 4338 2469 4342 ,

784 4362 908 4417 Jam
946 4371 1007 4419 ut
1040 4364 1352 4421 insistamus
1378 4366 1633 4421 axiomati
1660 4373 1864 4436 nostr0,
1903 4366 2207 4436 superficiei
2239 4367 2565 4438 cylindricae
2602 4368 2668 4423 ad
2708 4368 3031 4437 quadratum
3068 4370 3318 4429 diametri

614 4441 754 4497 ratio
791 4442 978 4498 eadem
1015 4451 1124 4513 est,
1178 4461 1318 4514 quae
1355 4446 1820 4502 circumferentiae
1856 4446 2046 4502 circuli
2082 4446 2150 4502 ad
2190 4447 2533 4514 diametrum,
2593 4448 2721 4516 quia
2757 4443 2922 4503 ducta
2958 4456 3044 4504 est
3086 4459 3320 4521 utraque

614 4519 684 4574 ad
722 4521 946 4576 eandem
986 4523 1323 4580 altitudinem
1360 4526 1428 4580 ad
1467 4527 1749 4596 planorum
1786 4528 2205 4596 generationem.
2284 4529 2464 4582 Conus
2510 4543 2639 4582 vero
2685 4528 2742 4582 in
2778 4527 3051 4599 cylindro,
3106 4532 3229 4586 basi
3265 4538 3320 4588 et

614 4598 904 4655 altitudine
940 4603 1145 4672 eadem,
1185 4612 1271 4661 est
1304 4604 1465 4661 tertia.
1501 4609 1745 4677 praecise
1781 4625 1906 4677 pars
1946 4609 2190 4677 eorporis
2226 4606 2535 4677 cylindrici:
2573 4600 2698 4663 nam
2723 4615 2779 4663 et
2801 4614 3095 4677 utrumque
3120 4626 3318 4684 corpus

614 4685 699 4733 est
744 4686 799 4734 et
845 4688 1134 4751 utrumque
1188 4700 1350 4740 curve
1389 4689 1749 4745 terminatum.
1821 4689 2070 4754 Denique
2106 4685 2561 4757 hemisphaerium
2614 4685 2838 4756 duplum
2893 4695 2979 4741 est
3024 4689 3178 4760 coni,
3232 4690 3319 4757 cui

611 4759 758 4814 basis
784 4761 1048 4817 maximus
1074 4762 1323 4830 circulus,
1365 4765 1593 4821 altitude
1617 4765 1821 4837 radius,
1862 4773 1918 4817 et
1946 4765 2022 4817 sic
2059 4765 2290 4833 splmnra
2328 4763 2555 4833 duplum
2600 4772 2686 4819 est
2722 4766 2862 4836 coni,
2898 4766 2990 4821 cui
3023 4766 3176 4824 basis
3213 4767 3317 4839 pri·

614 4838 773 4907 atina,
801 4837 1030 4895 altitudo
1052 4840 1339 4911 diameter3
1381 4853 1613 4913 utraque
1649 4857 1777 4913 argu
1817 4841 1870 4901 in
1910 4841 2206 4913 cylindrum
2246 4842 2469 4908 inclusa,
2496 4844 2732 4912 sphaera
2757 4846 2852 4899 bes
2877 4853 2963 4901 est
2998 4846 3069 4901 de
3094 4862 3321 4917 corpore

614 4914 921 4983 cylindricm
958 4934 1129 4976 conus
1165 4919 1347 4976 triens.
1425 4921 1657 4977 Rursum
1681 4921 1821 4977 enim
1847 4921 2218 4989 >·.·:t:=-1*1ml=:÷vitiae
2246 4922 2422 4978 curvis
2446 4922 2837 4996 superficiebus
2865 4925 3320 4990 circumscribam

612 5000 717 5064 tur,
754 5010 895 5064 quae
932 5012 1099 5052 causa
1136 5004 1234 5067 est,
1271 5015 1369 5054 cur
1409 5001 1617 5069 possint
1649 4997 1769 5053 fieri
1805 5001 2322 5053 inanimatis-[arabilis.

789 5075 1152 5154 Demonstrat
1195 5094 1263 5131 ex
1301 5081 1489 5133 eadem
1533 5081 1821 5133 securitate
1862 5077 2242 5145 Archimedes,
2301 5084 2356 5132 ct
2390 5077 2730 5149 sphaericam
2766 5073 3113 5152 superficiem
3148 5084 3321 5141 solam

614 5152 856 5224 perfecte
892 5171 1107 5210 curvam
1145 5158 1566 5212 commensurari
1601 5155 1764 5228 plano
1800 5158 2019 5212 maximi
2058 5156 2276 5226 circuli,
2331 5159 2458 5230 quia
2494 5160 2598 5216 etsi
2648 5162 2703 5216 in
2754 5169 2934 5218 rectas
2990 5164 3322 5231 quantitates

620 5224 779 5295 cadit,
819 5250 980 5289 curve
1013 5242 1194 5291 tamen
1230 5238 1566 5293 terminatur.
1642 5237 2019 5307 Quadruplum
2071 5238 2234 5306 igitur
2289 5245 2374 5295 est
2421 5239 2558 5294 illud
2603 5240 2784 5309 hujus.
2857 5240 2941 5297 Ita
2977 5244 3140 5298 solus'
3168 5251 3320 5299 ortus

615 5311 822 5379 primus
874 5313 1214 5369 rectitudinis
1263 5315 1502 5384 impedit,
1542 5317 1830 5384 quominus
1869 5325 2018 5372 recta
2054 5317 2232 5373 curvis
2270 5326 2798 5373 commensurentur:
2836 5320 2982 5389 quod
3009 5321 3323 5388 cabalisfice

615 5388 885 5457 significat
920 5390 1152 5447 hominis
1190 5409 1311 5448 cum
1346 5394 1464 5449 Deo
1500 5395 1909 5465 cognationem,
1963 5405 2018 5453 et
2055 5395 2340 5453 discrimen
2376 5398 2434 5452 in
2481 5413 2575 5469 εο,
2628 5398 2775 5468 quod
2811 5408 2991 5456 ortum
3026 5402 3122 5458 ille
3157 5403 3326 5460 habet

618 5474 674 5521 et
707 5468 999 5524 interitum.

791 5547 879 5602 Ad
902 5563 1033 5604 rem.
1107 5548 1247 5616 Quia
1284 5549 1353 5605 de
1387 5550 1629 5621 corporis
1665 5552 1792 5608 cubi
1826 5553 2075 5622 partibus
2102 5554 2168 5608 14
2203 5555 2539 5625 putabantur
2564 5556 2618 5611 11
2653 5555 2848 5614 cedere
2870 5556 3139 5628 cylindro,
3176 5565 3327 5617 recte

616 5621 715 5681 hes
751 5624 1049 5693 undenarii,
1088 5642 1165 5683 sc.
1204 5625 1303 5696 vl,
1342 5628 1577 5686 dabatur
1610 5631 1894 5703 sphaerae,
1932 5640 1995 5688 ut
2027 5633 2097 5689 de
2129 5634 2202 5690 42
2236 5634 2484 5705 partibus
2528 5635 2658 5695 cubi
2695 5635 2894 5693 cedant
2924 5636 3207 5706 sphaerae
3238 5637 3331 5712 22,-
