3684 7259
627 1260 805 1318 Harmonicis.
840 1262 924 1319 Liber
939 1262 989 1318 m.
1010 1262 1097 1331 (lapnt
1115 1258 1190 1315 XIII.
1523 1264 1582 1324 lto

239 1438 340 1497 tudine
364 1435 499 1497 diuturna
522 1456 586 1497 cum
609 1440 700 1515 ipsius
723 1441 903 1499 instrumenti
927 1440 1038 1501 iactura
1052 1440 1245 1501 transmisisse
1265 1438 1304 1498 ad
1327 1444 1460 1515 posteros
1476 1443 1582 1496 totam-

240 1544 297 1600 que
326 1534 450 1609 gentem.
496 1525 617 1585 Interfui
647 1524 760 1603 Prngae
791 1527 943 1604 precibus,
976 1544 1049 1604 ques
1079 1526 1168 1604 legati
1193 1526 1308 1586 Turcici
1338 1523 1474 1585 sacerdos
1504 1522 1581 1608 horis

239 1616 322 1671 statis
345 1612 559 1689 ingeniculatus
581 1623 744 1689 terramque
765 1614 859 1675 fronte
882 1616 983 1683 crebro
1010 1615 1114 1699 leniens
1144 1614 1298 1674 decantare
1326 1606 1457 1687 solebat3
1489 1629 1581 1690 appa·

239 1705 297 1758 ruit
318 1700 412 1773 facile,
436 1702 530 1778 ipsum
553 1718 588 1759 ex
611 1700 764 1779 disciplina
787 1718 888 1781 canere
912 1704 1205 1779 exercitationemque
1227 1708 1256 1761 et
1277 1697 1515 1777 promritudincm
1535 1698 1582 1758 la·

239 1789 309 1847 bore
333 1804 526 1865 comparasse,
548 1788 621 1848 nihil
644 1791 721 1848 enim
743 1788 916 1862 haesitavit3
941 1796 972 1855 at
994 1789 1158 1858 mtervallis,
1177 1806 1247 1849 usus
1272 1796 1317 1848 est
1336 1789 1425 1861 miris,
1444 1788 1580 1859 insolitis,

239 1876 369 1947 concisis,
393 1875 632 1949 abhorrentibus,
666 1889 698 1935 ut
720 1894 804 1935 nemo
833 1878 948 1954 proprio
970 1885 1091 1937 naturae
1119 1878 1208 1937 ductu
1238 1885 1267 1936 et
1297 1891 1387 1934 exse
1409 1876 1473 1951 ipso
1504 1874 1580 1933 ultro

238 1962 331 2021 simile
356 1963 427 2038 quid
449 1971 615 2023 constanter
637 1981 764 2039 unquam
786 1964 921 2035 meditari,
934 1980 1022 2040 posse
1041 1954 1184 2025 rideatur.
1230 1961 1365 2023 Conabor
1380 1959 1491 2038 aliquid
1512 1977 1582 2038 pro-

238 2052 346 2114 ximum
368 2049 412 2107 illi
433 2069 486 2127 per
507 2059 620 2111 nostras
644 2061 729 2113 notas
750 2054 876 2112 musicas
899 2054 1074 2128 exprimere:

266 2483 267 2486 '
322 2491 488 2551 Concinnus
517 2494 605 2569 igitur
637 2500 665 2552 ct
692 2492 883 2552 humanarum
913 2495 1025 2551 aurium
1052 2492 1165 2569 judicio
1195 2500 1282 2568 apim
1311 2497 1413 2551 cantus
1436 2498 1496 2565 est,
1529 2491 1580 2573 qui

238 2596 356 2639 exorsus
379 2599 397 2639 a
420 2588 498 2641 certo
521 2580 648 2656 quodam
671 2596 753 2655 sono,
775 2582 814 2640 ab
837 2598 871 2641 co
894 2598 946 2657 per
968 2580 1126 2639 intervalla
1148 2582 1290 2640 concinna
1318 2578 1408 2637 tendit
1431 2577 1467 2636 ad
1491 2583 1596 2641 sonos'.

238 2664 380 2726 consonos
409 2676 438 2727 ct
465 2669 558 2744 primo
582 2668 625 2726 illi
649 2675 677 2727 et
699 2667 870 2746 plerumque
904 2670 991 2727 etiam
1020 2669 1093 2727 inter
1122 2684 1153 2726 se
1182 2676 1300 2741 mutuo,
1330 2665 1447 2724 dissona
1474 2668 1581 2725 cursim
1618 2723 1621 2729 .

235 2754 598 2836 pervolitans-intervalla,
623 2758 652 2813 in
675 2760 809 2815 consonis
830 2771 900 2815 vero
923 2757 1096 2827 immorans,
1119 2771 1173 2815 seu
1195 2770 1331 2814 mensura
1353 2755 1488 2830 temporis
1510 2752 1596 2831 syl-⁴

236 2843 425 2918 laborumque
448 2842 636 2918 longitudine,
661 2860 713 2901 seu
736 2844 836 2903 crebro
856 2843 897 2902 'ad
919 2841 987 2901 illos
1010 2843 1118 2915 reditu,
1142 2842 1234 2901 veluti
1258 2842 1378 2900 duarum
1401 2856 1505 2901 vocum
1528 2844 1575 2899 in·

236 2938 277 2989 ter
300 2949 330 2990 se
353 2933 574 2989 consonantiam
597 2930 745 3006 affectans,
766 2934 870 2996 unicae
893 2933 983 2992 vocis.
998 2930 1178 2990 traductione
1203 2947 1222 2989 a
1243 2926 1313 2989 loco
1331 2945 1389 2989 uno
1412 2931 1579 3005 systematis

236 3017 272 3075 ad
294 3018 393 3076 alium.
438 3015 626 3096 Exemplum:

232 3185 861 3329 liar—ffl-

251 3286 420 3360 -L-033-
474 3331 486 3334 ..
516 3292 582 3334 “3
623 3328 738 3334 ..-
847 3290 852 3296 ’
1534 3349 1537 3354 ,

313 3366 610 3417 ilie-tl-maepn·scbn·li
654 3368 713 3407 isu-
736 3365 1041 3406 desim-molentobrbrtl
1062 3389 1069 3398 ·
1090 3377 1104 3406 ι
1129 3387 1137 3398 ·
1166 3366 1189 3407 nl
1203 3365 1302 3427 A33nue
1322 3376 1347 3405 rs
1362 3366 1469 3408 -rle-mlt
1488 3377 1520 3407 ο·
1536 3376 1577 3408 m

289 3666 543 3707 christum-nocens
585 3677 636 3716 ps·
658 3668 687 3707 tri
713 3666 1125 3717 xe-cou·ci·li·a·vttpec·ca·
1153 3657 1177 3705 to
1199 3685 1207 3697 ·
1227 3675 1278 3732 res.

314 3789 376 3850 'Hic
405 3810 494 3851 sonus
524 3793 644 3851 initialis
666 3800 710 3852 est
733 3793 762 3849 in
785 3791 862 3852 clavi
887 3789 930 3866 G,
962 3808 1028 3862 cum
1050 3808 1109 3868 qua
1132 3794 1161 3849 in
1185 3798 1270 3852 cantn
1292 3790 1373 3852 molli
1401 3791 1575 3866 concordent

234 3880 265 3952 b,
296 3897 326 3953 c,
355 3879 388 3954 d,
417 3899 459 3956 9,
490 3880 623 3938 Excurrit
647 3879 735 3955 igitur
757 3887 859 3939 cautus
880 3878 1014 3959 (primum
1037 3880 1113 3938 flexu
1136 3878 1270 3944 deorsum
1292 3875 1381 3959 lacto)
1403 3880 1441 3939 ad
1464 3878 1575 3940 clarem

234 3959 448 4040 cconsonam,
474 3975 503 4026 et
528 3966 653 4026 transilit
682 3966 767 4044 plano
798 3962 947 4027 dissonum
977 3966 1073 4027 locum
1095 3968 1139 4039 A,
1171 3959 1274 4026 luisset
1303 3974 1400 4026 autem
1427 3965 1519 4036 idem,
1543 3963 1581 4034 'si

234 4056 377 4128 attigisset
398 4057 503 4131 ipsum,
526 4054 577 4113 sed
600 4055 683 4114 brevi
704 4073 802 4129 mora,
828 4045 890 4115 tota
913 4058 981 4114 vero
1004 4056 1093 4115 series
1108 4053 1221 4130 reliqua
1242 4055 1425 4131 potissimum
1448 4056 1478 4112 iu
1497 4042 1592 4116 locis'

233 4141 267 4213 b,
291 4142 370 4216 d,9
400 4146 530 4211 intonat,
563 4140 692 4202 sceleton
716 4152 839 4202 octavae
862 4140 919 4201 tale
944 4144 1120 4223 exprimens,
1144 4140 1217 4200 iud
1328 4147 1331 4162 ¹

234 4229 403 4288 creberrime
426 4230 555 4304 rediens,
572 4239 651 4306 ,post
675 4232 703 4285 in
727 4230 753 4301 b,
776 4232 806 4289 in
829 4231 961 4307 superius
985 4248 1053 4289 vero
1075 4249 1095 4306 p
1116 4246 1147 4287 se
1170 4230 1217 4285 in·
1313 4258 1330 4308 -'

236 4315 350 4375 terdum
372 4317 508 4391 efferens,
540 4318 570 4373 in
592 4317 665 4376 haec
688 4320 785 4377 omnia
807 4316 872 4379 loca
896 4318 1061 4393 signanter,
1092 4334 1148 4376 non
1172 4317 1215 4375 sic
1259 4317 1402 4344 --’-

234 4405 260 4458 in
287 4422 307 4461 a
332 4403 379 4462 vel
403 4407 431 4461 in
452 4405 482 4482 f,
512 4404 578 4463 loca
598 4406 693 4482 primo
714 4403 848 4478 dissona,
879 4404 1060 4479 tandemque.
1083 4404 1157 4463 redit
1179 4404 1217 4463 ad
1243 4402 1268 4465 G
1290 4406 1389 4481 ibique
1412 4404 1483 4466 finit.
1505 4476 1523 4485 „

317 4490 400 4550 Circa
422 4485 558 4549 traditam
582 4502 684 4551 cantus
705 4491 903 4551 definitionem
925 4488 1017 4556 multa
1038 4493 1159 4551 veniunt
1181 4493 1265 4552 uobis
1289 4492 1464 4552 auriotauda.
1503 4560 1505 4563 ¹

317 4578 340 4638 l.
363 4578 466 4636 Partes
495 4588 611 4653 cantus,
644 4596 679 4637 ex
709 4580 815 4655 quibus
843 4577 892 4640 vel
921 4580 1054 4638 omnibus
1085 4578 1131 4638 rel
1160 4578 1307 4655 aliquibus
1334 4569 1450 4640 constet
1478 4583 1571 4641 omnis

230 4675 339 4738 cantus,
363 4665 499 4725 Euclides
522 4667 653 4724 nominat
667 4666 721 4724 has
737 4675 877 4742 quatuor:
901 4662 1026 4745 ‹lya-yps,
1049 4688 1149 4743 serpe,
1173 4689 1331 4750 narrem,
1350 4671 1471 4745 aiones,
1497 4686 1572 4746 quae

231 4753 298 4828 quid
321 4756 387 4824 sint,
413 4772 500 4812 voces
523 4757 605 4830 ipsae
627 4752 765 4812 indicant.
807 4750 912 4832 ’Ayqu
940 4755 1016 4814 euim
1040 4762 1084 4814 est
1105 4753 1247 4813 traductio
1273 4756 1353 4815 vocis
1382 4743 1572 4833 apropouri

230 4840 325 4900 radice
348 4841 385 4900 ad
407 4840 505 4899 locum
534 4858 626 4916 usqne
656 4840 747 4900 radici
770 4857 948 4915 consonum,
976 4849 1028 4901 aut
1050 4842 1088 4901 ab
1110 4858 1168 4901 uno
1191 4853 1319 4903 consono
1350 4839 1389 4903 ad
1411 4842 1501 4903 alium
1523 4846 1571 4905 vel
1607 4859 1610 4866 ’

187 4958 189 4961 -
230 4926 270 4985 iili
292 4927 341 4987 vel
363 4930 472 5005 primae
496 4928 585 4988 radici
609 4939 776 4989 consonum.
823 4929 898 5006 Torq
921 4937 966 4989 est
989 4931 1175 4989 commoratio
1199 4932 1230 4986 in
1250 4929 1316 4988 loco
1339 4930 1387 4990 vel
1407 4933 1500 5008 primo
1522 4931 1570 4994 vel

228 5015 270 5072 illi
293 5033 430 5088 consono,
454 5014 501 5075 vel
525 5018 613 5075 etiam
634 5017 723 5093 priori
745 5032 882 5093 consono,
906 5016 975 5082 licet
997 5020 1089 5094 primo
1111 5019 1230 5075 nonsit
1256 5033 1409 5078 consonus.
1456 5021 1568 5098 Ilioap,

228 5099 396 5179 implicatio,
419 5109 463 5162 est
486 5105 598 5179 species
622 5101 765 5180 quaedam
790 5101 837 5165 vel
860 5103 939 5163 color
961 5100 1078 5185 ἀγωγης,
1100 5112 1132 5162 ut
1155 5124 1285 5177 acereta,
1309 5103 1449 5180 lustratio,
1472 5127 1568 5185 comm

229 5198 256 5248 et
277 5199 311 5249 ut
333 5188 423 5270 dymyq
446 5190 484 5249 ad
506 5213 598 5267 somn,
620 5192 776 5268 siculosq
799 5190 837 5250 ad
859 5213 1005 5266 ueremur,
1018 5187 1204 5271 ⁴quiaoiyoqu
1227 5194 1312 5267 quasi
1334 5189 1567 5270 directetttiuaii,

229 5282 318 5356 πλοκη
342 5286 466 5356 vagetur
488 5279 516 5335 in
541 5280 663 5337 transitu
685 5281 761 5337 circa
783 5274 904 5355 ἀγωγὴν,
929 5286 961 5337 ut
983 5282 1063 5338 canis
1085 5278 1160 5337 circa
1184 5280 1333 5338 viatorem.
1402 5284 1406 5293 '

310 5366 415 5441 Itaque
438 5362 529 5443 dymyq
558 5372 602 5425 est
624 5371 720 5425 motus
749 5365 842 5425 veluti
866 5363 1004 5439 directus,
1033 5367 1123 5441 πλοκη
1147 5371 1243 5437 motus
1266 5367 1379 5442 narius,
1408 5389 1475 5447 corp
1498 5385 1567 5430 reto

228 5460 270 5511 est
292 5458 376 5530 quasi
406 5456 544 5511 terminus
574 5461 685 5525 motus,
716 5470 767 5513 seu
791 5454 872 5528 quies
900 5454 930 5508 in
957 5452 1023 5511 loco
1051 5453 1217 5528 systematis
1247 5454 1355 5531 petito,
1386 5476 1501 5518 nmero
1524 5466 1589 5517 est

229 5539 310 5598 multi
333 5544 447 5600 termini
470 5542 655 5599 minutiorum
678 5548 809 5600 motuum
832 5547 860 5598 et
882 5538 973 5597 veluti
996 5540 1118 5614 quietes.
1162 5537 1210 5619 In
1224 5540 1357 5619 exemplo
1379 5538 1477 5604 nosco
1505 5542 1568 5623 syl·

228 5625 311 5687 labae
340 5628 446 5709 (demit
476 5645 543 5689 oves
574 5625 709 5688 Christos
738 5625 782 5709 in)
808 5633 951 5703 perpetua
980 5624 1123 5701 quaedam
1152 5634 1221 5686 suut
1243 5620 1324 5707 coep,
1354 5628 1468 5691 duabus
1496 5632 1567 5692 soils

228 5714 348 5795 syllabis
370 5718 515 5793 exceptis;
538 5725 572 5777 at
590 5714 724 5795 syllabae
745 5712 824 5797 (cene
844 5733 893 5777 rec
914 5716 938 5775 it
955 5710 1071 5796 peccat)
1093 5715 1256 5798 exprimunt
1276 5735 1417 5794 narrans.
1455 5708 1565 5797 Quodsi
