3684 7259
251 1202 330 1278 m·
719 1212 1124 1283 appendicisflsrnonisomm

250 1389 320 1449 dum
342 1388 417 1463 dixi,
445 1408 632 1466 nequaquam
655 1389 759 1450 endem
780 1400 913 1469 respectu
937 1392 1039 1450 formis
1065 1394 1246 1467 quantitates
1275 1390 1385 1461 inesse,
1415 1404 1475 1463 quo
1499 1388 1599 1444 insunt

249 1486 479 1623 mmmm
507 1568 538 1636 l,
564 1568 601 1643 2,
624 1568 642 1623 3
666 1583 725 1639 quo
749 1576 780 1623 tu
803 1582 899 1632 sensu,
924 1582 983 1640 qno
1007 1565 1142 1640 exemplo
1165 1552 1399 1641 proportionales
1421 1559 1513 1630 dicas,
1537 1561 1601 1635 ipsc

250 1649 375 1721 rideris3
399 1653 427 1707 in
450 1655 610 1726 geometria
624 1652 857 1728 proportionales
873 1664 940 1710 sunt
956 1655 1006 1709 isti
1025 1657 1052 1723 l,
1075 1658 1104 1720 2,
1129 1655 1158 1724 4,
1182 1653 1224 1709 sic
1243 1656 1271 1724 1,
1296 1652 1325 1722 3,
1349 1651 1379 1719 9,
1402 1652 1444 1706 sic
1459 1650 1490 1717 t,
1516 1648 1544 1717 6,
1570 1649 1600 1705 9.

137 1731 141 1742 ’
249 1737 284 1796 In
307 1736 353 1796 his
379 1741 405 1808 l,
430 1742 460 1809 ⁶2,
484 1742 502 1795 3
525 1740 699 1798 formalibus
721 1740 847 1812 (scilicet
870 1751 901 1795 ut
923 1751 992 1797 sunt
1014 1735 1148 1820 figurati)
1172 1738 1343 1798 delitescere
1362 1738 1406 1794 ais
1427 1736 1601 1812 mysterium

249 1824 419 1884 barmoniae
449 1826 624 1886 mundanae.
672 1826 752 1886 Lare
781 1829 917 1883 nimirum
949 1829 1037 1885 uteris
1069 1845 1143 1886 voce
1173 1828 1341 1894 harmonia,
1374 1820 1452 1897 quod
1485 1823 1510 1878 si
1541 1839 1601 1880 non

250 1922 329 1971 esset
352 1922 382 1969 et
404 1913 429 1969 si
451 1911 488 1970 de
512 1915 577 1991 ipso
599 1918 822 1992 proportionum
845 1923 909 1971 ortu
935 1912 1104 1990 loquereris,
1127 1932 1206 1989 quae
1219 1914 1422 1990 proportiones
1442 1912 1472 1966 in
1488 1911 1603 1968 musica

250 2001 429 2070 suavitatem
459 2002 617 2058 conciliant
650 2003 725 2060 binis
748 2004 922 2059 consociatis
953 2006 1045 2075 sonis,
1079 2002 1178 2061 thema
1200 2002 1257 2059 boc
1279 2008 1452 2058 essetmeo
1476 1996 1602 2054 themati

249 2087 433 2160 contrarium,
459 2087 537 2162 qnod
561 2091 630 2146 totis
653 2090 745 2147 tribus
768 2090 868 2165 primis
890 2087 1084 2148 Harmoniccs
1107 2107 1190 2148 meac
1213 2089 1295 2146 libris
1318 2088 1394 2157 ursi,
1418 2100 1476 2141 nou
1500 2086 1602 2159 itaque

249 2176 293 2232 sic
314 2171 391 2230 node
415 2173 552 2233 affirmari
575 2188 691 2250 posset,
721 2178 917 2253 quippepost
942 2175 1120 2235 decisionem
1142 2194 1265 2246 causae,
1295 2176 1351 2232 nisi
1374 2171 1498 2231 eandem
1522 2189 1602 2258 noro

252 2263 342 2319 etiam
357 2260 521 2333 molimine,
544 2266 629 2321 noris
646 2267 990 2336 argumentiscensueris
1006 2262 1192 2335 fulciendam,
1209 2264 1354 2322 eunomia
1369 2276 1437 2319 mea
1452 2258 1603 2317 diluenda.

337 2345 409 2406 ll'on
439 2366 498 2406 ears
527 2349 731 2410 diuersissima
754 2353 915 2425 materiam
940 2340 1141 2425 rt'fcrmam,
1174 2368 1209 2409 ex
1233 2349 1399 2423 coarguis,
1429 2350 1504 2422 qaia
1528 2365 1604 2405 con·

253 2436 381 2492 veniant
403 2438 436 2493 ιἰι
458 2439 577 2494 actione
598 2446 625 2495 et
643 2441 794 2512 passione.
840 2435 988 2510 Quantam
1010 2456 1065 2513 ego
1093 2438 1256 2497 molestiam
1287 2437 1373 2511 capio
1396 2434 1515 2501 vetulos
1539 2434 1603 2490 dis·

251 2519 347 2580 cauda
369 2520 405 2579 dc
429 2538 508 2580 noro
532 2532 601 2583 tuae
625 2523 828 2599 philosophiae
857 2523 970 2598 lingua!
1017 2524 1092 2583 Nam
1120 2528 1283 2602 antiquitus
1311 2542 1369 2581 nun
1393 2521 1512 2579 diversa
1535 2532 1603 2579 tan-

248 2618 329 2677 turn,
356 2608 409 2666 sed
432 2619 463 2667 et
484 2614 630 2669 contraria
653 2611 805 2681 eluebant,
837 2628 911 2684 quae
941 2614 1024 2670 inse
1056 2624 1157 2670 mutuo
1188 2621 1289 2692 agunt
1335 2610 1480 2684 Adeoque
1512 2613 1602 2667 ctiam

249 2693 354 2770 figuris
378 2695 503 2755 dirersis
527 2709 646 2757 utuntur
669 2698 718 2757 ille
741 2701 783 2757 tui
807 2699 933 2775 exempli
959 2702 1002 2753 vir
1023 2709 1053 2756 et
1076 2699 1126 2757 illa
1141 2698 1253 2770 mulier,
1277 2701 1463 2774 inquantum
1488 2696 1603 2756 scilicet

247 2792 341 2857 agunt
369 2785 594 2859 patianturque,
624 2803 712 2862 quarn
742 2786 854 2861 figurae
885 2786 1086 2844 diversitatem
1116 2789 1204 2846 etiam
1237 2787 1363 2844 numeris
1393 2783 1603 2863 Pythagoricis

250 2886 420 2946 expressam
443 2872 557 2930 invenis
581 2872 661 2932 libro·
678 2890 745 2932 meo
767 2871 820 2931 lv.
843 2872 1033 2933 Harmoniae.

334 2956 507 3016 Formarum
538 2977 593 3033 ego
622 2978 687 3019 cnm
716 2962 847 3018 materiis
879 2961 1112 3018 convenientiam
1145 2979 1197 3018 seu
1228 2960 1465 3034 conjunctionem
1497 2975 1603 3015 recuso

247 3041 416 3105 harmonias
439 3044 612 3123 indigetari,
644 3065 731 3106 sensu
755 3048 837 3105 vocis
867 3056 937 3123 apto
967 3051 1039 3106 meis
1068 3047 1333 3123 speculationibus,
1362 3046 1603 3121 conjunctionem

250 3132 348 3206 ipsam
377 3148 437 3190 uon
466 3150 581 3192 recuso.
627 3133 800 3211 Exemplum
830 3150 940 3193 meum·
956 3134 1123 3193 diurnorum
1157 3144 1289 3193 motuum
1318 3133 1422 3191 blartis
1453 3139 1482 3193 et
1514 3131 1602 3192 Jovis

247 3235 328 3278 nova
352 3220 468 3280 inscitia
497 3224 587 3280 miror
606 3223 737 3299 formale
760 3222 912 3296 appellari.
958 3221 1025 3280 Duo
1049 3225 1162 3282 termini
1188 3222 1310 3280 sensiles
1333 3230 1414 3292 sont,
1449 3212 1602 3297 proportio

230 3308 322 3366 'inter
352 3305 419 3365 illos
442 3324 488 3365 res
510 3317 556 3367 est
577 3309 643 3368 sola
670 3317 766 3367 mente
795 3307 999 3387 percipienda,
1028 3309 1226 3382 aestimanda,
1257 3307 1388 3367 fruenda.
1434 3307 1499 3365 Nisi
1523 3309 1602 3366 enim

246 3394 354 3450 mentis
377 3393 475 3452 lumen
499 3397 607 3455 inesset
630 3399 658 3454 in
681 3395 793 3466 audito,
818 3400 916 3454 nonis
937 3394 1130 3456 delectaretur
1146 3400 1332 3474 proportione
1351 3400 1364 3453 l
1390 3393 1462 3453 ad3
1492 3397 1520 3452 in
1545 3413 1602 3453 ro·
1664 3405 1667 3410 '

247 3479 347 3553 cibus,
379 3491 409 3539 ct
431 3483 487 3539 nisi
509 3486 590 3558 prius
613 3485 641 3540 in
666 3483 753 3542 ideali
778 3483 886 3542 circulo
918 3486 999 3541 intus
1022 3486 1051 3540 in
1074 3493 1170 3542 mente
1194 3486 1332 3542 creatrice
1363 3481 1520 3542 reluxisset
1545 3483 1602 3540 ista

246 3570 409 3644 proportio,
427 3585 485 3627 non
498 3570 602 3630 luisset
613 3570 665 3628 illa
680 3569 772 3629 indita
781 3572 921 3648 motibus,
944 3573 1061 3629 Saturni
1073 3571 1238 3629 tardissimo
1255 3582 1284 3629 ct
1296 3569 1383 3629 Jovis
1400 3569 1602 3632 velocissimo.

336 3653 505 3731 Incongrnn
526 3658 580 3716 tibi
604 3658 720 3717 ridetur
742 3658 898 3717 affirmatio
921 3675 995 3731 mea,
1020 3657 1088 3716 dum
1112 3658 1187 3730 dico,
1211 3659 1425 3717 diversissimas
1446 3675 1511 3716 esse
1535 3667 1603 3718 tuas

246 3741 420 3802 harmonias
443 3763 461 3801 a
483 3747 565 3803 meis.
604 3745 646 3807 ,Ει
670 3763 761 3819 quare
785 3745 967 3820 incongrua?
1011 3745 1088 3819 Quia
1117 3764 1182 3804 eum
1205 3747 1258 3803 tibi
1281 3746 1318 3803 sit
1342 3744 1495 3804 harmonia
1526 3747 1603 3805 inter

247 3829 347 3892 lucem
369 3838 399 3890 et
420 3835 589 3905 materiam,
621 3832 692 3890 mibi
716 3835 790 3891 inter
812 3841 924 3890 motum
949 3841 977 3890 et
999 3841 1126 3905 molum,
1157 3843 1253 3891 motus
1279 3842 1375 3891 tamen
1400 3835 1463 3907 ipse
1494 3832 1603 3892 aluce

246 3916 303 3978 tihi
334 3933 399 3978 ease
428 3918 554 3979 videtur.
599 3920 691 3995 Atqui
714 3937 731 3978 o
755 3920 846 3989 bone,
878 3937 937 3976 non
969 3919 1045 3978 idem
1068 3922 1297 3992 terminnsest,
1329 3920 1378 3978 lux
1403 3929 1435 3976 ut
1457 3936 1550 3978 causa
1573 3930 1603 3979 et

246 4011 348 4065 motus
372 4014 406 4064 ut
426 4006 560 4085 effectus,
582 4024 639 4065 non
664 4006 766 4066 eadem
790 4007 979 4076 combinatio,
1005 4008 1056 4065 tibi
1080 4006 1199 4081 quidem
1215 4009 1354 4068 materiae
1377 4017 1406 4065 et
1421 4007 1506 4078 lucis,
1530 4009 1601 4082 mihi

248 4089 374 4152 duorum
395 4101 547 4167 motuum,
576 4093 649 4153 lucis
672 4090 712 4174 (si
737 4098 778 4153 ita
801 4091 862 4174 vis)
886 4095 1050 4153 effectuum.
1098 4094 1159 4153 Etsi
1181 4097 1326 4170 quaestio,
1351 4112 1388 4151 an
1412 4102 1510 4152 motus
1534 4094 1601 4172 pla-

245 4186 381 4252 netarum
410 4198 430 4239 a
457 4180 522 4242 loce
545 4180 624 4241 Solis
647 4186 772 4249 oriatur,
807 4199 863 4239 non
887 4190 932 4239 est
960 4181 1035 4258 adeo
1058 4182 1211 4257 expedita,
1243 4192 1276 4241 ut
1302 4184 1378 4240 inter
1408 4181 1602 4243 fundamenta

245 4268 339 4343 possit
361 4269 481 4328 assumi.
525 4268 588 4345 Ego
613 4270 642 4327 in
665 4269 777 4329 comm.
801 4267 838 4328 de
860 4270 989 4327 motibus
1011 4268 1120 4328 Stellae
1136 4268 1239 4328 Martis
1263 4272 1349 4345 inque
1374 4270 1448 4328 libro
1465 4270 1501 4328 V.
1528 4271 1601 4347 lipi-

246 4365 344 4414 tomos
366 4354 576 4416 astronomiae
599 4357 767 4415 demonstro
791 4374 925 4426 causam,
953 4373 1029 4431 qnae
1053 4357 1186 4431 planetas
1210 4360 1288 4417 circa
1311 4356 1410 4416 Solem
1433 4360 1509 4433 agit,
1543 4376 1600 4416 riou

246 4459 313 4510 esse
334 4441 446 4516 lucem,
476 4443 529 4504 sed
558 4443 670 4520 aliquid
697 4444 756 4502 luci
784 4460 924 4520 perquam
951 4442 1044 4503 simile
1074 4446 1103 4501 in
1133 4444 1232 4503 multis
1255 4446 1500 4519 proprietatibus,
1534 4445 1601 4507 illos

246 4545 317 4589 vero
340 4537 453 4602 motos,
486 4534 535 4607 qui
559 4532 632 4589 bunt
655 4530 872 4589 harmoniarum
895 4530 1065 4589 coelestium
1088 4533 1216 4604 termini,
1248 4533 1365 4590 lormari
1390 4541 1418 4592 et
1442 4536 1558 4593 causari
1583 4556 1601 4593 a

245 4634 389 4676 concursu
414 4620 518 4677 insitae
543 4621 659 4677 virtutis
683 4621 712 4674 in
736 4619 860 4694 planetis
884 4620 1166 4692 eccentrieitatisqnc
1182 4620 1318 4696 planetae
1335 4638 1353 4676 a
1368 4619 1448 4679 Sole.
1495 4620 1600 4697 ltaque

244 4703 371 4764 tarditas
395 4714 425 4765 ct
448 4706 591 4766 velocitas
614 4714 746 4764 motuum
769 4723 956 4780 nequaquam
979 4707 1017 4765 ab
1035 4707 1099 4782 ipsa
1115 4706 1178 4766 luce
1201 4724 1255 4765 nec
1277 4708 1314 4765 ab
1333 4725 1368 4766 ea
1384 4725 1485 4780 causa,
1510 4727 1599 4783 quam

245 4793 313 4868 ejus
337 4794 472 4852 comitem
496 4792 571 4866 dixi,
602 4796 694 4869 primo
718 4796 822 4865 oritur,
846 4793 898 4853 sed
922 4794 960 4851 ab
983 4794 1198 4853 eceentricitate
1214 4792 1370 4871 planctae.
1417 4794 1484 4855 Tibi
1510 4799 1600 4856 etiam

245 4879 297 4939 lux
328 4879 404 4938 idem
434 4881 579 4957 estquod
607 4883 700 4940 lorma
729 4888 759 4939 et
780 4883 896 4952 anima,
927 4880 997 4938 mihi
1026 4888 1123 4938 motus
1146 4880 1329 4957 planetarum
1357 4881 1438 4940 nulla
1467 4884 1599 4958 indigent

245 4970 355 5037 anima,
379 4966 511 5041 indigent
528 4987 597 5027 vero
609 4971 702 5027 torma
717 4985 866 5044 corporea,
885 4985 961 5042 quae
977 4970 1111 5026 corrsistit
1128 4971 1155 5025 in
1172 4968 1251 5027 libris
1267 4970 1395 5046 eorporis
1413 4974 1598 5042 magneticis.

331 5053 486 5131 Quomodo
522 5059 610 5116 ctiam
642 5055 777 5119 diversae
810 5057 951 5115 crassitiei
983 5054 1109 5114 chordae
1141 5058 1281 5132 recipiant
1317 5056 1421 5116 eodem
1460 5069 1597 5134 respectu

244 5144 440 5219 quantitates,
480 5161 569 5220 sopra
600 5143 776 5220 explicatum
809 5153 863 5203 est.
917 5143 966 5200 Ita
1003 5142 1126 5201 dilutam
1166 5146 1301 5203 existimo
1334 5148 1596 5220 incongruitatem

244 5228 398 5305 objectam.

331 5315 386 5375 Ad
411 5318 593 5396 hnalysin
617 5317 708 5376 XXI.
752 5317 811 5377 Hic
832 5329 865 5376 tu
889 5316 1006 5376 divellis
1028 5325 1140 5376 textum
1161 5335 1257 5377 meum
1281 5336 1406 5395 errmque
1430 5329 1597 5398 perpartes
1667 5388 1669 5396 ,

243 5403 413 5481 aggrederis
446 5407 583 5464 inermem
613 5414 643 5465 et
664 5408 837 5465 exanimem.
883 5406 975 5490 Atqui
998 5413 1057 5464 tres
1080 5405 1180 5465 ordine
1204 5424 1222 5463 a
1245 5413 1277 5465 te
1301 5406 1466 5467 collocatae
1498 5420 1596 5487 partes
1630 5431 1633 5435 ’

238 5496 355 5566 textos,
388 5491 525 5552 videlicet
548 5497 606 5565 ol,
638 5497 678 5551 22
703 5502 732 5552 et
755 5496 794 5551 23
825 5491 974 5567 conjuncti
1001 5509 1119 5552 sensum
1143 5492 1252 5552 habent
1281 5510 1387 5565 unum,
1419 5494 1596 5584 adduntque

245 5579 353 5638 ceteris·
373 5576 602 5651 discriminibus,
628 5596 704 5656 quae
725 5586 794 5639 sunt
816 5581 891 5639 inter
913 5590 942 5639 te
966 5589 995 5640 et
1017 5598 1079 5653 me,
1104 5598 1193 5639 unum
1217 5584 1350 5659 insuper,
1376 5581 1455 5658 qood
1478 5585 1594 5645 scilicet

243 5671 275 5723 tu
296 5670 394 5750 partes
417 5667 459 5725 rei
481 5667 641 5752 cujusque,
671 5684 759 5746 quam
789 5683 841 5743 pro
864 5668 999 5745 subjecto
1023 5667 1192 5730 harmoniae
1221 5668 1372 5744 venditas,
1403 5687 1462 5729 nou
1495 5674 1597 5750 aliqua
