3684 7259
740 1209 1054 1282 manuopera..
1501 1220 1562 1281 aot

302 1385 399 1462 Quam
421 1388 590 1449 methodum
613 1390 682 1448 dum
714 1407 766 1466 per
788 1392 927 1450 usitatam
951 1392 1107 1466 geometris
1129 1389 1355 1450 stoecbeiosin'
1347 1409 1376 1449 ιιι
1399 1391 1496 1451 lucem
1518 1372 1578 1450 lsi-⁵

214 1475 349 1534 tellectus
372 1476 490 1535 humaui
513 1479 640 1553 prolerre
662 1480 753 1551 nitor,
789 1479 890 1537 iuveat
913 1479 1054 1537 Arrctor
1046 1496 1108 1555 ipse
1132 1477 1297 1570 coelorum,
1322 1478 1409 1538 Pater
1432 1477 1567 1539 intellec·

214 1573 306 1634 tuum,
331 1562 467 1638 Largitor
489 1581 625 1623 sensuum
648 1564 823 1635 mortalium,
847 1568 910 1641 ipse
934 1566 1105 1626 immortalia
1128 1575 1158 1626 et
1178 1545 1480 1642 superbenediotus,
1472 1583 1567 1645 impe-

215 1650 345 1725 diatque,
369 1669 405 1708 ne
428 1652 499 1728 quid
522 1652 704 1728 indiguum
697 1655 788 1728 ipsius
811 1652 969 1728 Mujcstate
993 1654 1029 1714 de
1053 1654 1110 1713 hoc
1133 1670 1220 1731 opera
1242 1670 1296 1712 suo
1320 1662 1438 1714 nostrae
1459 1656 1565 1714 mentia

215 1738 354 1798 tenebrae
377 1741 533 1813 proferant,
557 1739 731 1815 efficiatque,
755 1748 788 1798 ut
809 1738 1050 1816 perfectionem
1041 1744 1135 1819 ipsius
1158 1757 1278 1817 opernm
1300 1744 1455 1802 sanctitate
1476 1743 1567 1818 vitae,

214 1825 253 1884 ad
276 1843 364 1899 quam
388 1828 542 1888 ecclesiam
565 1845 649 1891 snam
670 1829 701 1884 in
716 1825 813 1886 Terris
835 1827 924 1903 elegit
947 1837 975 1887 ιι
991 1829 1133 1904 sauguine
1148 1828 1200 1886 dlii
1222 1831 1268 1887 sui
1290 1845 1309 1887 a
1328 1830 1458 1905 peccatis
1478 1845 1567 1889 mon·

216 1913 307 1986 davit,
332 1931 387 1990 ope
410 1913 535 1991 Spiritus
558 1917 604 1973 sui
627 1916 722 1973 sancti
744 1930 798 1973 nos
820 1915 876 1974 Dei
899 1917 1060 1976 imitatores
1085 1915 1277 1988 aemulemur,
1300 1916 1402 1992 procul
1423 1914 1568 1977 habentes

216 2018 318 2060 omnes
333 2001 529 2061 dissonantiae
544 2004 770 2075 inimicitiarum,
794 2018 894 2061 omnes
910 2006 1119 2078 contentiones,
1143 2003 1365 2078 aemulationes,
1388 2005 1455 2078 iras,
1479 2005 1567 2076 rixas,

216 2088 422 2162 dissensiones,
445 2099 550 2164 sectas,
574 2089 725 2162 invidiam,
747 2092 981 2167 provocationes,
1006 2093 1180 2150 irritationes
1201 2110 1253 2168 per
1270 2090 1390 2151 dicteria
1413 2100 1568 2170 ceteraque

127 2179 129 2192 '
216 2178 311 2234 carnis
333 2195 439 2252 opera;
463 2176 543 2254 qnod
564 2195 678 2237 mecum
702 2180 812 2249 omnes,
836 2178 886 2253 qui
904 2180 1044 2255 spiritum
1067 2178 1175 2256 Christi
1198 2179 1317 2252 habent,
1341 2197 1399 2238 uon
1424 2179 1569 2256 optabunt

216 2274 340 2337 tantum,
362 2264 414 2324 sed
436 2274 467 2324 ιι
487 2266 574 2324 iactis
597 2266 1022 2342 exprimerenocetionemque
1044 2282 1128 2326 enam
1151 2277 1259 2326 certam
1282 2267 1376 2327 iacere
1398 2266 1567 2340 studebunt,
1593 2302 1597 2310 ·

216 2353 321 2428 spretis
344 2353 479 2411 omuibus
501 2356 631 2412 omnium
655 2354 780 2430 partium
801 2355 901 2428 pravis
924 2354 1062 2427 moribus,
1086 2355 1208 2414 obtentu
1231 2354 1288 2414 aeli
1310 2364 1362 2414 ant
1384 2357 1491 2414 amoris
1513 2372 1568 2414 ve·

216 2441 311 2497 ritatls
346 2447 396 2498 aut
419 2439 575 2515 singularis
608 2440 779 2499 eruditionis
802 2439 1002 2500 modestiaeve
1032 2459 1103 2517 erga
1129 2445 1327 2502 contentiosos
1354 2450 1567 2520 praeceptores,

217 2526 316 2584 aliove
339 2543 512 2604 quocunque
536 2531 669 2603 specioso
692 2534 847 2603 praetextu
870 2526 975 2588 velatis
1005 2536 1033 2587 ιι
1056 2531 1169 2591 lucetis.
1214 2529 1303 2589 Pater
1332 2538 1449 2603 sancte,
1483 2548 1570 2592 serva

217 2632 271 2672 nos
294 2616 323 2671 in
347 2618 541 2674 consonantia
563 2615 727 2675 dilectionis
749 2621 885 2687 mutuae,
910 2623 943 2673 ut
965 2617 1056 2675 simne
1079 2635 1184 2691 unum,
1213 2619 1289 2676 siout
1312 2624 1342 2676 et
1364 2625 1396 2676 ιιι
1418 2634 1484 2676 cum
1506 2616 1568 2676 filio

217 2713 285 2773 tuo,
317 2701 445 2760 Domino
469 2713 584 2774 nostro,
615 2711 645 2761 et
668 2702 777 2780 Spiritu
800 2710 902 2762 sancto
926 2719 1015 2761 unum
1045 2721 1096 2777 es,
1128 2712 1158 2763 ιι
1186 2706 1383 2764 sicutomuia
1406 2713 1569 2782 operatua

217 2806 269 2864 per
290 2792 467 2847 suavissima
490 2793 745 2849 consonantiarum
769 2789 886 2849 vincula
909 2808 999 2848 nuum
1022 2791 1129 2866 lecisti3
1160 2797 1190 2852 et
1217 2799 1250 2850 ut
1273 2809 1308 2851 ex
1331 2790 1451 2852 reducta
1472 2795 1568 2868 gentis

217 2885 285 2935 tuae
309 2878 465 2936 concordia
487 2881 528 2936 sic
552 2877 720 2936 aedificetur
742 2893 847 2952 corpus
868 2877 1011 2939 ecclesiae
1033 2891 1102 2939 tuae
1125 2881 1154 2937 in
1176 2878 1222 2938 lris
1233 2878 1344 2956 Terris,
1366 2881 1453 2940 sicuti
1476 2887 1508 2938 tu
1532 2895 1567 2938 ιι

218 2971 378 3029 harmoniis
401 2965 521 3025 Goelum
548 2968 642 3042 ipsum
665 2965 827 3024 extruxisti.

697 3122 889 3182 Rationes
918 3124 1089 3198 priores.

307 3267 464 3324 Axioma
486 3264 509 3320 Ι.
555 3264 790 3320 Consentaneum
813 3269 872 3335 ιιι,
896 3263 1063 3338 ubicunque
1087 3266 1205 3326 omniuo
1228 3262 1293 3322 lieri
1312 3263 1569 3340 potuit,.lrarmo·

215 3358 280 3413 nias
302 3358 377 3412 iuter
400 3360 530 3411 extrema
551 3359 683 3408 motuum
713 3357 774 3407 tam
796 3349 978 3424 singulorum
1002 3367 1090 3426 quam
1121 3353 1255 3410 binorum
1282 3350 1467 3427 planetarum
1498 3369 1570 3411 con·

214 3445 295 3502 stitui
319 3442 454 3501 debuisse
477 3439 654 3508 omnifariae,
678 3444 711 3494 ut
734 3438 860 3496 varietas
882 3439 939 3497 ista
962 3437 1102 3498 muudum
1123 3445 1285 3499 exornaret

305 3531 463 3587 Axioma
485 3526 524 3583 ll.
570 3523 730 3583 Intervalla
752 3525 881 3600 quinque
904 3525 1019 3584 orbium
1041 3543 1093 3586 sex
1115 3529 1244 3603 oportuit
1266 3525 1467 3603 magnitudine
1489 3544 1565 3603 qoa-

216 3618 372 3677 damtenus
393 3612 568 3691 respondere
591 3614 770 3689 proportioni
803 3614 917 3671 orbium
947 3617 1206 3690 geometricorum,
1235 3617 1286 3690 qui
1316 3613 1417 3691 liguris
1439 3617 1569 3691 quinque

216 3704 398 3805 regularibus
425 3700 527 3761 solidis
555 3701 685 3776 inscripti
714 3706 782 3757 sunt
812 3708 842 3759 ιι
868 3702 1095 3778 circumscripti,
1123 3700 1212 3778 idque
1241 3700 1342 3762 ordine
1369 3701 1488 3776 eodem,
1520 3704 1572 3781 qui

216 3794 347 3871 figuris
339 3794 411 3868 ipsis
432 3788 574 3848 naturalis
596 3794 648 3846 est

304 3876 345 3928 lle
363 3874 414 3927 boc
434 3872 494 3925 vide
512 3872 608 3939 cap..l
628 3867 826 3937 etldysterium
840 3868 1096 3939 cosmographicum
1114 3876 1142 3926 et
1160 3871 1422 3940 Epitomeadstron.
1446 3828 1493 3926 ιιιι
1505 3871 1553 3927 iv
1574 3926 1576 3930 .

302 3965 529 4041 Propositio
553 3960 608 4019 III
653 3960 732 4019 Inter
754 3959 901 4042 Tellurem
932 3970 961 4021 ιι
990 3963 1133 4038 Martem,
1167 3962 1350 4041 eandemque
1376 3971 1406 4024 et
1427 3961 1571 4023 Venerem

216 4053 374 4115 intervella
397 4052 560 4111 debuerunt
592 4066 656 4109 esse
687 4052 874 4125 proportione
904 4048 943 4109 ad
967 4051 1052 4111 orbes
1081 4068 1151 4112 suos
1182 4051 1303 4112 minima
1325 4066 1418 4127 eaque
1440 4049 1571 4128 monime
1643 4085 1647 4090 -

215 4143 368 4219 aequalia3
391 4138 550 4199 mediocria
574 4144 604 4196 et
625 4154 738 4196 rursum
761 4136 820 4196 lere
843 4138 981 4214 aequalia
1003 4140 1078 4197 inter
1100 4135 1258 4206 Salernum
1281 4147 1310 4198 et
1332 4133 1456 4213 Jovem,
1479 4138 1571 4197 inter·

216 4248 274 4306 quc
297 4229 441 4288 Venerem
465 4235 494 4285 et
515 4224 706 4298 Mercurinm3
729 4216 891 4283 maximum
912 4226 988 4286 inter
1009 4224 1118 4286 Jovem
1141 4233 1171 4286 et
1191 4223 1326 4288 ldartem

303 4329 372 4382 Nam
391 4341 441 4394 per
458 4339 492 4377 ax
521 4323 545 4377 2
564 4338 634 4391 quae
651 4322 755 4390 ligurse
771 4321 908 4377 minimam
926 4323 1030 4379 iaciunt
1047 4324 1152 4379 orbium
1178 4324 1402 4393 geometricorum
1419 4322 1572 4392 proportio·

216 4425 286 4477 nem,
306 4406 401 4460 iisdem
419 4404 547 4473 planetae
564 4402 789 4471 respondentes'
781 4418 809 4455 ιιι
828 4402 882 4456 situ
900 4402 1002 4458 debent
1017 4401 1113 4457 itidem
1129 4403 1266 4458 minimam
1284 4402 1386 4472 lacere;
1410 4402 1572 4457 mediocrem

215 4502 279 4541 sero
299 4486 332 4548 ii,
359 4484 405 4552 qni
423 4484 518 4552 figuris
535 4482 678 4537 mediocris
706 4480 890 4549 proportionis
908 4481 1091 4550 respondent,
1119 4490 1149 4537 et
1166 4485 1311 4538 maximam
1336 4482 1372 4550 ii,
1399 4482 1446 4549 qui
1469 4481 1575 4551 figurae

215 4565 349 4619 maximae
367 4562 560 4632 proportionis.
598 4559 652 4615 Sed
674 4575 728 4628 quo
753 4559 848 4614 ordine
873 4567 916 4614 ιιι
941 4560 1014 4614 ιιιιι
1029 4560 1132 4630 figuras
1150 4560 1339 4616 dodecabdron
1358 4567 1386 4614 ct
1403 4558 1573 4626 icosabdron,

215 4644 312 4699 eodem
330 4652 373 4696 est
389 4643 461 4695 inter
478 4639 647 4710 planetarum
666 4638 751 4707 bigae,
770 4653 825 4692 uua
842 4642 870 4710 d,
886 4646 914 4694 ιι
933 4637 969 4715 ὅ,
993 4634 1124 4716 altera&
1149 4647 1177 4694 et
1195 4633 1240 4715 Ως
1258 4648 1285 4693 ιι
1304 4656 1357 4709 quo
1376 4639 1470 4694 ordine
1488 4634 1573 4692 cubos

214 4737 241 4784 et
259 4729 417 4796 octaedron,
435 4727 531 4781 eodem
550 4727 613 4793 biga
630 4718 653 4800 ιι
681 4734 708 4779 ιι
730 4721 761 4794 ιι
788 4734 816 4779 ιι
835 4725 899 4795 biga
926 4718 952 4801 ῼ
971 4732 1000 4779 et
1018 4719 1063 4803 ᾤι
1081 4743 1136 4797 quo
1155 4727 1272 4795 denique
1291 4724 1387 4781 ordine
1403 4723 1570 4791 tetraedron,

216 4816 312 4871 eodem
330 4822 358 4870 ιι
375 4814 438 4884 biga
463 4811 583 4882 ιιιιιό
602 4812 663 4866 ride
681 4829 740 4882 cap.
759 4816 784 4868 3.
820 4813 895 4884 Ergo
913 4815 1024 4868 minima
1042 4813 1095 4868 erit
1111 4814 1183 4867 iuter
1201 4813 1281 4866 orbes
1299 4812 1466 4880 planetarios
1484 4811 1570 4880 prino

215 4902 303 4958 dictos
322 4902 470 4972 proportio
488 4900 559 4953 ιιιιιι
576 4915 640 4953 vero
658 4893 681 4975 ι’)
701 4907 729 4957 ιι
751 4892 786 4978 ιι
812 4901 871 4956 iere
891 4901 1014 4998 aequalis
1039 4901 1079 4971 ei,
1107 4915 1177 4972 quae
1203 4901 1275 4955 inter
1296 4892 1322 4976 ῼ
1342 4892 1433 4978 ιιζι;
1456 4898 1574 4967 denique

214 4990 332 5044 maxima
354 4988 425 5043 inter
451 4983 482 5058 ιι
500 4994 528 5042 ιι
545 4991 569 5052 d
587 4989 675 5042 orbes

303 5090 461 5148 Arioma
483 5086 537 5146 IV.
583 5088 725 5150 Planetae
747 5107 850 5150 omues
873 5090 982 5150 debent
1012 5091 1120 5150 babere
1143 5107 1213 5151 suas
1237 5092 1484 5164 eccantricitatas,
1498 5086 1573 5172 ‚nori

216 5180 314 5236 miuus
348 5193 437 5252 quam
469 5174 635 5235 latitudinis
667 5187 794 5252 motum,
829 5186 859 5237 ιι
888 5178 1051 5239 secuudum
1081 5195 1132 5238 eae
1159 5179 1249 5239 etiam
1277 5177 1432 5239 dbtautias
1454 5196 1472 5238 a
1494 5174 1573 5252 Sole,

215 5267 296 5325 ionte
319 5273 425 5377 motus,
449 5262 590 5373 diseretis.

216 5445 304 5513 ligura
320 5443 454 5513 regionis,
473 5458 554 5510 quam
573 5441 685 5509 planeta
703 5361 818 5509 quilibet
835 5448 912 5496 motu
929 5448 1065 5509 permeat,
1087 5456 1143 5494 non
1160 5440 1202 5495 iit
1219 5442 1312 5497 statim
1330 5442 1390 5498 ab
1382 5438 1459 5499 initio
1477 5441 1573 5511 solide,
1615 5438 1618 5442 ’

217 5524 266 5578 sed
284 5538 413 5577 successu
433 5522 562 5588 temporis
581 5520 698 5589 acquirit
715 5517 822 5573 demum
840 5534 918 5572 suam
936 5533 991 5574 non
1010 5518 1209 5589 longitudinem
1226 5527 1346 5590 tautum,
1370 5521 1418 5576 sed
1436 5522 1519 5578 etiam
1535 5520 1573 5577 la·

216 5603 361 5659 titudinem
379 5611 407 5656 et
424 5600 652 5669 profunditatem,
684 5597 805 5669 perfecto
823 5597 1022 5654 dimensionum
1039 5599 1172 5666 ternario,
1199 5599 1287 5669 fitque
1304 5600 1344 5656 ιιι
1361 5600 1493 5670 paulatim

217 5680 333 5737 nexione
350 5688 379 5736 et
396 5679 611 5737 accumulatione
633 5678 810 5750 plurimarum
835 5676 1057 5750 cimnlrtionum,
1083 5686 1114 5736 ut
1134 5686 1354 5749 repraesentatur
1372 5680 1478 5750 species
1500 5696 1517 5737 o
