3684 7259
754 1223 836 1278 Liber
851 1224 899 1278 Ill.
919 1222 1008 1291 Caput
1025 1221 1097 1276 XVI.
1346 1213 1356 1244 '¹
1516 1220 1595 1288 >409

246 1413 385 1468 sonorum
409 1397 554 1479 oppositio
579 1401 729 1479 diapason,
754 1405 824 1479 quia
840 1404 1081 1461 contraeonahtcs
1105 1398 1240 1460 dicuntur
1264 1398 1422 1458 stillarum
1446 1398 1596 1478 proportio

247 1485 338 1563 dupla
361 1489 440 1563 prius
465 1491 491 1544 io
516 1492 731 1565 comparatione
755 1506 820 1549 eum
844 1488 1122 1568 configurationibus
1139 1486 1316 1565 oppositioni
1332 1486 1596 1565 aequiparabatur3

247 1576 322 1632 inter
347 1592 415 1634 vero
437 1575 765 1650 proslambanomenon,
796 1576 922 1635 Saturno
949 1575 1101 1648 tributam,
1133 1583 1162 1635 et
1185 1573 1279 1633 dictam
1302 1571 1376 1632 duas
1398 1582 1443 1633 est
1465 1572 1597 1648 similiter

247 1666 493 1734 corrtrasonantia,
517 1664 555 1721 ad
578 1682 676 1723 mesen
700 1663 831 1741 simplex,
855 1664 892 1725 ad
916 1673 1001 1721 neten
1019 1661 1136 1738 duplex,
1160 1660 1347 1737 disdiapason
1371 1660 1473 1720 dictaz'
1488 1661 1596 1737 quippe

247 1757 277 1808 ct
300 1748 407 1825 duplae
429 1753 625 1826 proportionis
648 1750 778 1828 duplum,
801 1751 858 1810 bec
880 1759 925 1810 est
948 1747 1112 1827 quadrupla
1136 1752 1284 1826 proportio
1308 1750 1435 1807 interest.
1469 1746 1596 1811 Rursum

246 1838 321 1894 inter
343 1836 451 1895 lovem
476 1849 505 1897 et
530 1838 672 1897 Venerem
696 1838 842 1898 benetieos
864 1834 1049 1897 familiaritas
1072 1842 1125 1908 est,
1149 1835 1327 1914 respondens
1350 1833 1596 1894 identisonantiac

248 1922 389 2001 diapason
420 1926 494 1983 inter
524 1925 653 2002 hypaten
677 1925 808 2002 hypaton
832 1934 860 1984 et
889 1940 1071 2002 paramesen.
1117 1923 1197 1982 Mars
1220 1940 1338 1999 quoque
1362 1940 1427 1981 cum
1451 1921 1595 2004 Mercurio

248 2012 406 2069 amicitiam
431 2011 516 2085 colit,
547 2022 579 2071 ut
602 2022 647 2073 est
669 2014 743 2071 inter
766 2013 893 2090 hypaten
917 2029 1017 2070 meson
1041 2021 1070 2069 et
1090 2021 1177 2086 neten
1201 2010 1429 2086 diezeugmenon
1453 2008 1595 2069 identiso·

248 2101 348 2156 nantia
377 2099 517 2174 diapason
536 2097 590 2179 ¹1¹).
636 2099 806 2178 Respondet
834 2108 863 2159 et
885 2098 955 2171 hoc,
989 2097 1068 2173 quod
1091 2107 1123 2157 nt
1146 2104 1191 2159 est
1218 2099 1291 2157 inter
1315 2100 1402 2156 maris
1424 2114 1543 2173 gravem
1567 2106 1596 2156 ct

247 2188 373 2246 feminae
398 2197 513 2259 acutam
537 2205 638 2246 vocem
662 2187 832 2262 plerumque
856 2188 1049 2245 consonantia
1072 2184 1213 2263 diapason
1236 2182 1322 2265 (quas
1345 2202 1433 2244 voees
1456 2192 1486 2243 et
1506 2191 1595 2241 natu·

248 2291 298 2331 rac
322 2284 492 2348 sequuntur,
516 2283 545 2333 et
567 2276 666 2333 munia
688 2282 718 2333 et
740 2278 816 2334 vires
838 2275 991 2350 utriusque
1013 2289 1116 2347 sexus3
1140 2280 1173 2331 ut
1188 2279 1285 2340 tamcu
1308 2274 1516 2356 contrariorum
1539 2269 1596 2330 ho·

247 2377 312 2418 rum
336 2361 469 2418 binorum
492 2364 659 2434 gratissima
679 2364 717 2420 sit
741 2361 862 2436 copula,
893 2364 922 2418 in
952 2377 1042 2419 unum
1072 2353 1267 2435 generationis
1291 2359 1454 2435 domusque
1478 2366 1595 2418 susten·
1652 2363 1656 2375 ‘

249 2447 358 2506 tandae
382 2466 456 2525 opus
478 2446 668 2528 conspirans),
691 2466 785 2525 eoque
808 2465 902 2506 mares
925 2448 1067 2521 gravibus
1090 2446 1301 2506 inharmonice
1323 2454 1482 2525 systemate
1505 2450 1594 2513 sonis,

250 2536 375 2593 lerninae
398 2538 490 2594 acutis
514 2545 728 2612 comparantur,
751 2539 793 2595 sic
816 2540 905 2595 etiam
928 2534 979 2593 Sol
1004 2544 1034 2592 et
1056 2533 1200 2593 Saturnus
1223 2534 1334 2608 Lunae,
1356 2533 1474 2611 Jupiter
1498 2533 1596 2594 Vene-

249 2625 298 2694 ris,
322 2621 401 2697 Mare
425 2622 561 2682 Mercurii
584 2626 664 2682 sonis
692 2639 781 2682 sonos
803 2625 967 2699 graviores,
992 2620 1133 2697 diapason
1157 2629 1186 2680 et
1209 2620 1399 2698 disdiapason
1421 2622 1594 2694 obtinentes,

249 2708 401 2767 masculini
424 2713 539 2784 generis
562 2728 626 2770 esse
649 2711 837 2790 perhibentur
859 2710 897 2767 ab
920 2704 1091 2784 astrologis,
1122 2707 1223 2768 Venus
1252 2716 1352 2770 contra
1374 2709 1595 2785 Mercuriusque

249 2806 277 2856 et
300 2796 398 2869 Luna,
430 2800 536 2873 quibus
565 2801 709 2857 acutiores
740 2798 881 2874 diapason
912 2797 1027 2877 termini
1056 2796 1171 2855 luerunt
1193 2796 1346 2873 applicati,
1377 2796 1522 2856 habentur
1543 2802 1595 2872 pre

247 2886 378 2946 feminini
401 2902 488 2943 sexus
511 2884 636 2960 planetis
653 2882 706 2963 W).
751 2885 789 2942 Et
811 2882 1057 2959 quemadmodum
1072 2901 1169 2960 supra,
1194 2901 1258 2944 eum
1281 2883 1406 2943 latitudo
1428 2884 1595 2961 systematis

247 2971 443 3047 applicaretur
465 2973 600 3044 zodiaco,
631 2974 774 3050 oppositis
797 2973 889 3047 signis
913 2970 1071 3029 veniebant
1093 2973 1156 3037 soni
1180 2988 1232 3031 scu
1255 2969 1381 3033 chordae
1397 2969 1490 3044 illae,
1512 2988 1595 3048 quae

247 3066 315 3117 sunt
337 3067 440 3134 postea
462 3059 588 3118 Saturno
612 3069 642 3119 et
664 3060 726 3118 Soli
748 3060 884 3131 tributae,
907 3060 951 3117 sie
971 3060 1060 3118 ctiam
1082 3058 1222 3134 astrologi
1246 3057 1364 3117 Saturni
1387 3059 1595 3124 exaltationem

248 3146 350 3204 dicunt
373 3149 401 3202 in
425 3147 515 3205 Libra
538 3164 620 3219 esse,
643 3145 720 3205 Solis
743 3149 772 3204 in
797 3147 933 3222 opposito
958 3145 1072 3217 Ariete,
1096 3144 1212 3204 Saturni
1237 3145 1355 3205 domum
1378 3146 1595 3227 Capricornum,

248 3234 350 3291 Lunae
375 3237 541 3310 oppositum
566 3234 718 3302 Cancrum,
743 3233 860 3292 Saturni
883 3232 1003 3291 domum
1020 3233 1191 3308 Aquarium,
1214 3231 1292 3292 Solis
1314 3232 1433 3293 domum
1456 3233 1594 3304 Leonem,

248 3322 384 3396 opposita
407 3323 491 3396 signa
505 3318 544 3399 V).
868 3372 869 3375 ,

335 3408 530 3466 Veruntamen
555 3411 583 3465 in
606 3409 745 3479 motibus,
769 3426 804 3467 cx
828 3407 935 3483 quibus
957 3407 1141 3482 planetarum
1163 3406 1375 3466 familiaritates
1399 3407 1447 3467 vel
1470 3406 1595 3483 impedi·

248 3502 347 3554 menta
370 3498 399 3552 in
423 3495 564 3570 largiendi
587 3495 674 3554 modo
698 3495 863 3573 colligenda
886 3494 1020 3567 diximus,
1044 3496 1118 3553 torte
1141 3493 1225 3570 plura
1246 3494 1471 3571 respondebunt,
1495 3497 1519 3553 si
1543 3512 1596 3552 ne·

246 3584 358 3656 gotium
381 3585 410 3639 in
434 3584 519 3655 hune,
543 3586 594 3658 qui
616 3585 756 3658 sequitur,
780 3581 899 3641 modum
922 3584 1152 3640 tractaverimus.
1204 3582 1318 3641 Etenim
1342 3584 1384 3641 sie
1407 3582 1445 3641 ab
1468 3584 1597 3657 antiquis

249 3671 428 3744 accepimus,
455 3680 549 3728 certos
573 3665 637 3729 esse
659 3687 812 3738 numeros,
836 3687 887 3745 per
909 3687 983 3744 quos
1008 3671 1115 3739 omnia,
1140 3669 1294 3745 quaesibi
1318 3673 1504 3739 conueniunt,
1524 3670 1596 3745 jun-

247 3766 357 3829 guntur
373 3767 402 3816 et
416 3765 564 3841 aptantur,
581 3766 611 3815 ut
626 3756 678 3817 fiat
689 3758 833 3833 jugabilis
848 3759 1052 3833 competentia,
1075 3774 1129 3815 nec
1149 3758 1307 3832 quiequam
1323 3774 1408 3835 posse
1424 3756 1517 3828 alteri,
1541 3758 1596 3814 nisi

246 3862 301 3918 per
323 3844 378 3903 hos
402 3862 546 3916 numeros,
572 3847 736 3905 convenire.
761 3844 938 3921 Propagatio
955 3859 1055 3903 eorum
1079 3851 1122 3904 est
1144 3852 1217 3919 post.
1233 3846 1375 3912 unitatem
1398 3862 1449 3921 per
1471 3846 1595 3921 primum

247 3948 348 4006 parem
373 3935 391 3988 2
416 3942 444 3990 et
467 3936 591 4007 primurn
615 3935 754 4009 imparem
779 3934 796 3990 3
821 3948 981 4006 eorumque
1004 3931 1162 4006 quadratos
1186 3934 1216 4004 4,
1240 3933 1258 3990 9
1282 3938 1312 3991 et
1334 3932 1426 3991 cubos
1450 3931 1480 4009 8,
1504 3934 1542 3989 27
1567 3940 1596 3989 et

247 4018 369 4076 ulterius
393 4022 564 4077 continuata
586 4022 782 4096 proportione,
815 4019 878 4078 illic
899 4019 1016 4095 quidem
1050 4020 1103 4088 16,
1128 4021 1184 4089 32,
1209 4019 1259 4090 64,
1287 4019 1346 4077 128
1380 4019 1427 4078 hie
1456 4018 1506 4090 81,

249 4106 291 4162 Ex
315 4106 361 4164 lris
383 4116 459 4178 sunt,
484 4107 560 4165 unde
583 4115 743 4165 nascuntur
765 4107 977 4183 proportiones,
1001 4106 1107 4180 quibus
1121 4105 1290 4165 harmoniae
1306 4108 1497 4165 continentur.
1521 4104 1596 4163 Sunt

247 4202 345 4252 antem
369 4197 556 4270 praecipuae:
583 4197 723 4270 epitritos,
745 4193 932 4270 hemtholios,
955 4192 1113 4269 epogdoos,
1138 4191 1267 4269 duplaris
1290 4195 1378 4267 (istae
1401 4192 1514 4252 illarum
1539 4191 1595 4249 dis·

246 4280 368 4339 ferentia
392 4290 420 4339 et
443 4280 586 4353 summa),
607 4281 742 4358 triplaris,
767 4281 979 4357 quadruplaris.
1026 4280 1094 4339 Sinc
1117 4280 1161 4338 his
1184 4282 1311 4339 numeris
1333 4279 1414 4339 nulla
1436 4278 1594 4355 colligatio,

246 4367 328 4427 nulla
350 4377 446 4443 potest
470 4386 533 4428 esse
557 4369 720 4430 concordia.
752 4367 851 4426 Vitam
875 4385 944 4426 vero
967 4376 1095 4427 nostrarn
1118 4369 1274 4443 praecipue
1297 4366 1348 4427 Sol
1372 4375 1401 4427 et
1424 4367 1508 4426 Luna
1530 4385 1594 4425 mo-

246 4453 392 4513 derantur.
438 4455 513 4513 Nam
542 4474 606 4514 eum
636 4458 695 4512 sint
725 4454 900 4514 caducorum
932 4454 1006 4514 baec
1028 4454 1086 4513 duo
1109 4456 1243 4532 propria,
1277 4456 1384 4515 sentire
1407 4463 1435 4514 et
1459 4471 1595 4525 crescere,
1656 4494 1659 4499 -

245 4543 435 4615 aeetbeticon,
460 4542 487 4599 id
511 4555 555 4602 est
578 4541 721 4602 sentiendi
745 4550 857 4613 natura,
882 4540 917 4599 de
941 4541 1011 4602 Sole
1033 4539 1083 4619 (ob
1106 4542 1200 4601 lucern
1223 4543 1260 4601 ab
1284 4538 1350 4621 eo),
1373 4542 1515 4621 physicen
1538 4558 1594 4601 au·

246 4637 314 4701 tem,
339 4632 366 4686 id
392 4643 436 4688 est
458 4630 605 4689 crescendi
628 4639 740 4702 natura,
765 4628 801 4688 de
824 4629 932 4687 Lunari
955 4628 993 4688 ad
1017 4646 1071 4687 nos
1093 4628 1271 4705 globositate
1294 4627 1339 4709 (ut
1360 4647 1420 4704 qua
1442 4637 1595 4697 crescente,
1670 4641 1676 4652 ·

247 4716 382 4776 humores
405 4734 505 4775 ornnes
528 4717 673 4797 crescunt)
696 4719 884 4793 proveniunt:
909 4718 952 4775 sic
974 4717 1125 4793 utriusque
1143 4716 1263 4776 luminis
1278 4717 1419 4794 beneficio
1443 4714 1517 4776 hacc
1538 4732 1594 4776 no·
1705 4728 1706 4731 ’

245 4803 291 4862 bis
314 4813 429 4864 constat
453 4809 527 4873 vita,
558 4823 616 4881 qua
644 4806 774 4863 fruimur.
819 4804 1010 4864 conservatio
1039 4812 1134 4864 tamen
1166 4812 1266 4864 uestra
1300 4813 1329 4863 et
1361 4810 1521 4881 proventus
1543 4820 1595 4863 ac-

245 4900 328 4950 tuum
351 4902 410 4950 tam
434 4892 472 4950 ad
494 4894 558 4967 ipsa
581 4890 639 4950 duo
661 4887 792 4965 lumina,
815 4910 903 4968 quam
927 4891 965 4950 ad
988 4892 1117 4968 quinque
1140 4909 1234 4968 vagas
1254 4890 1358 4976 stellas
1381 4891 1512 4973 refertur.
1536 4889 1595 4950 Sed

246 4978 349 5037 harum
372 4980 521 5037 stellarum
545 4978 622 5037 alius
645 4981 825 5038 interventus
848 4996 1050 5051 numerorum,
1082 4996 1206 5054 quorum
1231 4978 1295 5054 iam
1325 4978 1447 5039 lecimus
1469 4978 1596 5037 mentio·

245 5083 321 5132 nem,
345 5083 410 5125 curn
433 5067 591 5125 luminibus
614 5067 685 5124 bene
705 5066 804 5143 jungit
828 5075 857 5125 et
879 5069 989 5140 sociat,
1012 5066 1087 5125 alius
1103 5065 1201 5126 nullus
1217 5066 1347 5143 applicat
1368 5066 1480 5125 numeri
1502 5082 1595 5124 nexus

245 5152 283 5212 ad
307 5153 427 5212 lumina.
474 5155 549 5228 Ergo
573 5154 759 5220 Venereaet
780 5151 911 5212 Jovialis
934 5150 1022 5213 'stclla
1042 5170 1094 5230 per
1115 5152 1170 5213 hes
1193 5170 1328 5213 numeros
1352 5154 1467 5229 utrique
1489 5149 1591 5210 lumini

244 5243 408 5300 sociantur:
442 5240 492 5299 ille
514 5240 575 5299 Soli
603 5240 722 5316 quidem
749 5258 801 5316 per
836 5235 873 5319 V,
895 5249 925 5299 et
953 5235 1005 5321 74,
1037 5239 1137 5299 Lunae
1166 5257 1237 5300 vere
1267 5258 1317 5317 per
1343 5234 1412 5320 ¹s„,
1443 5238 1522 5317 quod
1551 5248 1595 5299 est

244 5330 342 5388 sexies
367 5330 398 5399 6,
426 5326 475 5386 vel
506 5336 549 5387 ter
578 5335 680 5402 quater
709 5329 782 5397 tria,
814 5333 844 5386 et
864 5345 915 5400 per
944 5321 1012 5407 'tw
1036 5325 1115 5402 quod
1137 5337 1181 5386 cst
1204 5336 1248 5387 ter
1270 5336 1373 5404 quater
1396 5335 1541 5402 quatuor,
1566 5334 1596 5386 et

245 5432 297 5491 per
325 5411 394 5496 Vp„
428 5418 484 5473 isla
515 5431 584 5473 vero
610 5413 673 5473 Soli
703 5413 821 5490 quidem
843 5430 895 5489 per
917 5409 967 5492 V„
998 5412 1099 5473 banse
1120 5431 1191 5473 vero
1220 5431 1273 5490 per
1308 5401 1345 5495 'lg
1369 5421 1399 5473 st
1426 5410 1489 5494 ’ΛΨ
1535 5412 1594 5474 Sed

244 5500 374 5561 Jovialis
396 5501 457 5561 Soli
481 5519 532 5577 per
554 5500 902 5576 potiores„11unaevero
925 5517 977 5575 per
995 5499 1112 5558 viliores
1134 5518 1271 5560 numeros
1294 5508 1480 5577 aggregatur.
1517 5499 1595 5560 Hine

243 5587 314 5648 licet
336 5598 458 5665 utraque
482 5588 612 5647 benefica
633 5588 785 5660 credatur,
816 5586 904 5664 Jovis
927 5596 1024 5650 tamen
1047 5585 1133 5647 stella
1165 5589 1231 5648 cum
1253 5587 1323 5648 Sole
1346 5586 1594 5650 accommodatior

246 5683 292 5737 est
313 5695 365 5753 per
392 5671 427 5758 V,
449 5684 479 5737 et
505 5671 559 5760 ¹s4,
583 5683 613 5736 et
634 5675 768 5736 Veneres
789 5691 855 5734 cum
877 5673 964 5734 Lana
984 5690 1037 5751 per
1062 5670 1099 5757 V,
1122 5682 1152 5735 et
1176 5671 1250 5760 712,
1273 5677 1344 5754 quia
1359 5673 1400 5740 12
1424 5680 1469 5736 est
1490 5683 1594 5752 qnater
