3684 7259
710 1191 793 1248 Iubar
810 1191 842 1246 V.
861 1192 951 1261 Caput
967 1191 1014 1247 IV.
1248 1227 1251 1234 ·
1364 1216 1403 1279 ι·
1474 1197 1537 1257 985

272 1372 389 1433 Nullius
412 1376 500 1451 igitur
520 1372 658 1451 planetae
679 1374 766 1432 unius
797 1371 954 1432 intervalla
981 1377 1111 1432 extrema
1141 1354 1179 1431 ad
1200 1369 1368 1432 harmonias
1391 1369 1537 1446 alludunt,
1612 1373 1616 1380 '

184 1468 298 1536 praeter
321 1461 424 1521 Martis
448 1470 477 1522 et
498 1461 643 1520 Mercurii.
658 1455 704 1540 ⁴²¹)

272 1548 312 1606 At
335 1552 360 1607 si
384 1549 564 1609 diversorum
586 1547 770 1625 planetarum
792 1545 947 1605 intervalla
978 1553 1107 1605 extrema
1130 1549 1203 1606 inter
1225 1563 1256 1605 se
1280 1558 1447 1621 compares,
1470 1525 1538 1620 padi

185 1634 325 1710 affulgere
354 1638 456 1714 incipit
485 1637 585 1712 aliqua
613 1635 663 1693 lux
693 1635 883 1693 harmonicas.
928 1634 1004 1693 Nam
1037 1642 1166 1693 extrema
1193 1630 1213 1711 i)
1244 1641 1273 1694 et
1302 1631 1539 1710 Qldivergentia

185 1721 297 1780 iaciunt
319 1725 406 1800 paulo
428 1725 495 1801 plus
519 1742 606 1800 quam
630 1722 781 1798 diapason,
805 1724 1017 1801 convergcntia·
1027 1722 1156 1781 medium
1179 1724 1372 1782 intersertas
1394 1717 1536 1796 majorem

186 1818 216 1868 et
237 1811 386 1871 minorem.
432 1812 482 1872 Sic
504 1818 633 1871 extrema
655 1811 686 1883 ll
708 1817 738 1868 et
759 1809 980 1886 &divergentia
1004 1808 1234 1885 complectuntur
1256 1808 1314 1869 iere
1338 1806 1545 1884 disdiapason,

187 1902 394 1975 convergentia
414 1899 473 1958 scre
496 1899 631 1974 diapente
655 1913 721 1956 cum
743 1896 893 1973 diapason.
927 1895 1053 1956 Telluris
1076 1914 1146 1957 vero
1170 1905 1199 1956 et
1220 1904 1245 1965 0·
1268 1895 1449 1972 divergentia
1471 1896 1537 1971 plus
1615 1938 1616 1941 ,

186 1984 338 2061 aliquanto
377 1994 445 2045 sunt
473 1985 625 2063 complexa
660 2001 748 2060 quam
781 1992 894 2043 sextam
924 1986 1082 2059 majorem,
1118 1986 1325 2061 convergentia
1357 1983 1537 2042 diatessaron

187 2072 349 2133 abundans.
394 2073 428 2132 In
458 2075 590 2150 sequenti
620 2070 726 2149 copula
755 2070 881 2130 Telluris
911 2078 941 2131 et
965 2068 990 2150 ῼ
1013 2089 1126 2130 rursum
1161 2075 1235 2130 inter
1264 2071 1471 2147 courergeniia
1494 2079 1539 2130 cst

187 2158 265 2218 idem
287 2159 469 2220 diatessaron
492 2158 660 2232 abundans,
696 2166 727 2219 at
758 2162 832 2218 inter
862 2159 1042 2235 divergentia
1072 2158 1255 2219 destituimur
1277 2159 1445 2217 harmonica
1466 2176 1537 2235 pro·
1647 2216 1656 2230 ,

187 2250 335 2322 portione:
366 2252 459 2307 minor
491 2251 566 2308 enim
595 2255 639 2307 eat
668 2265 755 2323 quam
789 2247 1009 2323 hemidiapason
1040 2242 1080 2328 (si
1111 2250 1153 2305 ita
1174 2247 1243 2306 licet
1264 2242 1379 2326 loqui),
1409 2246 1465 2314 hoc
1495 2254 1538 2305 est

187 2336 281 2393 minor
303 2354 392 2411 quam
414 2335 585 2412 semidupla
610 2334 744 2411 Denique
768 2336 842 2395 inter
864 2330 890 2413 ῼ
914 2341 944 2393 et
967 2329 992 2414 Q
1016 2332 1197 2408 divergentia
1219 2332 1424 2416 paulominus
1448 2334 1539 2393 inter·

188 2430 233 2480 est
255 2426 417 2500 composita
440 2441 476 2482 ex
498 2423 640 2499 diapason
670 2429 699 2482 et
729 2424 815 2483 tertia
837 2425 967 2495 minore,
1000 2424 1074 2482 inter
1101 2423 1309 2498 convergentia
1335 2430 1380 2481 est
1402 2421 1538 2496 diapente

188 2509 351 2586 abundans,
374 2510 462 2587 paulo
485 2508 561 2586 plus.
909 2554 911 2558 .
1014 2546 1018 2554 ·

272 2598 336 2657 Etsi
358 2600 447 2674 igitur
462 2616 550 2656 unum
573 2594 758 2655 intervallum
781 2594 870 2672 paulo
893 2595 1009 2670 longius
1026 2596 1088 2653 abit
1104 2597 1140 2654 ab
1156 2595 1341 2664 harmonicis,
1364 2595 1418 2654 tuit
1440 2602 1537 2654 tamen

187 2683 234 2742 hic
256 2702 408 2745 successus
431 2688 653 2745 invitamentum
676 2684 713 2743 ad
736 2681 979 2760 progrediendum
996 2682 1126 2741 ulterius.
1149 2683 1241 2742 Erant
1255 2692 1353 2742 autem
1376 2682 1431 2741 hae
1454 2699 1537 2742 meae

187 2774 435 2834 ratiocinationes.
480 2773 609 2832 Primum
642 2770 796 2830 intervalla
825 2769 913 2843 haec,
945 2772 973 2827 in
998 2779 1139 2845 quantum
1161 2778 1229 2843 sunt
1251 2769 1449 2845 longitudines
1472 2772 1535 2829 sine

187 2867 284 2932 motu,
319 2878 376 2918 non
400 2868 467 2938 apte
490 2859 528 2918 ad
558 2860 728 2919 harmonica
750 2860 965 2928 examinantur,
999 2859 1069 2933 quia
1099 2857 1257 2921 harmoniis
1279 2859 1374 2934 magis
1396 2857 1537 2923 familiare

187 2947 351 3022 subJectum
374 2957 418 3006 est
441 2956 551 3022 motus,
582 2964 671 3006 causa
701 2944 856 3005 celeritatis
888 2952 917 3004 et
948 2945 1101 3003 tarditatis.
1147 2943 1261 3004 Deinde
1293 2946 1323 3003 in
1357 2944 1476 3017 iisdem,
1508 2947 1536 3002 in

188 3042 329 3108 quantum
352 3045 420 3094 sunt
444 3036 577 3094 diametri
600 3035 722 3105 orbium,
747 3031 884 3091 credibile
908 3039 952 3092 est
978 3033 1121 3108 potiorem
1154 3049 1218 3091 esse
1240 3032 1372 3091 habitam
1395 3034 1537 3091 rationem
1617 3058 1620 3066 1
1697 3033 1706 3044 “

188 3137 341 3197 corporum
364 3122 539 3198 regularium
565 3124 694 3197 quinque
716 3137 752 3179 ex
768 3119 921 3195 analogia,
947 3121 1017 3194 quia
1039 3136 1114 3194 quae
1138 3121 1212 3179 ratio
1228 3127 1442 3197 est‘corporum
1464 3137 1538 3195 geo-

187 3213 371 3268 metricorum
395 3210 554 3268 aolidorum
578 3209 615 3267 ad
639 3207 781 3267 coelestes
805 3208 898 3278 orbes,
923 3206 1112 3283 undiquaque
1128 3207 1175 3265 vel
1191 3206 1306 3266 clausos
1329 3202 1448 3267 coelesti
1473 3225 1538 3265 ma-

187 3299 275 3370 teria,
311 3306 343 3355 ut
366 3296 429 3355 vult
451 3299 624 3373 antiquitas,
651 3295 698 3354 vei
730 3292 908 3354 claudendos
939 3297 1103 3354 successive
1132 3294 1321 3371 plurimarum
1352 3298 1539 3371 gyratienum
1645 3335 1649 3350 .

188 3383 454 3458 agglomeratione,
484 3385 585 3443 cadem
609 3389 654 3441 est
677 3389 706 3441 et
728 3381 881 3458 planarum
904 3380 1069 3458 figurarum,
1094 3383 1202 3441 circulo
1225 3382 1428 3460 iuscriptilium
1451 3381 1539 3461 (quac

188 3470 298 3545 figurae
321 3472 488 3531 harmonias
512 3465 661 3551 gignunt),
685 3468 723 3527 ad
746 3468 868 3528 circulos
884 3470 1026 3529 coelestes
1048 3470 1188 3528 motuum
1203 3478 1357 3546 ceteraque
1380 3469 1485 3547 spatia,
1509 3472 1538 3527 in

188 3559 295 3632 quibus
318 3558 393 3618 fiunt
415 3566 521 3619 matus.
560 3558 636 3634 Ergo
660 3558 685 3614 si
709 3558 876 3632 quaerimus
890 3556 1066 3638 harmonias,
1090 3574 1265 3633 quaeramus
1288 3574 1338 3617 eas
1360 3574 1418 3616 non
1441 3561 1471 3615 in
1494 3556 1544 3617 his·
1612 3609 1614 3616 ,

187 3645 363 3718 intervallis,
397 3653 430 3704 ut
452 3653 520 3705 sunt
542 3644 749 3705 semidiametri
774 3644 901 3717 orbium,
930 3643 981 3703 sed
1005 3643 1129 3717 inillis,
1153 3652 1185 3704 ut
1207 3654 1275 3703 sunt
1297 3662 1450 3705 mensurae
1473 3641 1539 3704 mo·‘

182 3731 279 3805 tuam,
303 3733 359 3791 hoe
383 3735 478 3792 estin
502 3735 574 3809 ipsis
597 3734 695 3810 potius
717 3732 877 3790 motibus.¹
900 3730 979 3791 Saue
1002 3732 1157 3791 intervalla
1179 3728 1319 3793 nonalia
1340 3742 1465 3810 possunt
1487 3750 1540 3792 ac·
1619 3755 1625 3771 ·

187 3823 244 3896 cipi
275 3838 327 3895 pro
357 3819 580 3880 semidiametris
608 3820 736 3892 orbium,
769 3811 855 3895 quan'r
884 3818 1057 3894 mediocria,
1091 3836 1145 3879 nos
1168 3836 1238 3880 vero
1268 3821 1315 3880 hic
1344 3820 1380 3880 de
1404 3822 1539 3880 extremis

187 3910 302 3984 agimus
326 3907 497 3966 intervallis.
542 3908 608 3966 Non
631 3909 745 3983 agimus
768 3908 857 3983 igitur
879 3908 916 3968 de
938 3906 1101 3967 intervallis
1115 3900 1250 3985 respectu
1273 3924 1392 3967 saomm
1415 3909 1537 3981 orbium,

187 3993 239 4054 sed
262 4004 396 4071 respectu
419 4003 559 4055 motuum.
1171 4050 1173 4054 ,

273 4082 329 4141 His
352 4086 440 4159 igitur
463 4082 498 4142 de
522 4083 619 4141 causis
643 4099 708 4140 cnm
731 4080 769 4139 ad
792 4087 924 4140 motuum
947 4089 1139 4144 extremorum
1162 4084 1409 4160 comparationem
1431 4082 1539 4140 transl·

186 4172 314 4244 vissem,
348 4173 472 4245 primum
496 4178 666 4228 manserunt
687 4168 888 4245 magnitudine
911 4168 1031 4229 easdem
1054 4178 1187 4229 motuum
1209 4168 1429 4248 proportiones,
1463 4184 1538 4244 quae

186 4259 267 4332 prins
291 4264 372 4316 erant
396 4257 634 4330 intervallorum,
658 4255 860 4315 tantummodo
883 4273 1022 4333 aversae3
1052 4275 1143 4333 quare
1162 4259 1253 4318 'etiam
1276 4261 1351 4316 inter
1372 4264 1468 4316 motus
1492 4258 1539 4313 in··

186 4352 293 4404 ventae
310 4353 378 4403 sunt
392 4347 595 4420 proportiones
610 4344 737 4419 aliquae,
760 4352 792 4402 ut
807 4346 896 4419 prius,
919 4346 1111 4405 inconcinnae
1134 4355 1163 4404 et
1179 4347 1221 4406 ab
1239 4346 1397 4404 harmoniis
1414 4344 1538 4403 alienae.

186 4431 221 4489 ld
245 4449 315 4491 vero
339 4449 451 4491 rursum
473 4440 555 4491 ratus
578 4449 643 4491 sum
666 4434 768 4490 merito
800 4431 869 4489 mihi
894 4434 1025 4505 evenire,
1061 4435 1169 4510 quippe
1197 4435 1247 4510 qui
1278 4450 1444 4508 comparem
1465 4432 1541 4491 inter

186 4536 218 4578 se
241 4536 326 4578 arcus
348 4522 510 4598 eccentrici,
534 4521 585 4595 qui
607 4536 702 4595 neque
724 4520 782 4576 sint
805 4522 934 4594 expressi
956 4525 986 4579 et
1007 4524 1148 4591 numerati
1172 4538 1308 4581 mansura
1330 4516 1544 4602 magnitudinis
1653 4579 1655 4582 .

187 4606 335 4681 ejusdem,
364 4608 416 4666 sed
438 4614 625 4667 numerentur
647 4605 785 4683 gradibus
808 4615 837 4665 et
860 4609 994 4680 minutis,
1026 4621 1102 4682 quae
1125 4619 1192 4668 sunt
1215 4608 1393 4688 inplanetis
1417 4606 1540 4665 diversis
1602 4676 1607 4688 .

186 4694 396 4771 magnitudinis
420 4695 563 4768 diversae,
586 4712 681 4769 neque
697 4696 785 4753 etiam
800 4694 909 4752 iaciant
924 4697 1125 4770 apparentiam
1148 4696 1232 4755 ullibi
1254 4701 1381 4769 tantam,
1398 4699 1540 4770 qnantum

188 4780 258 4840 dicit
281 4799 418 4842 uumerrrs
441 4783 593 4859 cujusque,
617 4784 671 4840 nisi
695 4788 808 4840 tantum
831 4782 860 4838 in
883 4786 1157 4842 centro‘eecentrici
1181 4784 1331 4860 cujusque,
1355 4782 1434 4859 quod
1451 4780 1546 4839 nullo·
1620 4815 1625 4826 ,

188 4886 308 4945 corpore
331 4877 375 4929 est
397 4869 557 4943 suffultum,
581 4885 624 4928 ac*
638 4868 758 4945 proinde
783 4871 870 4929 etiam
894 4868 1063 4944 incredibile
1086 4878 1139 4945 eat,
1163 4888 1279 4932 sensum
1301 4871 1349 4931 vel
1370 4872 1540 4952 instinctum

187 4957 352 5017 naturalem
373 4959 402 5015 in
426 4957 477 5015 illo
500 4956 600 5015 mundi
624 4956 689 5016 loco
713 4955 805 5015 ullum
828 4974 908 5031 esse,
931 4960 1120 5034 apparentiae
1143 4957 1230 5033 bajus
1252 4975 1405 5035 capacem,
1430 4958 1541 5016 imo'et

187 5044 384 5121 impossibile,
421 5045 565 5119 siquidem
597 5046 802 5120 comparabam
830 5044 1011 5104 diversorum
1043 5046 1227 5122 planetarum
1254 5063 1340 5105 arcus
1362 5046 1540 5105 eccentrieos

188 5149 279 5191 causa
300 5150 371 5191 suae
394 5133 585 5213 apparentiae
608 5134 637 5189 in
661 5134 766 5191 centris
789 5135 860 5205 suis,
884 5149 960 5208 quae
984 5131 1092 5192 diversi
1114 5132 1247 5193 obtinent
1263 5133 1395 5207 dirersa3
1419 5146 1542 5216 compa-

188 5226 269 5278 ratae
292 5236 363 5279 vero
386 5218 520 5279 diversae
543 5226 717 5298 apparentes
749 5219 965 5295 magnitudines
987 5223 1016 5277 in
1037 5236 1097 5279 uno
1119 5219 1266 5280 debebant
1286 5221 1387 5280 mundi
1405 5220 1476 5294 leco
1498 5219 1542 5278 sic

189 5324 338 5384 apparere,
363 5316 395 5365 ut
417 5307 463 5380 id,
488 5307 565 5382 quod
589 5306 758 5366 facultatem
779 5306 869 5366 habet
889 5307 1078 5385 comparandi
1101 5308 1167 5381 illa,
1191 5310 1230 5366 sit
1251 5310 1281 5380 in
1304 5308 1356 5367 iilo
1379 5307 1541 5367 communis

189 5396 378 5472 apparentiae
400 5395 468 5454 loco
492 5411 641 5472 praesens.
686 5392 747 5451 Aut
769 5396 858 5469 igitur
879 5393 1088 5455 removendam
1108 5411 1144 5452 cx
1167 5396 1265 5454 animo
1280 5397 1380 5456 censui
1395 5410 1541 5472 apparen-

190 5485 260 5541 tiam
283 5483 387 5541 horum
411 5499 529 5541 arcuum
553 5483 787 5553 eccentricorum,
811 5488 862 5540 aut
876 5479 962 5540 aliter
976 5481 1195 5540 infamandam.
1235 5480 1352 5559 Quodsi
1362 5494 1540 5553 removerem
1611 5489 1613 5493 ’
1696 5471 1701 5494 ’

191 5573 393 5647 apparentiam
416 5578 445 5630 et
467 5575 593 5629 mentem
621 5568 662 5628 ad
688 5570 754 5647 ipsa
776 5569 879 5629 diurna
907 5567 1090 5644 planetarum
1118 5571 1225 5630 itinera
1252 5570 1447 5645 attenderem,
1478 5567 1541 5629 ridi

190 5657 330 5718 nundum
354 5676 418 5719 ease
442 5666 598 5737 praecepto
620 5656 681 5733 illo,
704 5656 784 5733 quod
805 5656 948 5733 superiori
971 5657 1067 5736 capite
1087 5673 1207 5719 numero
1224 5662 1252 5721 9.
1275 5653 1391 5719 tradidi.
1435 5656 1540 5717 Multi-
