3684 7259
267 1235 308 1297 pp
646 1222 789 1296 Epistolse
805 1224 917 1296 iispiesi
933 1224 1101 1299 mnusque
1118 1234 1229 1287 nutuse

224 1434 229 1443 -
263 1404 335 1460 illud
350 1419 423 1467 segre
440 1406 506 1469 iers,
531 1401 600 1466 quod
617 1414 711 1464 psuoos
729 1402 864 1453 edmodnm
887 1400 993 1453 lectores
1009 1404 1063 1455 iore
1079 1407 1177 1476 suimus
1194 1408 1335 1469 presensit:
1360 1407 1412 1457 hen
1432 1421 1512 1474 quem
1530 1423 1618 1461 vereor

266 1482 293 1527 et
306 1478 378 1541 ipse,
397 1488 428 1523 ue
445 1487 504 1522 vere
522 1472 632 1520 diviussi
666 1470 723 1519 Non
740 1473 857 1536 equidem
875 1474 975 1533 ignoro,
991 1487 1069 1539 quem
1085 1477 1162 1538 penei
1180 1477 1238 1539 sint,
1257 1490 1322 1541 quoe
1340 1475 1456 1528 eoelestis
1474 1478 1538 1529 lisso
1556 1493 1619 1529 oure

206 1559 213 1579 ι
264 1549 368 1607 ιωμιτ
385 1539 542 1601 intermine,
559 1554 623 1606 quos
641 1535 798 1590 inmilieriter
815 1543 880 1601 novi,
899 1544 942 1590 rix
960 1543 1077 1610 totidem,
1100 1549 1163 1610 quot
1183 1546 1249 1594 ostis
1264 1545 1359 1611 Rheni,
1390 1545 1463 1609 Qnse
1480 1550 1573 1598 rsrltes
1593 1555 1619 1599 et

265 1609 314 1679 ine,
333 1616 426 1680 quippe
445 1609 585 1670 theologiss
603 1610 728 1672 sserisque
745 1608 839 1671 llnpuis
856 1612 1028 1673 menoipstum
1047 1620 1073 1662 οι
1087 1628 1150 1682 usus
1167 1615 1314 1664 nsoessltste
1332 1618 1413 1678 msgis
1431 1617 1547 1667 deditum
1565 1617 1617 1668 nli·

264 1684 395 1749 quandiu,
412 1682 501 1746 isteor,¹
518 1678 659 1733 emethesi,
669 1680 794 1728 obstruxit
811 1686 836 1728 et
853 1680 936 1729 sdhuo
952 1680 1115 1745 sbslisnsret,
1132 1684 1183 1733 nisi
1200 1686 1254 1733 tuis
1270 1685 1374 1734 monitis
1392 1685 1619 1740 relutoelosribus

264 1752 360 1803 sdditis
377 1765 468 1801 uorum
486 1752 606 1811 impetum
624 1747 768 1797 sumsisssm
786 1755 810 1798 st
827 1750 933 1801 subinde
951 1748 1050 1815 uliquid
1068 1754 1200 1819 temporis,
1224 1752 1322 1820 reliquo
1344 1754 1428 1804 studio
1448 1758 1617 1826 subtrsetum,

264 1824 323 1873 huie
339 1821 512 1884 impenderem.
540 1817 589 1868 Sed
607 1820 663 1865 utut
679 1818 763 1878 exigui
781 1833 882 1868 numero
901 1820 960 1885 sint,
979 1826 1038 1869 tuns
1051 1828 1182 1885 propterss
1198 1821 1317 1890 reliquos,
1337 1838 1444 1889 quorum
1462 1815 1540 1876 etiem
1552 1842 1618 1877 non·

263 1889 328 1943 nulli
345 1897 410 1957 eunt,
429 1891 476 1940 hoo
494 1891 559 1939 bono
578 1886 758 1935 defraudabis?
776 1888 858 1955 Erres,
877 1890 899 1937 si
912 1894 939 1937 ιο
956 1891 1001 1938 uui
1019 1893 1098 1940 setsti
1117 1897 1142 1940 et
1159 1892 1218 1942 bulo
1235 1892 1284 1942 soli
1296 1892 1381 1943 ursulo
1400 1887 1508 1945 scribere
1521 1898 1615 1949 eredis.

261 1960 418 2012 Posteritstis
435 1961 558 2008 rstiouem
575 1956 648 2022 bsbs,
667 1956 731 2006 iuter
748 1971 825 2023 quem
843 1962 899 2021 post
916 1957 972 2007 ists
989 1959 1089 2009 demum
1106 1962 1197 2010 merite
1213 1960 1289 2012 leude
1308 1961 1483 2016 eelebrsberis.
1520 1966 1617 2029 Tseso,

280 2029 332 2082 'sed
347 2028 477 2092 eelebrsris
494 2030 570 2078 etism
587 2040 654 2074 nuno
670 2027 742 2075 virus
758 2027 875 2078 sdhnes
891 2030 970 2088 gretie
987 2031 1037 2077 tuis
1050 2028 1188 2098 discipulis,
1206 2046 1314 2097 quorum
1330 2034 1358 2082 in
1375 2046 1478 2084 numero
1497 2050 1538 2085 ms
1555 2051 1617 2099 pro-

323 2114 343 2165 r,
360 2102 404 2164 qui
421 2101 520 2148 sbseus·
531 2096 562 2146 de
579 2098 682 2145 ebseute
700 2095 747 2144 boo
764 2099 860 2159 passim
876 2101 932 2158 jure
949 2100 1089 2164 meritoque
1105 2100 1186 2150 isoio:
1204 2104 1267 2167 quis
1284 2116 1402 2166 pressius
1420 2108 1548 2168 prseeenti
1560 2121 1617 2157 ms-

258 2169 417 2240 Joreoiiieis
436 2170 552 2219 exhibere
569 2179 620 2215 nou
637 2179 715 2230 queo,
735 2168 773 2215 uti
791 2181 851 2216 sens
869 2166 991 2218 deberem.
1027 2169 1128 2233 Debeo,
1151 2172 1268 2236 inqusm,
1292 2172 1349 2234 iure
1366 2174 1543 2243 grstimdinis,
1569 2189 1616 2240 pro

260 2244 300 2291 tot
315 2242 366 2290 tuis
383 2238 472 2306 libris,
498 2238 591 2302 quibus
614 2249 654 2284 me
674 2238 728 2297 ism
746 2236 859 2302 donesti,
882 2242 945 2300 puts
963 2236 1054 2288 lisrtis
1073 2238 1276 2307 commentariis,
1301 2248 1409 2307 utreque
1427 2244 1616 2309 stereometris,

259 2309 435 2374 iiphsmeride‚
462 2306 612 2358 Celenderis
628 2311 653 2354 et
669 2306 804 2357 novissime
826 2308 903 2356 etism
920 2307 1099 2358 Astronomise
1115 2308 1302 2372 Ooperniosuss
1324 2314 1403 2375 priori
1427 2319 1513 2378 perte,
1541 2320 1616 2377 eujus

258 2383 420 2443 posteriorem
439 2393 489 2429 non
506 2380 561 2426 sine
579 2389 674 2426 summo
693 2375 815 2425 desiderio
834 2381 967 2439 exspeoto,
992 2383 1019 2426 ut
1037 2378 1068 2427 de
1086 2384 1156 2429 motu
1172 2379 1264 2432 Terrae
1281 2382 1393 2445 penitius
1411 2384 1490 2433 etism
1508 2399 1522 2434 ο
1540 2386 1616 2436 theo·

257 2452 326 2501 risse
344 2451 458 2512 doetmns
476 2449 611 2498 ooniirmer.
639 2446 688 2506 iiie
705 2460 760 2512 ege,
778 2460 865 2510 rumpe
882 2460 979 2511 mores,
1005 2460 1051 2498 neo
1069 2449 1164 2500 diutim
1184 2448 1253 2500 eludi
1272 2458 1359 2515 petere
1376 2467 1423 2502 uos
1441 2452 1541 2505 hisntes
1561 2470 1616 2506 eor·

167 2569 171 2577 ,
260 2534 313 2573 soe.
326 2518 541 2587 Reliqusiugenii
557 2520 595 2568 tui
607 2522 776 2582 monuments,
793 2517 1043 2580 ntDlssertstionsm
1061 2533 1117 2568 eum
1135 2519 1231 2569 Nunnio
1251 2522 1354 2583 sidereo,
1372 2520 1489 2573 libellum
1507 2525 1538 2573 de
1550 2525 1616 2576 Nise

258 2588 406 2656 sexsnguls,
425 2589 634 2639 Commeutsrium
653 2586 683 2634 de
701 2584 781 2636 Stells
798 2586 883 2652 iiovs,
902 2591 927 2635 et
945 2587 967 2635 si
984 2588 1030 2651 qui
1047 2587 1111 2638 iorte
1129 2587 1212 2651 plures
1231 2597 1290 2640 suut
1306 2589 1360 2657 elii,
1379 2589 1529 2650 titulotenus
1548 2597 1615 2646 mibi

256 2661 369 2714 nondum
386 2662 455 2726 uoti,
477 2660 555 2708 etism
572 2657 716 2721 conquirere
733 2662 835 2724 sstsgo,
859 2656 923 2705 sdeo
940 2657 980 2704 tui
996 2658 1076 2710 totius
1094 2656 1239 2722 perlegendi
1256 2674 1341 2711 smore
1358 2660 1452 2725 ilspro,
1475 2670 1615 2731 postquem

257 2743 289 2779 sn
307 2730 355 2796 his,
373 2745 438 2795 quse
453 2733 508 2791 ism
525 2727 649 2791 possideo,
667 2726 815 2776 eruditionis
833 2733 892 2775 tuse
909 2723 1049 2790 sisqusiem
1060 2734 1221 2791 prsepustum
1233 2732 1322 2783 seon
1352 2731 1456 2781 Utinam
1473 2735 1541 2784 inter
1558 2750 1615 2785 our·

256 2806 311 2852 tm
327 2797 527 2863 suppelleetilem
549 2812 631 2848 mssm
652 2794 757 2861 uliquod
773 2792 915 2863 Antiopes
939 2797 1091 2861 invenirem,
1115 2812 1166 2863 quo
1191 2805 1217 2848 te
1237 2806 1421 2860 ¹reururserstreri
1458 2805 1554 2868 deripe
1572 2807 1615 2856 hle

255 2872 323 2933 preti
341 2872 428 2937 enimi,
447 2884 497 2919 uon
515 2869 571 2919 dioo
590 2865 765 2931 expletionem,
784 2867 828 2917 sed
844 2866 966 2916 indicium
983 2865 1080 2936 enitens,
1098 2882 1144 2932 psr
1162 2869 1238 2922 hoooe
1254 2869 1415 2942 globulorum
1432 2886 1610 2938 oenosrorum,

256 2949 337 3004 nuper
353 2954 371 2988 ο
387 2954 427 2990 me
446 2938 645 3004 exsculptorum,
667 2937 736 3002 quod
758 2939 806 3002 tibi
834 2935 984 2987 censendum
1009 2938 1126 3004 exhibeo,
1155 2940 1288 2990 obseorsns
1306 2948 1331 2990 ιο
1349 2956 1393 3003 per
1411 2956 1497 2992 omnes
1516 2943 1608 2995 stelles

256 3014 284 3060 οι
299 3023 344 3074 per
362 3011 480 3060 honorem
497 3010 615 3059 ereetorie
632 3006 746 3069 sslsrurm
764 3006 826 3057 velis
844 3008 893 3057 heo
909 3008 936 3054 iu
953 3012 1025 3069 perte
1040 3010 1136 3069 juvere.
1173 3008 1227 3068 Seis
1245 3011 1314 3075 qn‘od
1331 3010 1423 3061 molier
1440 3017 1565 3076 mojorem
1584 3021 1610 3065 et

252 3082 435 3131 seeurstiorem
452 3079 563 3141 globum.
598 3078 742 3128 iieeorderis
760 3080 843 3139 etism,
862 3076 940 3142 quod,
959 3077 1027 3125 bons
1044 3077 1242 3139 'lpohonieorum
1261 3081 1395 3130 haeredum
1408 3096 1480 3148 psee,
1497 3083 1613 3151 reliqu.

256 3163 312 3200 run
328 3155 494 3200 treoemmum
509 3152 615 3200 dssrom
637 3146 695 3197 loos
717 3162 813 3197 meeum
836 3148 1019 3197 eommuniosre
1041 3146 1169 3211 pollioitus
1190 3149 1276 3201 iueris.
1297 3149 1378 3213 'Ergo
1402 3157 1443 3202 sts
1469 3157 1609 3216 promissis.

256 3218 355 3284 Quodsi
371 3223 446 3272 etism
464 3227 604 3270 exterorum
621 3220 789 3268 sustrinsrum
806 3219 879 3267 uobis
902 3217 1120 3279 iueouspicosrum
1145 3222 1209 3270 situs
1227 3224 1252 3269 et
1268 3221 1394 3284 imagines
1408 3234 1454 3285 per
1471 3228 1497 3271 ιο
1516 3224 1612 3276 hebere

191 3305 194 3312 ·
256 3303 362 3354 possem,
380 3290 498 3340 sddsrem
515 3288 624 3355 stilles,
652 3293 680 3337 ut
698 3301 761 3351 opus
778 3288 889 3351 prodiret
907 3284 1056 3340 sbsolutins.
1092 3288 1223 3352 Speeimen
1242 3290 1289 3339 boo
1306 3289 1395 3340 ssitem
1414 3297 1464 3359 est,
1482 3299 1512 3343 ut
1529 3293 1611 3362 vides,

257 3361 375 3411 sudoris
391 3359 469 3426 globi,
488 3374 562 3426 quem
581 3361 681 3408 omuino
700 3358 758 3407 huic
776 3359 907 3421 prodromo
926 3357 1040 3407 oomitem
1058 3359 1208 3421 subjungere
1227 3360 1318 3423 cogito,
1336 3363 1387 3409 imo
1406 3362 1485 3411 debeo
1497 3377 1530 3413 ss
1549 3363 1612 3414 iiiu-

256 3431 373 3479 smisslmi
389 3433 439 3480 mei
457 3431 580 3493 Priueipis
598 3429 725 3495 msudeto,
750 3430 795 3494 qui
812 3443 859 3492 me,
878 3441 936 3477 oum
953 3428 977 3476 ei
994 3426 1058 3478 iorte
1077 3428 1126 3478 bno
1143 3430 1283 3481 umumti
1300 3444 1405 3480 uuum
1422 3430 1547 3483 tebellsm
1565 3436 1611 3485 hu·

256 3497 361 3550 millime
380 3502 506 3563 oiierrem,
531 3500 564 3549 sd
581 3500 697 3563 promissi
715 3500 818 3560 msioris
836 3498 972 3549 editionem
990 3496 1124 3548 elementer
1141 3499 1289 3550 edhortstus
1306 3507 1358 3565 est,
1384 3516 1462 3567 quem
1473 3504 1535 3554 ,slue
1558 3508 1611 3556 tuis

256 3571 377 3635 suspiriis
394 3578 521 3634 proestare
538 3584 644 3635 nequeo.
681 3569 774 3617 Rursus
793 3583 886 3633 quseso
905 3573 944 3633 te,
968 3566 1020 3616 noli
1038 3583 1077 3616 me
1096 3568 1217 3624 deserere.¹
1250 3569 1337 3621 Sorlbe
1355 3572 1418 3637 quid
1437 3565 1564 3624 desideres
1583 3578 1611 3625 iu

256 3637 795 3771 ffiffihhiirmitlmdil‘lfd
806 3638 1251 3772 indimetibilis*
1266 3640 1427 3773 iiiiii
1444 3644 1514 3762 iii
1525 3649 1611 3766 itii

256 3794 308 3836 non
325 3780 430 3831 suiiioio.
468 3724 596 3846 Quioepuid
608 3724 688 3840 'igine
706 3784 756 3845 est,
775 3779 803 3827 id
820 3783 901 3829 totum
918 3746 1076 3839 Tye’iomese
1094 3779 1257 3844 descriptioni
1274 3787 1405 3845 sooeptum
1423 3782 1489 3847 iero,
1507 3798 1539 3833 ex
1557 3800 1610 3852 qus

246 3852 342 3901 omnis
359 3853 506 3902 treussumsi
524 3856 549 3900 et
566 3851 603 3899 sie
620 3848 735 3911 siiiugers
752 3848 846 3915 studui,
864 3854 893 3898 ut
910 3850 1076 3898 membrorum
1094 3849 1317 3918 deminutiones,
1336 3854 1369 3901 sb
1387 3852 1443 3916 ipso
1462 3855 1609 3924 usurpstse,

274 3926 379 3970 uentum
397 3921 498 3986 quidem
516 3917 636 3983 possibile
654 3924 719 3968 esset
735 3926 876 3981 manerent,
894 3918 1017 3981 imagines
1034 3932 1092 3968 vero
1110 3917 1286 3987 nihilominus,
1312 3926 1388 3984 prout
1404 3924 1434 3971 in
1451 3937 1514 3973 osso
1531 3922 1608 3990 globp

255 3936 335 4057 geues,
354 3991 388 4040 sd
405 4005 452 4040 nos
470 3995 682 4040 converterentur:
708 3988 777 4053 quod
795 3994 878 4037 utrum
895 4001 941 4050 per
958 3990 1044 4037 omnis
1060 3995 1188 4039 ssseontus
1205 3990 1295 4057 inerim
1313 4006 1405 4057 neone,
1424 3997 1479 4043 tute
1497 3996 1609 4056 optimus

249 4060 390 4125 iudicabis.
426 4062 481 4110 iloe
498 4064 564 4121 seio,
587 4059 669 4109 dextri
687 4063 713 4107 et
729 4059 825 4107 sinistri
843 4056 1027 4121 sppellstioues
1050 4064 1117 4108 reete
1133 4062 1237 4125 ntinui,
1263 4068 1292 4128 et
1308 4064 1387 4111 sntiei
1398 4068 1430 4113 et
1446 4065 1539 4126 possiet
1556 4078 1609 4116 non

256 4129 378 4181 simillter.
414 4132 516 4194 Semper
532 4133 608 4191 igitur
625 4142 670 4192 pro
689 4127 762 4177 dorso
779 4133 904 4193 vestrm,
932 4141 977 4190 pro
1001 4126 1112 4191 suspulis
1135 4136 1222 4194 peetus
1240 4138 1287 4184 οιο.
1310 4130 1450 4194 intelligere
1472 4133 1608 4203 oportebit,

256 4207 351 4251 veteres
370 4201 548 4262 deeoriptiones
566 4213 622 4249 eom
640 4200 688 4249 hes
704 4212 770 4247 nove
787 4196 955 4247 delinestione
973 4212 1029 4247 mes
1047 4199 1157 4251 conferre
1169 4200 1302 4255 volentem.
1333 4203 1433 4253 Interes
1450 4204 1512 4253 dum
1531 4209 1608 4255 oesti-

241 4267 369 4336 'pedones
387 4277 444 4320 tues
463 4276 619 4335 exspectem,
639 4269 744 4319 meditor
761 4266 858 4332 eliquit
878 4266 960 4334 eliud,
983 4269 1079 4332 pietsm
1096 4269 1192 4321 soilieet
1204 4274 1363 4339 epbemsrim,
1382 4274 1461 4322 ntite
1471 4272 1606 4338 appellem.

256 4339 331 4405 Quod
348 4348 376 4391 tu
394 4343 563 4390 reoeutlssimo
581 4346 607 4389 et
624 4340 803 4388 oorreotisslmo
815 4335 975 4401 Rudolphino
993 4337 1090 4390 οοΙοιιΙο
1107 4343 1202 4405 primus
1219 4357 1299 4407 nuper
1314 4349 1431 4393 monisse
1448 4346 1607 4410 praestitisti,

255 4410 284 4461 id
301 4426 347 4474 ego
365 4427 396 4461 ex
408 4410 584 4474 (topernieseis
595 4409 783 4472 hypothesibus,
803 4409 896 4458 oiroino
913 4413 939 4457 et
956 4407 1050 4475 reguis,
1069 4412 1220 4478 meobsuioe,
1240 4414 1343 4476 proinde
1362 4414 1478 4464 oreseiori
1490 4412 1608 4471 dilueres

254 4482 350 4532 imltsri
367 4480 467 4533 snhelo.
504 4479 629 4547 Equidem
646 4478 811 4540 longitudinis
828 4484 910 4531 motus
929 4480 1005 4547 setis,
1024 4486 1098 4545 puto,
1116 4482 1150 4531 sd
1167 4489 1276 4533 mentem
1292 4482 1416 4547 prseiieti
1434 4487 1545 4534 suetoris
1564 4501 1607 4537 ex·

220 4563 231 4579 '⁸
249 4547 344 4628 ¹pressi,
367 4564 393 4611 iu
417 4559 597 4628 latitudinibus
620 4559 724 4607 duorum
746 4556 891 4608 inferiorum
909 4546 982 4630 Q}
1002 4561 1085 4612 sdhue
1106 4563 1208 4630 haereo,
1234 4562 1351 4613 eoniusus
1374 4567 1411 4611 tot
1434 4561 1608 4623 reflexionem.

256 4637 459 4707 obliquationem
477 4647 522 4690 ete
540 4639 658 4688 iutriosto
678 4638 792 4703 negotio;
819 4651 836 4686 s
853 4639 946 4703 quibus
969 4642 1053 4689 tsmeu
1070 4654 1117 4689 uos
1139 4638 1265 4707 liberesti,
1292 4642 1436 4692 eeudssime
1458 4642 1607 4696 reiormstor

200 4732 207 4751 r
256 4714 437 4780 utrouomise,
456 4713 483 4760 iu
500 4708 592 4759 hisrtis
611 4706 813 4774 Oommenteriis,
838 4709 883 4757 ubi
900 4711 966 4758 inter
983 4716 1065 4759 oetertt
1082 4712 1275 4760 secentrioorum
1292 4709 1369 4773 plenu
1380 4713 1444 4763 iscis
1461 4706 1604 4769 ἇτολαηο.

255 4779 337 4834 seror
354 4796 404 4832 non
421 4785 517 4846 potest,
543 4784 666 4846 qusniam
684 4775 842 4845 exsultsrlm,
856 4779 917 4829 'boo
941 4785 985 4829 tuo
1003 4781 1104 4828 invento
1122 4778 1229 4842 primum
1246 4778 1328 4847 leoto,
1355 4782 1423 4847 quod
1440 4788 1515 4832 unte
1534 4798 1606 4837 eruce

254 4854 382 4904 oetebrum
399 4867 482 4906 meum
499 4850 629 4915 libereris3
649 4849 760 4898 nondum
777 4853 861 4899 tsmeu
879 4848 1056 4914 indedidioi,
1066 4856 1188 4918 quantem
1204 4852 1317 4914 preeoise
1334 4858 1432 4902 stetuss
1449 4850 1605 4919 reliquorum

253 4930 363 4989 quatuor
379 4925 456 4973 dxsm
472 4920 545 4971 illem
562 4918 759 4972 iudinstiousm.
795 4919 919 4983 Exspeoto
944 4919 1021 4980 igitur
1045 4919 1170 4970 tisoriese
1194 4923 1273 4983 pertis
1291 4922 1426 4972 editionem
1443 4928 1468 4972 et
1486 4925 1530 4974 vix
1547 4931 1605 4976 tsn-

253 4994 332 5058 tisper
349 4998 492 5058 exspeetsre
510 5004 621 5055 possum.
656 4987 828 5042 dormisse
846 4991 932 5040 omnis
949 5001 980 5039 ex
997 4994 1023 5037 te
1040 4988 1130 5039 melius
1148 4991 1241 5040 dissere
1258 4990 1385 5058 libuisset,
1410 4994 1432 5041 si
1451 4997 1511 5045 tuuo
1528 4996 1605 5059 huius

148 5053 154 5062 ’
252 5057 411 5129 eliqusmdiu
423 5062 558 5116 intermissi
575 5061 654 5111 studii
672 5074 732 5109 euss
748 5060 867 5109 severiori
883 5064 966 5108 tsetue
983 5056 1095 5112 fuissem.
1131 5060 1200 5112 Nihil
1217 5063 1268 5113 iere
1286 5070 1345 5113 tuno
1363 5064 1516 5131 occurrebst,
1535 5067 1604 5130 quod

252 5147 285 5194 ex
301 5140 327 5185 te
343 5135 492 5201 seisoitsrer,
510 5146 566 5182 enm
584 5144 702 5196 presseris
720 5136 834 5180 oretenus
852 5121 1001 5192 respondere
1019 5134 1045 5177 οι
1062 5128 1172 5181 ulterius.
1183 5133 1288 5183 iustsuti
1301 5127 1601 5203 udsisoere'potuisses;

251 5216 319 5255 nuno
335 5220 392 5255 oum
409 5207 454 5256 vix
471 5200 548 5256 semel
565 5208 642 5272 etque
659 5203 749 5251 iterum
765 5205 819 5250 toto
837 5213 903 5250 enno
921 5212 965 5262 pet
981 5195 1068 5249 litsrss
1084 5206 1168 5251 tecm
1185 5216 1258 5264 egere
1276 5195 1357 5265 detur,
1375 5202 1489 5268 quotidie
1506 5209 1547 5254 tot
1564 5208 1603 5256 iu·

251 5273 339 5325 sidunt
356 5277 509 5340 eenigmsts,
527 5288 593 5339 quse
605 5275 639 5324 'tu
656 5270 835 5322 methemstios
852 5270 958 5333 sphynx
975 5267 1043 5319 eolus
1062 5272 1155 5332 optime
1173 5271 1289 5323 solveres.
1325 5272 1375 5323 Sed
1391 5271 1461 5322 vides
1479 5288 1603 5339 psppronr

250 5342 326 5409 plurs
342 5358 394 5396 nou
411 5359 508 5410 espere.
538 5343 602 5395 vele
619 5345 697 5406 igion
714 5342 789 5391 decus
806 5340 976 5390 estronomite
988 5338 1181 5402 pulcherrimum
1191 5349 1223 5393 ·et
1240 5342 1493 5410 me.oommendstum
1510 5345 1603 5398 bebere

251 5427 332 5479 perpe.
368 5417 498 5480 iiirtiugse
515 5416 556 5466 die
573 5414 704 5465 Passionis
721 5412 870 5464 Domlulese
888 5406 964 5463 1618.

337 5487 405 5539 Uxor
423 5501 487 5554 mes,
505 5500 572 5537 nuno
589 5497 718 5550 puerpers,
737 5480 761 5536 ³.
779 5480 853 5532 liert
872 5485 904 5533 st
917 5495 943 5533 s.
961 5479 1040 5531 dllsm
1058 5481 1141 5545 enixe,
1159 5484 1269 5533 oideiose
1287 5488 1312 5532 te
1329 5480 1431 5533 selutst

265 5589 268 5596 '
336 5592 474 5659 Sequentes
492 5590 639 5642 Sehioisrdi
660 5587 749 5639 iitsrss
772 5585 903 5636 litererum
914 5582 1017 5647 iispleri
1034 5586 1186 5636 mentionem
1204 5588 1312 5652 isoiuut,
1335 5588 1363 5635 iu
1386 5589 1481 5652 quibus
1498 5593 1599 5655 ‚nsum

249 5662 284 5716 sd
300 5662 465 5716 llsrmonism
481 5664 639 5712 ueoesssrise
656 5656 802 5709 Sohieksrdi
825 5654 942 5705 solertise
968 5661 993 5706 et
1010 5658 1060 5705 erti
1077 5657 1264 5707 oommendsttse
1283 5663 1347 5708 suut.
1383 5657 1453 5708 iisse
1471 5663 1538 5714 enim
1556 5680 1599 5715 re.

248 5735 351 5802 spondit
366 5732 547 5791 effluimus:
572 5729 711 5784 fiumen
731 5724 844 5781 ΝΜ
866 5730 893 5777 οι
914 5732 1035 5791 prompte
1055 5725 1173 5782 anesis
1208 5724 1303 5782 udins
1327 5728 1449 5781 issem
1469 5728 1558 5786 litores
1582 5750 1599 5788 s
