3684 7259
277 1263 338 1321 tlt
801 1255 844 1311 De
861 1255 1088 1325 Propertionibus

274 1432 711 1511 bhaccantilensligaturaa
741 1431 1619 1513 rupidusyllabarmnssurrduaputrtorJeasqueur

273 1519 1340 1598 mmmmmearkmffmmapumumhent.
1386 1525 1619 1600 Atsiperpen-

274 1607 338 1685 du,
359 1612 507 1670 marano
529 1624 609 1668 ruore
630 1608 748 1681 haum,
771 1621 803 1667 ut
825 1626 861 1666 ex
884 1624 967 1676 sono,
990 1611 1040 1684 qui
1062 1608 1232 1685 productius
1255 1618 1317 1667 erat
1340 1609 1497 1681 canendum,
1526 1612 1618 1668 tactu

272 1699 311 1757 rlt
332 1697 454 1757 hiscum
476 1713 631 1773 assurgam
654 1699 684 1752 in
706 1696 773 1770 hnc,
795 1706 826 1755 et
847 1697 872 1752 si
893 1695 1015 1771 syllabis
1039 1696 1119 1755 hisce
1139 1695 1301 1773 simplicem
1315 1714 1420 1754 suumn
1434 1699 1616 1773 productruu

274 1788 325 1862 qai
355 1795 399 1844 est
426 1784 570 1860 ligaturae
599 1786 725 1859 primus,
754 1786 908 1842 resntuas.
940 1784 1073 1841 invenies
1101 1800 1204 1860 puram
1226 1780 1337 1862 epigri
1367 1788 1396 1841 in
1418 1781 1620 1864 patracen

274 1872 405 1951 mado),
435 1876 505 1931 item
526 1870 721 1949 (inundent),
749 1874 819 1929 item
841 1869 1047 1951 (omniane),
1073 1868 1326 1950 remansissem
1346 1875 1442 1948 patri]
1472 1883 1501 1929 et
1524 1873 1620 1931 brevis

276 1961 306 2018 la
329 1957 478 2041 (met),
502 1963 594 2033 nicar,
618 1976 688 2017 vero
710 1975 805 2030 mera,
829 1957 898 2015 lieet
920 1974 977 2013 non
1000 1958 1155 2030 naturalis,
1178 1972 1224 2017 est
1245 1963 1274 2015 in
1298 1960 1431 2036 exemplo
1453 1958 1586 2018 Turcieo.

361 2044 612 2121 Quernadmodum
636 2048 777 2122 igiturne
799 2044 889 2103 habet
910 2044 1039 2103 sceleton
1063 2046 1101 2103 ad
1125 2062 1229 2121 eorpus
1252 2046 1331 2122 apud
1353 2050 1548 2118 anatomicos,
1579 2048 1622 2104 sic

275 2151 309 2195 se
330 2134 437 2193 habent
460 2137 489 2190 in
520 2150 579 2192 uno
602 2142 760 2211 systemate
789 2144 913 2191 octavae
935 2135 1000 2190 soni
1022 2137 1143 2192 consoni
1172 2145 1202 2192 et
1230 2137 1305 2192 iuter
1327 2151 1358 2191 se
1386 2144 1503 2192 etcum
1524 2134 1621 2192 radice

237 2259 242 2267 ·
274 2220 323 2281 vel
343 2221 408 2281 basi
438 2231 562 2294 octavae
593 2220 631 2280 ad
654 2224 748 2297 ipsam
776 2219 933 2279 melodiam
962 2238 1014 2278 seu
1045 2231 1172 2280 cantum
1217 2219 1300 2279 Sicut
1321 2224 1399 2279 euin
1421 2236 1489 2280 earo
1519 2220 1620 2299 implet

275 2310 357 2372 thus
379 2311 488 2367 mum
511 2325 605 2384 eaque
626 2310 717 2367 restit
736 2306 776 2367 ad
798 2308 941 2378 decorem,
965 2311 1007 2365 sic
1030 2307 1086 2366 hae
1108 2320 1206 2383 partes
1228 2312 1390 2367 recensitae
1416 2309 1536 2385 impleut
1556 2327 1623 2366 sce·

275 2395 355 2457 leton
385 2406 522 2469 onavae,
553 2399 723 2473 praoeertim
745 2393 836 2474 ‹27qu
866 2408 896 2453 et
927 2417 1057 2468 aeraria,
1087 2407 1268 2471 pererrantes
1298 2396 1364 2454 loca
1386 2395 1519 2468 dissona,
1550 2400 1624 2454 inter

279 2498 422 2544 monos
444 2501 533 2542 sonos
556 2483 726 2559 interjecta,
749 2484 929 2542 conformant
951 2491 980 2540 et
1003 2484 1087 2558 quasi
1111 2493 1265 2561 eorporaut
1286 2482 1451 2542 melodiam

249 2602 254 2612 ι
365 2570 405 2630 Π.
429 2569 502 2630 Cum
524 2580 628 2630 cantus
650 2571 786 2630 delinitur
807 2574 858 2639 sic,
882 2569 962 2645 quod
985 2570 1152 2629 exordiatur
1173 2589 1192 2628 a
1213 2579 1292 2630 certo
1314 2569 1443 2647 quodmu
1464 2565 1550 2643 sono,
1572 2574 1623 2646 qui

1162 2653 1244 2717 basis
1274 2661 1312 2717 stt
1341 2661 1507 2736 systematis
1541 2671 1624 2716 octa-

334 2722 1126 2829 W
1162 2763 1227 2817 rae,
1249 2745 1279 2802 id
1301 2764 1359 2804 nou
1375 2759 1490 2822 semper
1504 2744 1540 2804 de
1556 2755 1623 2804 actu

494 2794 1126 2887 -ἑῦθ-ξ
1161 2833 1451 2909 estintelligcndum3
1467 2850 1533 2890 cum
1548 2835 1624 2891 enim

280 2919 407 2981 delectet
429 2920 557 2980 varietas
579 2930 608 2980 et
630 2924 740 2980 serviat
762 2920 910 2997 emphasi,
934 2921 1106 2997 saepissime
1128 2921 1210 2980 velut
1233 2937 1269 2978 ex
1291 2922 1415 2996 abmpto
1436 2923 1541 2997 incipit
1561 2938 1624 2979 me·

280 3008 361 3069 ledia
380 3026 399 3065 a
421 3007 497 3066 clavi
518 3007 568 3067 vel
589 3007 656 3067 loco
678 3009 751 3083 alio,
781 3019 928 3085 potestate
951 3018 1047 3067 tamen
1075 3008 1302 3083 subintelligitur
1328 3010 1500 3086 principium
1528 3008 1624 3079 quod-

281 3098 360 3175 piam
381 3104 490 3155 cenom
510 3098 653 3171 positum,
678 3096 756 3172 quod
784 3114 820 3155 ex
842 3105 905 3154 toto
927 3094 1071 3154 melodiae
1093 3105 1187 3155 tractu
1217 3095 1345 3171 nudique
1368 3099 1517 3167 enitescit,
1541 3099 1624 3172 utin

281 3183 340 3244 hoc
360 3184 555 3243 vetustissimo
577 3170 859 3244 Gemanico'tacile
881 3183 1061 3259 intelligitur,
1087 3186 1143 3243 etsi
1165 3192 1233 3244 actu
1254 3201 1274 3240 a
1295 3183 1317 3241 d
1337 3182 1389 3241 hat
1411 3184 1543 3256 initium,
1575 3202 1625 3241 ra-

285 3270 377 3331 dicem
399 3277 497 3329 tamen
519 3287 583 3331 esse
608 3269 644 3329 G.

367 3355 421 3415 lll.
444 3356 573 3416 Similem
595 3356 686 3417 babet
708 3357 924 3433 exceptionem,
957 3356 1036 3433 quod
1061 3368 1164 3416 cantus
1187 3356 1326 3432 regularis
1357 3357 1462 3415 dicitur
1485 3375 1550 3415 cum
1572 3376 1627 3415 sua

285 3466 353 3524 eosq
375 3444 422 3503 vel
444 3467 561 3523 nerana
583 3445 732 3504 collimare
761 3445 801 3503 ad
822 3445 888 3504 loca
909 3461 1039 3504 consona
1066 3443 1156 3503 radici
1187 3454 1320 3505 octavae.
1365 3444 1441 3504 Nam
1463 3445 1627 3521 frequenter

282 3531 338 3591 bae
359 3539 455 3608 partes
477 3534 506 3590 in
530 3534 627 3592 medio
649 3531 788 3608 longioris
817 3531 962 3592 melodiae
983 3540 1077 3592 tractu
1101 3542 1253 3591 versantur
1282 3534 1359 3591 circa
1380 3531 1447 3591 loca
1468 3531 1586 3590 dissorm
1609 3550 1627 3589 a

282 3622 375 3695 prima
395 3618 506 3693 radice3
528 3620 581 3680 sed
602 3620 632 3678 id
654 3620 687 3678 lit
708 3622 858 3679 sanctatis
881 3637 971 3678 causa
993 3631 1096 3695 estque
1118 3619 1246 3697 perinde,
1269 3623 1351 3677 acsi
1373 3621 1461 3694 priori
1483 3618 1628 3678 melodiae

282 3723 360 3766 nova
381 3706 508 3766 melodia
529 3710 706 3784 misceretur,
731 3708 814 3783 cujus
837 3710 866 3764 in
889 3706 1008 3766 dissono
1032 3708 1082 3766 illo
1105 3724 1214 3766 novum
1237 3706 1384 3783 quoddam
1412 3707 1547 3783 figeretur
1569 3709 1628 3763 ini-

283 3794 364 3867 tium,
387 3801 438 3853 aut
460 3811 569 3854 novum
589 3797 754 3878 signaretur
776 3803 899 3854 octavae
922 3796 1061 3854 sceleton.
1107 3795 1159 3853 Est
1180 3792 1261 3854 velut
1284 3811 1421 3853 excursus
1444 3799 1473 3851 iu
1496 3797 1628 3853 oratioue

282 3898 337 3946 stu
357 3880 513 3959 digressio,
545 3879 724 3961 ltaqulrrou
748 3898 958 3943 commoramur
979 3885 1010 3939 in
1031 3882 1155 3956 talibus,
1185 3881 1238 3942 sed
1267 3885 1325 3941 cito
1347 3885 1519 3941 retentum
1546 3882 1628 3940 velut

181 3975 184 3983 '
284 3969 322 4029 ad
337 3968 504 4045 principale
531 3968 668 4030 scelsts'n.
715 3970 752 4027 Et
782 3969 921 4046 quamdiu
954 3971 1029 4029 circa
1058 3970 1177 4029 dissona
1199 3978 1332 4029 versatur
1354 3992 1422 4046 sorr
1451 3978 1479 4027 et
1502 3992 1627 4042 nasseto,

281 4051 482 4132 intelligimus,
505 4064 620 4117 cantum
641 4057 771 4117 noudum
792 4057 880 4131 finiri3
903 4075 971 4115 nam
993 4060 1023 4114 in
1046 4060 1110 4134 ipso
1132 4075 1203 4116 vero
1224 4056 1281 4116 fine
1302 4056 1481 4116 redeundum
1503 4065 1628 4115 estnon

284 4153 397 4205 nutum
420 4144 458 4203 ad
479 4161 617 4230 cousqna,
640 4146 811 4221 regulariter
834 4144 966 4222 quidem,
988 4143 1040 4204 sed
1063 4148 1151 4204 etiam
1174 4143 1211 4204 ad
1234 4147 1327 4222 ipsam
1349 4149 1483 4223 propriae
1506 4151 1629 4203 octavae

284 4229 419 4297 redicem
465 4231 515 4290 ΑΒ
541 4232 597 4293 bac
617 4233 821 4293 articulatione
844 4241 946 4293 cantus
976 4240 1005 4291 et
1027 4232 1211 4291 affectatione
1234 4235 1488 4291 consonantiarum
1515 4240 1629 4290 veteres

285 4321 373 4379 mam
396 4318 561 4404 simplicem
577 4328 699 4406 'cautum
721 4320 902 4380 harmoniam
924 4319 1031 4378 dixisse
1055 4318 1206 4395 videntur,
1229 4336 1287 4378 non
1305 4337 1391 4379 secus
1414 4330 1502 4395 atque
1525 4320 1630 4378 decens

286 4414 316 4467 et
337 4414 422 4482 aptus
444 4407 638 4469 menrbr‘om
659 4422 832 4485 responsus,
862 4425 938 4485 quae
960 4408 1069 4466 formae
1091 4410 1189 4467 anima
1210 4416 1273 4480 est,
1304 4406 1456 4467 harmonia
1479 4405 1630 4479 diceretur,

287 4483 371 4572 qhasi
392 4493 598 4570 pulchritudoe
613 4477 670 4555 luit
691 4498 768 4556 enim
791 4505 820 4554 et
842 4496 967 4555 laminae
988 4511 1094 4554 nomeu
1116 4494 1287 4553 Harmonia

372 4580 425 4639 IV.
448 4579 533 4657 Quod
563 4579 672 4662 ἀγωγην
693 4584 812 4657 attinet,
843 4599 878 4642 ea
906 4598 1020 4642 rursum
1041 4584 1125 4642 varia
1147 4591 1206 4658 est;
1237 4599 1295 4640 uon
1318 4598 1432 4659 semper
1455 4582 1532 4641 enim
1563 4590 1630 4639 actu

287 4670 386 4732 mia
406 4667 476 4738 loca
504 4671 656 4746 interJecta
677 4672 796 4749 transit,
823 4670 875 4730 sed
902 4688 992 4747 saepe
1023 4670 1162 4729 transsilit
1187 4669 1287 4745 aliqua
1316 4668 1451 4744 saltuque
1474 4669 1563 4727 fertur
1594 4670 1632 4725 ab

286 4767 347 4816 una
368 4753 406 4816 ad
428 4768 636 4818 consonantem
659 4756 719 4834 illi3
743 4767 845 4834 estque
866 4765 937 4817 tunc
959 4757 1024 4816 sola
1045 4765 1191 4834 potestate
1207 4755 1314 4836 dyo-sq,
1338 4764 1367 4814 et
1389 4757 1449 4816 lere
1471 4774 1552 4814 mera
1567 4777 1633 4814 ner-

288 4865 351 4905 ssro
373 4842 421 4903 vel
443 4864 523 4921 τονης
555 4846 605 4921 qui
628 4863 691 4905 mos
715 4853 759 4905 est
780 4846 1029 4921 frequentissimus
1051 4853 1215 4905 nostrorum
1238 4844 1413 4922 tubicinum,
1441 4862 1506 4903 cum
1529 4842 1634 4901 classi·

289 4947 356 4991 eum
378 4937 430 4990 aut
451 4933 629 4993 incentivum
660 4943 793 5010 equestre
814 4933 1016 5005 modulantur,
1048 4939 1117 4991 tune
1138 4935 1214 4992 enim
1244 4932 1303 4991 lere
1326 4931 1396 4989 nihil
1427 4934 1482 4989 uisi
1505 4930 1633 4989 sceleton

291 5025 413 5080 octavae
436 5017 567 5095 auditur3
590 5022 688 5098 cogita
710 5038 748 5082 au
767 5020 854 5096 hujus
876 5023 991 5097 generis
1012 5019 1099 5078 luerit
1120 5018 1171 5079 ille
1192 5028 1325 5079 veterum
1347 5042 1432 5092 τομος
1454 5016 1564 5097 ὄρθιος.

375 5106 413 5166 V.
438 5105 512 5174 Cum
542 5111 701 5169 concinnus
730 5116 831 5168 cautus
861 5113 975 5167 constet
1004 5108 1065 5165 suis
1088 5106 1256 5180 elementis,
1286 5124 1362 5184 quae
1384 5115 1452 5165 sunt
1480 5104 1634 5166 intervalla

292 5193 450 5267 amoinus,
472 5196 596 5273 primum
618 5196 671 5256 illa
691 5202 760 5255 sunt
782 5195 945 5255 delinienda
967 5197 1140 5254 accuratius.

375 5282 495 5358 Duplici
516 5299 643 5359 namque
666 5301 752 5343 seusu
775 5282 908 5343 dicuutur
930 5282 1086 5343 intervalla
1107 5283 1252 5343 concinna
1272 5282 1322 5343 vel
1338 5282 1521 5341 inconcinna.
1567 5278 1634 5337 Pri-

290 5381 370 5430 tnum
392 5370 469 5431 enlm
491 5370 648 5432 intervalla
669 5373 788 5430 seorsim
811 5369 928 5448 singula
960 5378 1093 5446 respectu
1116 5378 1195 5428 ortus
1217 5372 1264 5429 sui
1297 5372 1437 5429 concinna
1460 5368 1507 5427 vel
1530 5368 1635 5439 incon-
1678 5383 1685 5390 ·

291 5454 539 5532 mordeantur,
563 5455 615 5516 illa
637 5457 762 5534 quidem,
787 5476 861 5536 quae
883 5468 988 5517 natura
1010 5457 1137 5516 admittit
1161 5461 1191 5515 in
1207 5457 1401 5517 divisionibus
1416 5453 1635 5515 intervallorum

293 5559 501 5619 consonorum,
523 5544 598 5604 baec
620 5562 707 5624 vero,
736 5563 811 5623 quae
833 5564 868 5606 ex
892 5545 1158 5622 comparationibus
1181 5546 1435 5604 consonantiarum
1457 5561 1516 5601 non
1538 5541 1635 5600 resul-

292 5638 370 5707 tant,
400 5631 496 5693 aliena
517 5649 634 5711 prorsus
663 5633 701 5691 ab
725 5632 905 5706 harmonice,
933 5641 966 5691 ut
997 5630 1171 5748 explicatum
1202 5649 1272 5709 cap.
1288 5634 1317 5690 4.
1362 5630 1476 5692 Deinde
1499 5636 1634 5708 respectu

292 5717 384 5804 lptlus
413 5726 515 5782 antus
546 5736 599 5781 seu
628 5718 773 5781 melodiae
801 5718 955 5780 discrimen
976 5718 1033 5778 boc
1054 5726 1099 5778 est
1129 5722 1203 5780 iuter
1225 5722 1290 5797 ipsa
1313 5722 1400 5781 etiam
1423 5720 1553 5797 musica,
1582 5732 1636 5778 ssu
