3684 7259
1675 1232 2099 1342 ‘Apologia⁸
3100 1236 3247 1300 ⁴65
3303 1251 3310 1258 '

542 1386 911 1478 hartnandus
976 1397 1335 1458 mundantis
1402 1394 1578 1479 (puta
1642 1397 1801 1458 illius
1878 1393 2205 1477 efficaciae]
2269 1393 2746 1473 summanum
2822 1417 3058 1457 mer-um
3134 1413 3250 1453 Ειιε

541 1469 935 1563 mentum
973 1475 1281 1562 nulloque
1335 1486 1537 1548 modo
1566 1498 1608 1545 'a
1671 1473 2029 1547 Christianis
2089 1483 2561 1561 approbandum
2630 1485 2722 1541 ιιι-ἐ
2782 1485 3246 1541 aestimandum

549 1573 817 1649 Quorum
860 1572 1084 1649 aliquid
1137 1575 1187 1633 si
1233 1575 1387 1651 prior
1433 1592 1544 1651 ego
1601 1557 1660 1633 in
1706 1581 1804 1634 te·-
1795 1572 2129 1645 dixissem
2189 1573 2321 1649 plus
2377 1573 2770 1636 'excusationis
2833 1575 3090 1629 ιιινΕιιίιΕ
3138 1589 3250 1649 ps-

552 1664 769 1722 tuisset
812 1661 962 1721 haee
1005 1669 1107 1720 tua
1152 1662 1446 1722 vindictae
1492 1660 1813 1740 cupiditas,
1876 1672 2053 1738 quam
2097 1674 2277 1733 nune,
2342 1661 2445 1717 uhi
2493 1661 2666 1717 meris
2714 1661 3246 1737 comparantur-ihus

548 1766 709 1825 usus,
757 1766 958 1826 sepem
1001 1751 1060 1805 in
1104 1752 1354 1826 gratiam
1397 1748 1633 1809 lectoris
1676 1751 1828 1809 inter
1873 1755 1978 1807 tua
2021 1757 2081 1805 Ει
2125 1765 2257 1809 men
2281 1745 2622 1809 har-rumfea
2662 1751 2862 1821 struxi
2914 1765 3022 1805 ιιΕΕ
3066 1745 3246 1805 ullum

545 1836 624 1895 ad
672 1854 816 1897 eam
850 1835 1162 1912 virgultum
1225 1855 1297 1897 ex
1342 1845 1446 1898 tuo
1492 1835 1729 1897 dumeto
1777 1836 2069 1911 decerpsi
2141 1853 2245 1893 nec
2293 1830 2613 1917 quidquam
2674 1837 2778 1893 tihi
2850 1845 3058 1893 tuaeve
3106 1833 3246 1893 dne

556 1926 741 1984 trinae
789 1926 1103 2001 imputavi,
1153 1924 1311 2000 quod
1355 1943 1473 1984 non
1519 1933 1583 1984 tu
1628 1927 1755 2001 ipse
1800 1924 2193 1983 disertissimis
2245 1921 2441 1999 verbis
2481 1925 2738 1981 fatearis,
3272 1929 3277 1933 ’

561 2073 568 2079 ,
633 2041 666 2085 g
721 2011 790 2070 In
838 2011 1233 2088 oppugnando
1275 2022 1440 2072 motu
1485 2010 1736 2089 Telluris
1792 2015 1948 2072 circa
1993 2013 2189 2069 ΞΕΙΕιιι
2237 2005 2529 2096 [meorum
2589 2013 2964 2069 ιΕι-ιιιίιῖιιιιιιιιι
3010 2009 3246 2069 harmu—

549 2089 814 2158 nicorum
861 2116 998 2170 uno,
1044 2117 1152 2159 nec
1196 2108 1391 2160 tamen
1434 2102 1783 2174 necessario,
1830 2108 1897 2158 ut
1942 2097 2157 2178 dietum
2205 2097 2277 2158 ad
2325 2101 2497 2157 finem
2529 2101 2858 2177 analysess
2906 2097 3082 2177 KH)
3130 2117 3246 2175 qun

548 2189 736 2262 magis
769 2196 830 2245 tu
863 2189 1221 2263 odoramen
1248 2187 1628 2261 demonstras,
1654 2190 1774 2263 qui,
1822 2203 1976 2265 quae
2005 2195 2144 2245 sunt
2172 2185 2420 2246 aliorum
2442 2188 2700 2261 inventa,
2742 2205 2817 2246 ea
2845 2189 2906 2244 in
2935 2203 3027 2245 me
3058 2188 3251 2261 potis-

547 2275 760 2333 simum
817 2274 1170 2350 exagitanda
1232 2278 1446 2348 sumis,
1509 2268 1623 2335 hoc
1679 2277 1871 2333 minus
1918 2290 2029 2350 ego
2074 2289 2318 2333 moveor
2376 2280 2628 2349 tuosque
2683 2278 2830 2334 ictus
2889 2275 3248 2350 persentisco

549 2350 627 2420 oh
689 2379 932 2421 causam
984 2363 1247 2422 eandem.
1340 2364 1729 2465 Antiquitatis
1784 2354 2055 2422 desertae
2101 2361 2323 2421 invidia
2367 2376 2511 2420 ιιοιι
2537 2361 2614 2420 ad
2657 2379 2749 2422 me
2795 2364 3081 2439 pertinet,
3147 2364 3249 2438 qui

541 2448 702 2508 ‚alios
749 2465 984 2525 sequor,
1030 2452 1395 2514 novationis
1411 2452 1634 2508 crimini
1679 2450 1878 2509 locum'
1918 2450 2016 2516 hic
2057 2467 2175 2509 non
2219 2449 2511 2525 praebe03
2557 2466 2676 2508 ιιοιι
2722 2449 2800 2509 ad
2840 2449 3245 2526 Copernicum,

465 2555 472 2572 ·
557 2552 708 2615 quos
754 2540 908 2615 enim
950 2536 1050 2596 ille
1095 2540 1376 2614 sequitur,
1422 2537 1511 2596 illi
1554 2545 1691 2597 sunt
1735 2537 1910 2614 plane
1957 2538 2356 2597 vetustissimi.
2449 2536 2781 2611 Greaturae‚
2833 2536 2961 2597 Soli
3005 2535 3246 2610 scilieet»,

525 2626 833 2683 'attributa
878 2626 992 2684 Dei
1037 2625 1375 2698 transscribi
1420 2626 1596 2685 toties
1633 2625 1762 2701 jam
1806 2626 2157 2699 criminaris,
2221 2624 2379 2702 quod
2425 2625 2476 2682 is
2522 2640 2757 2696 moyere
2803 2627 3081 2685 statuitur
3122 2627 3249 2701 ipse

551 2712 878 2772 immobilis·
927 2712 1210 2788 quodque
1255 2714 1385 2772 sons
1429 2720 1622 2771 motus
1666 2730 1795 2772 esse
1840 2711 2236 2789 perhibetur,·
2262 2711 2502 2788 perinde
2547 2729 2618 2772 ac
2661 2716 2711 2774 si
2753 2730 2928 2774 voces
2972 2728 3091 2784 non
3135 2714 3251 2771 sint

550 2802 931 2874 aequivocae,
980 2817 1051 2858 ac
1094 2803 1146 2857 si
1191 2799 1310 2860 non
1355 2800 1509 2860 idem
1556 2807 1617 2859 et
1657 2801 1766 2859 tibi
1809 2802 1925 2877 ipsi
1954 2809 2187 2876 posset.
2213 2800 2408 2875 objici,
2456 2801 2732 2860 trinitatis
2778 2802 3091 2877 imaginem
3124 2817 3250 2875 ag-

550 2890 816 2946 noscenti
863 2887 920 2945 in
969 2887 1225 2947 hebraea
1269 2906 1418 2948 voce
1462 2887 1731 2961 Jehova,
1789 2891 2104 2964 praecipue
2147 2888 2412 2962 loquenti
2457 2886 2528 2947 de
2572 2883 2741 2961 luce,
2806 2891 2958 2965 igni,
3020 2888 3246 2966 spiritu,

550 2976 749 3033 anima
811 2974 1056 3033 mundi?
1145 2975 1221 3034 Et
1279 2975 1422 3052 quid
1480 2976 1610 3035 fons
1676 2982 1768 3035 est
1825 2978 1938 3034 nisi
1982 2974 2473 3038 instrumentum?
2563 2975 2659 3032 An
2687 2976 2807 3053 ‘qui
2869 2992 2968 3035 eor
3027 2975 3247 3046 fontem
3299 3036 3307 3044 ,

552 3062 712 3121 vitae
760 3065 988 3136 asserit,
1034 3063 1082 3119 is
1129 3062 1511 3136 obliviscitur,
1557 3064 1874 3138 inspirasse
1917 3062 2112 3122 Deum
2169 3065 2229 3121 in
2275 3062 2439 3122 hunc
2475 3064 2668 3138 ipsum
2710 3064 2933 3123 fontem
2977 3065 3245 3138 spiraeu-

551 3147 676 3207 lum
723 3152 880 3209 vitae
899 3149 929 3207 ⁰?
1020 3150 1088 3209 Si
1133 3153 1276 3210 coeli
1319 3152 1497 3210 multi
1540 3152 1713 3223 sum,
1774 3168 1905 3210 non
1947 3154 2064 3209 era
2105 3151 2329 3227 aliquis
2383 3150 2606 3209 Terrae
2649 3169 2863 3210 cursus
2920 3154 3085 3210 eirca
3130 3150 3247 3220 So,-

549 3236 712 3296 lem?
798 3235 1010 3311 Quasi
1026 3254 1184 3310 vero,
1232 3241 1332 3314 qui
1376 3238 1591 3297 Terrae
1636 3255 1809 3296 suum
1853 3240 2121 3314 assignat
2164 3250 2420 3312 cursum,
2481 3240 2533 3297 is
2576 3253 2694 3297 non
2730 3239 2933 3300 eidem
2975 3245 3055 3297 et
3079 3255 3247 3301 suam

554 3326 821 3400 assignet
862 3326 1193 3399 regionem,
1242 3326 1297 3384 id
1346 3335 1435 3384 est
1479 3324 1739 3399 eoelum,
1778 3327 1890 3401 p'er
1932 3325 2124 3402 quod
2136 3326 2240 3385 illa
2284 3324 2522 3385 currat?
2676 3374 2680 3378 ,
2788 3353 2793 3358 -

723 3410 973 3479 Rursum
1034 3422 1230 3473 autem
1287 3412 1554 3473 solennia
1596 3413 1884 3471 tironibus
1926 3422 2091 3476 arma
2134 3416 2326 3490 rapis,
2389 3418 2735 3488 argumenta
2775 3413 2852 3472 ab
2879 3374 3247 3473 hexhemere

524 3498 739 3573 -primo
786 3499 1044 3559 deducis.
1134 3499 1272 3559 Jam
1318 3504 1550 3578 quoties
1593 3501 1900 3578 respondi,
1959 3499 2057 3569 me
2110 3508 2305 3561 textus
2348 3500 2599 3559 Mosaici
2657 3517 2777 3564 non
2830 3517 3006 3578 agere
3062 3503 3246 3560 inter-

548 3589 803 3662 preteml
895 3588 1042 3662 Age,
1093 3587 1188 3646 dic
1230 3596 1296 3647 ut
1341 3591 1390 3647 is
1434 3591 1512 3647 sit
1553 3586 2000 3664 intelligendus,
2047 3588 2532 3665 respondeboque
2577 3586 2656 3649 ad
2700 3591 2986 3664 quaesita.
3080 3588 3243 3662 Esto,

550 3669 619 3731 nt
663 3674 1071 3734 inhaereamus
1117 3674 1338 3736 literae.
1431 3676 1585 3752 Ergo
1630 3693 1762 3735 cum
1801 3677 1928 3752 jam
1975 3686 2133 3737 esset
2177 3676 2370 3750 diyisa
2412 3675 2515 3735 lux
2560 3694 2597 3735 a
2641 3677 2914 3751 tenebris,
2962 3692 3079 3736 uno
3105 3675 3244 3736 tloco
3291 3716 3296 3722 -

550 3758 658 3819 lux
703 3770 862 3835 erat,
929 3765 1134 3822 ceteris
1183 3765 1428 3823 materia
1483 3763 1616 3823 luce
1664 3781 1876 3826 vacua.
1967 3764 2063 3824 De
2119 3763 2309 3840 figura
2348 3764 2498 3823 lucis
2558 3781 2632 3824 ne
2677 3767 3062 3843 perconteris,
3127 3779 3247 3823 non

550 3847 693 3906 affui
753 3856 1075 3924 spectator,
1138 3868 1249 3911 nec
1305 3850 1423 3910 fido
1483 3851 1577 3911 vel
1624 3850 1888 3912 Hermeti
1948 3852 2041 3912 vel
2098 3853 2343 3928 picturis
2398 3854 2535 3912 tuis.
2580 3850 2744 3912 Sed
2802 3852 2952 3912 lucis
3007 3852 3246 3927 regione

547 3932 858 4011 designata
895 3938 1019 4012 jam
1066 3937 1235 3997 datur
1280 3945 1509 4016 tempus
1555 3940 1805 4015 ejusque
1851 3948 2080 4019 partes,
2139 3956 2389 4015 vespera
2433 3947 2493 3999 et
2533 3955 2726 3999 mane.
2815 3939 3106 3999 Mansisse
3142 3938 3245 3998 di0.

548 4039 678 4082 cam
725 4020 984 4083 centrum
1012 4025 1226 4085 Terrae
1269 4025 1402 4087 leco
1446 4043 1577 4099 suo,
1616 4026 1890 4086 volutam
1936 4042 2077 4087 vero
2111 4027 2352 4087 Terram
2396 4028 2611 4086 circum
2656 4044 2829 4087 axem
2869 4025 3242 4099 immobilem,

548 4110 746 4185 quoad
792 4111 1160 4173 illucesceret
1203 4113 1326 4173 dies
1373 4101 1598 4189 quarta.
1690 4114 2110 4175 Revolutionis
2141 4115 2301 4174 illius
2348 4113 2592 4174 diurnae
2621 4114 2753 4174 sons
2783 4114 2892 4173 suit
2923 4113 3098 4186 idem,
3144 4115 3246 4189 qui

546 4214 704 4278 nane
746 4207 866 4272 est,
912 4202 1262 4276 principium
1287 4233 1292 4240 ·
1320 4201 1545 4261 scilicet
1586 4202 1838 4262 animale
1900 4205 2171 4277 insitum3
2233 4219 2369 4260 nam
2413 4219 2486 4261 ex
2530 4200 2670 4262 Sole
2726 4218 2844 4260 non
2891 4201 3043 4261 hunc
3102 4204 3245 4277 parq-

552 4288 700 4344 tium
746 4291 1007 4364 eorporis
1057 4288 1353 4363 diurnum,
1402 4287 1507 4348 sed
1553 4292 1732 4351 centri
1785 4296 2013 4349 motum
2059 4306 2317 4349 annuum
2382 4288 2614 4364 derivo,
2666 4306 2787 4350 ‹nec
2841 4306 2995 4367 opus
3035 4287 3125 4350 illi
3165 4286 3245 4347 ad

547 4371 702 4434 banc
749 4373 1178 4435 revolutionem
1226 4377 1492 4436 diurnam
1549 4394 1790 4453 corpore
1835 4377 2108 4454 regulari.
2200 4372 2451 4451 Quodsi
2483 4384 2646 4436 motu
2692 4379 2874 4437 centri
2917 4384 3059 4436 tune
3090 4392 3245 4435 non-

549 4459 691 4521 dum
732 4471 859 4520 erat
903 4463 1201 4539 praedita,
1247 4463 1444 4523 nullus
1473 4465 1668 4539 igitur
1710 4472 1850 4524 tunc
1893 4464 2088 4524 adhuc
2129 4465 2410 4523 terminus
2455 4472 2582 4524 erat
2629 4465 3022 4542 proportionis
3067 4462 3244 4523 ullius

546 4547 940 4634 harmonicae,
989 4568 1138 4627 quas
1183 4569 1294 4628 ego
1339 4550 1577 4627 quidem
1622 4551 1826 4611 doceo.
1916 4552 2008 4611 Tu
2053 4552 2104 4611 si
2148 4569 2340 4612 meam
2384 4552 2483 4612 hic
2526 4553 2786 4631 inopiam
2830 4568 3034 4612 censes
3077 4567 3247 4610 eom-

545 4638 921 4697 miseratione
965 4638 1232 4714 dignam,
1296 4656 1407 4716 age
1452 4639 1594 4698 mihi
1656 4646 1899 4714 erogato
1945 4641 2249 4717 quippiam
2309 4639 2381 4700 de
2438 4639 2592 4698 laxis
2637 4642 2757 4699 tuis
2812 4638 3243 4717 significatibus

549 4724 712 4784 vocis
761 4725 1080 4800 harmonia,
1128 4734 1193 4785 ut
1240 4735 1432 4788 tecum
1478 4730 1655 4787 etiam
1696 4729 1899 4831 primis
1946 4727 2152 4791 diebus
2193 4728 2556 4788 harmoniam
2583 4726 2843 4805 aliquam
2886 4728 3090 4802 fatear,
3136 4725 3244 4786 sed

548 4829 679 4871 non
714 4813 920 4888 quales
966 4832 1078 4891 ego
1122 4815 1311 4874 trado.
1399 4814 1562 4874 Nihil
1618 4816 1772 4876 enim
1816 4813 2089 4894 impedit,
2149 4815 2461 4876 succedere
2516 4831 2706 4874 novas
2750 4813 3086 4876 harmonias
3148 4812 3242 4873 die'

461 4910 464 4913 ·
548 4910 789 4976 quarto,
836 4918 989 4976 quae
1034 4902 1292 4962 nondum
1346 4909 1515 4962 erant
1556 4902 1866 4979 prioribus.
1944 4903 2163 4963 Nonne
2209 4903 2669 4965 celebratissima
2710 4902 2817 4963 illa
2859 4910 2965 4963 tna
3004 4902 3244 4964 harmo-

546 4989 648 5045 nia
706 4990 855 5046 inter
898 5006 1118 5055 marem
1163 4997 1220 5047 et
1265 4991 1540 5052 seminam
1596 4993 1735 5050 totis
1779 4992 2059 5068 quinque·
2083 4974 2291 5060 diebus
2336 4991 2550 5065 defuit,
2611 4991 2713 5050 vix
2758 4990 2994 5051 demum
3054 4997 3240 5077 sexto,

495 5106 500 5111 ·
552 5082 750 5135 ereata
779 5075 1038 5149 femina,
1087 5079 1342 5138 emicuit.

684 5162 903 5223 ·Porro
960 5163 1037 5222 ad
1080 5168 1384 5241 superiora
1426 5163 1783 5241 Ooperniens
1838 5165 2155 5243 tribunalia
2212 5168 2453 5238 citatur,
2518 5180 2760 5225 eausam
2803 5160 3002 5224 eoram
3037 5161 3241 5239 judice

545 5248 847 5327 Scriptura
889 5251 1167 5312 dicturus.
1258 5253 1335 5313 Et
1393 5269 1569 5329 snpra
1592 5256 1912 5313 excusavi·
1941 5272 2062 5328 me,
2126 5269 2244 5312 non
2289 5253 2627 5329 litigaturus
2666 5250 2885 5324 inlice
2925 5253 3075 5316 foro,
3096 5250 3243 5324 (line

544 5337 771 5415 analys.
818 5338 1027 5414 XII),
1088 5356 1200 5400 nec
1244 5348 1335 5399 est
1376 5356 1632 5416 aequum
1650 5383 1666 5415 ,
1730 5348 1818 5401 te
1833 5341 2090 5402 Roberte
2135 5341 2313 5399 hanc-
2349 5356 2515 5399 orare
2559 5330 2828 5413 causam,
2890 5355 3025 5399 eum
3066 5337 3243 5397 theo-

544 5423 715 5501 logus
760 5444 875 5486 non
922 5429 1024 5487 sis.
1113 5428 1237 5503 Ipsi
1280 5426 1595 5501 videbunt,
1652 5445 1761 5488 nec
1806 5432 1923 5489 tuis
1967 5435 2203 5487 utentur
2246 5427 2463 5501 oeulis,
2524 5434 2630 5488 tua
2672 5427 2892 5505 lingua.
2978 5426 3131 5487 Nam
3174 5431 3241 5485 ιιι

544 5511 780 5596 quidem
828 5514 1043 5591 oppido
1090 5532 1268 5590 quam
1310 5523 1615 5592 suspectus
1660 5523 1823 5576 actor
1868 5509 2060 5601 hujus
2077 5532 2290 5576 causae
2334 5515 2563 5574 futurus
2591 5516 2788 5574 fueris.
2879 5512 3041 5574 Cedo
3068 5527 3246 5573 nam-

543 5617 668 5676 que
704 5602 872 5661 bases
921 5601 1143 5661 Tem-ae
1199 5621 1293 5664 ex
1316 5613 1421 5663 tua
1465 5607 1772 5666 sententia.
1864 5604 2125 5665 Literam
2183 5605 2303 5677 vis,
2370 5620 2445 5663 an
2500 5604 2797 5680 mysticos·
2827 5606 3035 5664 sensns
3050 5599 3128 5661 ⁶?
3165 5600 3237 5662 Si

536 5686 727 5749 Terra
771 5695 892 5749 stat
934 5689 1012 5749 ad
1053 5689 1300 5768 literam,
1345 5692 1522 5754 bases
1564 5690 1809 5753 habebit
1852 5692 1931 5756 ad
1973 5692 2261 5769 literam,
2278 5692 2338 5751 si
2380 5688 2585 5767 bases,
2630 5697 2700 5753 tu
2728 5706 2861 5752 nen
2907 5687 3082 5752 bases
3126 5687 3243 5750 ob-

645 5796 835 5851 :splen
861 5798 1012 5851 Opera
1034 5799 1091 5843 V.
2240 5867 2249 5876 .
2833 5795 2917 5856 30
