3684 7259
1368 1242 1746 1313 Conci-uentis.
1815 1242 1985 1300 Liber-
2014 1242 2088 1300 11.
2954 1246 3079 1309 123

374 1428 569 1494 gruunt
604 1423 770 1491 igitur
803 1422 964 1478 trium
1000 1423 1254 1492 utrinque
1290 1420 1659 1486 rhomborum,
1699 1418 1910 1474 obtusis
1953 1417 2382 1486 conjunctorum,
2431 1423 2619 1472 ternae
2655 1415 2974 1474 eminentiae
3020 1418 3076 1473 in

372 1501 548 1557 hiatus
584 1501 962 1570 recipiuntque
998 1501 1109 1556 suis
1145 1502 1383 1557 hiatibus
1418 1500 1633 1556 illorum
1672 1498 2006 1553 eminentias.
2045 1499 2142 1561 (Vv
2179 1507 2229 1550 et
2265 1504 2344 1561 fig.
2382 1498 2504 1558 21.).

544 1582 634 1636 Sic
675 1583 897 1649 triginta
943 1581 1155 1635 rhombi
1199 1582 1370 1650 plani,
1421 1575 1787 1648 proportionis
1841 1575 2195 1647 diagonorum
2243 1574 2488 1636 alterius,
2543 1575 2748 1631 faciunt
2793 1575 3075 1629 rhombum

372 1659 600 1714 solidum
638 1659 1152 1715 triacontaedricum
1189 1661 1295 1727 (Xx
1332 1669 1382 1712 et
1417 1666 1496 1723 fig.
1538 1659 1663 1725 22).
1877 1689 1973 1741 ,Ἧι
2004 1691 2071 1732 ἢ

374 1738 533 1805 Quini
554 1738 703 1793 enim
728 1746 783 1794 et
807 1738 956 1806 quini
981 1738 1220 1806 rhombi,
1260 1738 1473 1806 angulis
1494 1737 1667 1793 acutis
2015 1794 2018 1796 ,

373 1817 648 1885 conjuncti
685 1817 756 1871 ad
806 1815 1131 1885 effigiandos
1187 1815 1325 1871 duos
1363 1817 1566 1872 solidos
1612 1832 1679 1871 ex
1805 1884 1836 1889 ,⁷

374 1896 638 1964 oppositis
674 1896 853 1966 plagis
900 1902 1141 1963 stantes,
1181 1913 1302 1951 cnm
1325 1891 1492 1950 ‘hient
1530 1897 1674 1965 apud
1789 1917 1793 1921 ·
1829 1893 1913 1965 *fa-v
1974 1959 1977 1961 Α
2050 1910 2226 1973 ῃ

372 1975 597 2028 obtusos
626 1974 964 2043 conjunctos,
991 1975 1277 2043 quinorum
1307 1983 1360 2030 et
1390 1976 1673 2045 quinorum
1865 1981 1873 1989 ““
1924 2042 1949 2045 Η
2066 1971 2258 2057 ,ἶς’-,ζ..ξῗνῑρἶῂ

372 2052 720 2108 rhomborum
770 2053 981 2108 obtusis
1024 2054 1144 2107 aliis
1194 2055 1425 2124 implent
1460 2054 1672 2120 hiatus,
1858 2110 1861 2113 ,,
2086 2041 2270 2129 ‘³²33..352‡I:·3:·-':÷†:÷-›

374 2131 608 2199 denique
656 2131 712 2185 in
749 2132 1033 2201 utriusque
1068 2133 1239 2189 veluti
1274 2142 1451 2189 testae
1496 2133 1674 2189 medio
1707 2180 1708 2186 ,
2002 2133 2010 2161 ³·

373 2224 513 2263 zona
548 2224 617 2264 ex
667 2212 855 2266 decem
902 2211 1197 2267 rhombicis
1235 2213 1537 2282 composita
1576 2213 1673 2266 cir-

371 2288 537 2342 cumit
573 2288 911 2358 conjungens
948 2298 1233 2359 utramque
1269 2299 1483 2346 testam.

543 2368 669 2422 Non
688 2384 809 2424 esse
834 2386 963 2425 vero
988 2368 1173 2439 plures
1199 2370 1469 2439 perfectas
1494 2370 1673 2424 rhom-

371 2445 560 2500 borum
597 2450 1005 2516 congruentias,
1056 2449 1133 2504 sic
1182 2451 1461 2517 probatur.
1536 2451 1675 2504 Sunt

370 2526 514 2578 enim
550 2525 658 2580 duo
705 2528 890 2596 anguli
937 2528 1087 2596 plani
1137 2527 1401 2582 rhombici
1439 2530 1610 2600 acuti,
1661 2534 1769 2590 duo
1821 2536 2033 2603 obtusi,
2082 2550 2311 2604 quorum
2357 2545 2571 2602 semper
2607 2533 2799 2583 acutus
2836 2507 2994 2582 unus
3023 2535 3079 2586 et
3182 2601 3200 2610 ·

370 2620 510 2658 unus
548 2605 780 2661 obtusus
816 2606 1025 2662 faciunt
1062 2607 1200 2662 duos
1237 2614 1442 2677 rectos,
1492 2626 1592 2667 nec
1641 2615 1825 2684 plures
1863 2615 2038 2670 tribus
2075 2612 2285 2671 obtusis
2324 2614 2655 2678 congruunt,
2701 2622 2769 2662 ne
2817 2613 3078 2688 superent

370 2690 607 2750 quatuor
650 2691 848 2739 rectos.
921 2686 1129 2754 Quodsi
1178 2701 1305 2752 ergo
1353 2693 1466 2742 tres
1516 2691 1691 2747 solum
1738 2701 1930 2748 acutos
1967 2691 2337 2761 conjunxeris,
2387 2689 2449 2745 fit
2500 2696 2561 2744 ut
2606 2688 2661 2743 in
2699 2686 2864 2756 cubo,
2910 2687 3075 2743 hexa-

368 2762 537 2816 edron
574 2763 910 2819 rhombicum
947 2780 1069 2821 cum
1106 2765 1317 2820 duobus
1354 2767 1530 2822 solum
1567 2772 1755 2828 solidis
1792 2773 1982 2838 acutis,
2037 2769 2350 2840 longissime
2389 2765 2741 2831 distantibus,
2786 2766 2951 2820 Ceteri
2989 2782 3072 2821 ⁸⁰·

370 2841 462 2897 lidi
497 2844 554 2896 in
592 2844 770 2898 medio
807 2846 1049 2915 corporis
1101 2862 1208 2900 non
1245 2852 1455 2900 tantum
1493 2848 1723 2919 distant3
1769 2867 1879 2905 non
1927 2856 2211 2905 servantur
2244 2848 2409 2916 igitur
2459 2844 2610 2914 leges
2659 2843 2986 2900 definitronis
3022 2846 3073 2915 8,

368 2937 506 2988 quae
540 2937 652 2974 non
688 2922 925 2978 admittit
960 2923 1098 2979 duos
1135 2924 1282 2979 solos
1321 2927 1551 2994 angulos
1587 2929 1643 2985 in
1680 2930 1870 2985 eadem
1893 2929 2157 2999 sphaera,
2193 2931 2477 2995 praeterea
2502 2938 2570 2977 ex
2596 2923 2628 2978 6
2651 2920 2840 2976 solidis
2865 2922 3072 2978 obtusis

368 3000 594 3068 quilibet
630 3000 902 3056 clauditur
935 3019 969 3057 a
1004 3003 1217 3058 duobus
1257 3005 1467 3061 obtusis
1505 3005 1681 3074 planis
1719 3016 1775 3062 et
1809 3022 1918 3062 uno
1955 3013 2135 3067 acuto,
2171 3019 2310 3072 quae
2334 3001 2711 3071 irregularitas
2745 3016 2962 3056 rursum
2988 3005 3074 3056 est

367 3088 556 3133 contra
591 3079 952 3136 definitiones.
1025 3083 1175 3150 Ergo
1214 3100 1323 3137 non
1374 3094 1485 3139 tres
1523 3093 1732 3140 tantum
1767 3084 1919 3155 plani
1969 3085 2116 3141 acuti
2162 3084 2307 3137 coire
2355 3080 2568 3137 debent.
2643 3081 2714 3134 At
2761 3095 2936 3149 neque
2972 3096 3072 3136 sex

367 3156 525 3224 acuti,
563 3157 789 3213 totidem
828 3160 1036 3215 scilicet
1070 3162 1434 3230 rhomborum,
1474 3169 1685 3219 coeunt.
1759 3165 1814 3218 Si
1838 3159 1995 3219 enim'
2017 3160 2216 3232 singuli
2243 3160 2446 3215 habent
2471 3159 2827 3226 quantiffltem
2855 3160 2883 3229 Ξ
2912 3160 3074 3216 Πῦῗῑῑῦ

367 3234 525 3299 recti,
581 3235 762 3291 obtusi
800 3237 1080 3294 habebunt
1118 3241 1338 3310 duplam
1375 3243 1747 3310 quantitatem,
1785 3242 1993 3298 scilicet
2029 3247 2087 3312 ᾗ,
2159 3246 2212 3294 et
2249 3239 2326 3292 sic
2374 3246 2482 3292 tam
2520 3244 2631 3290 tres
2671 3238 2853 3291 obtusi
2910 3254 3072 3306 quam

369 3329 461 3368 sex
498 3316 647 3371 acuti
684 3317 995 3373 formabunt
1032 3322 1063 3377 4
1101 3332 1294 3391 rectos»,
1332 3337 1433 3375 nec
1469 3322 1552 3374 vel
1579 3320 1657 3374 illi
1694 3320 1779 3374 vel
1814 3321 1872 3375 hi
1899 3319 2208 3375 formabunt
2233 3315 2489 3384 angulum
2521 3313 2767 3379 solidum,
2805 3316 2900 3370 sed
2940 3324 3073 3372 ster-

368 3401 494 3447 nent
532 3397 844 3451 continuam
883 3398 1183 3469 planitiem,
1220 3410 1279 3454 ut
1317 3402 1373 3455 in
1407 3401 1580 3468 figura
1616 3401 1678 3455 G.
1751 3402 1847 3455 Sin
1882 3408 2063 3456 autem
2101 3397 2248 3454 acuti
2284 3395 2522 3450 minores
2545 3401 2845 3461 sumantur,
2885 3396 3067 3450 obtusi

370 3474 598 3540 majores
638 3484 798 3529 erunt
833 3485 887 3530 et
925 3487 1035 3533 tres
1073 3482 1409 3549 superabunt
1454 3487 1687 3548 quatuor
1722 3488 1920 3534 rectos.
1995 3479 2139 3546 Ergo
2178 3476 2316 3532 duae
2365 3482 2576 3530 tantum
2631 3483 2757 3532 sunt
2789 3473 3072 3543 perfectis-

369 3554 532 3607 simae
568 3554 881 3611 rhombicae
915 3559 1327 3629 congruentiae3
1376 3576 1511 3625 una,
1561 3559 1618 3613 in
1654 3576 1762 3629 qua
1798 3567 2034 3628 quatuor
2067 3556 2212 3612 acuti
2249 3554 2432 3624 anguli
2475 3552 2740 3609 rhombici
2777 3555 2977 3609 coeunt
3013 3555 3067 3608 in

368 3630 614 3700 solidum,
650 3633 838 3703 altera,
875 3636 931 3690 in
968 3654 1077 3706 qua
1111 3641 1381 3707 quinque3
1422 3640 1617 3706 quibus
1654 3648 1834 3694 tamen
1872 3637 2176 3692 associatur
2210 3633 2398 3703 cubus,
2434 3639 2696 3702 tanquam
2720 3631 3070 3688 rhomborum

369 3710 599 3763 omnium
619 3711 959 3781 principium,
997 3717 1123 3785 quia
1146 3717 1366 3785 planum
1390 3718 1561 3785 ipsius
1588 3725 1671 3771 est
1696 3716 1927 3772 laterum
1952 3713 2256 3784 aequalium
2286 3718 2532 3783 quatuor,
2569 3718 2633 3767 ut
2653 3708 3070 3769 rhombicorum.

534 3784 837 3846 XXVIII.
886 3790 1356 3866 propositio.
1447 3792 1747 3853 Persectae
1794 3794 1852 3851 in
1896 3791 2087 3852 solido
2134 3785 2549 3863 congruentiae
2577 3786 2795 3864 gradus
2825 3787 3067 3847 inferio-

368 3872 441 3929 ris
483 3875 712 3949 species
756 3886 892 3935 sunt
937 3878 1244 3954 tredecim3
1309 3898 1381 3939 ex
1427 3881 1637 3956 quibus
1680 3880 1955 3941 tredecim
2007 3879 2267 3937 oriuntur
2312 3873 2698 3935 Archimeden
2743 3890 3004 3952 corpora.

538 3956 680 4010 Cum
709 3958 853 4012 enim
887 3962 1215 4017 misceantur
1248 3962 1305 4016 in
1341 3962 1448 4018 hoc
1482 3963 1654 4030 gradu
1688 3962 1896 4033 figurae
1931 3963 2190 4027 diversae,
2229 3973 2396 4026 quare
2432 3972 2530 4026 per
2578 3972 2794 4026 propos.
2825 3957 2907 4010 21.
2945 3961 3068 4014 mis-

367 4035 630 4091 cebuntur
664 4044 761 4091 aut
796 4037 1021 4095 duarum
1077 4046 1174 4096 aut
1206 4042 1367 4096 trium
1416 4043 1719 4110 specierum
1768 4042 1988 4109 figurae.
2062 4038 2268 4108 Quodsi
2316 4037 2568 4106 duarum,
2618 4044 2749 4093 tunc
2799 4037 2940 4089 inter
2976 4053 3069 4094 eas

365 4112 446 4168 vel
479 4121 610 4169 sunt
650 4116 847 4184 trigoni
885 4120 969 4172 vel
1007 4138 1115 4175 non
1152 4129 1293 4175 sunt.
1365 4123 1534 4189 Igitur
1578 4138 1645 4176 ex
1680 4122 1907 4190 trigonis
1945 4130 1997 4175 et
2037 4116 2334 4187 tetragonis
2387 4114 2526 4170 fiunt
2562 4114 2736 4170 solida
2771 4114 2898 4182 tria,
2954 4114 3068 4183 qui-

367 4193 466 4247 bus
504 4194 727 4262 quidem
764 4197 868 4252 def.
907 4202 956 4254 9.
995 4209 1280 4270 competat.
1347 4203 1491 4266 Nam
1528 4203 1623 4258 illa
1658 4203 1834 4271 rejicit
1870 4202 2074 4255 formas
2109 4200 2274 4253 hasce
2312 4204 2448 4262 tres,
2505 4193 2562 4247 in
2600 4196 2794 4264 quibus
2838 4193 3068 4248 solidum

368 4271 625 4341 angulum
661 4272 945 4347 claudunt,
1000 4298 1122 4334 cum
1158 4299 1268 4336 uno
1306 4282 1637 4350 tetragonico
1674 4282 1837 4350 plano
1875 4279 2100 4349 angulo.
2151 4284 2262 4331 tam
2300 4273 2406 4327 duo
2447 4288 2607 4342 quam
2646 4279 2757 4326 tres
2795 4270 2942 4340 plani
2975 4270 3068 4325 tri-

368 4352 561 4420 gonici,
602 4362 699 4409 ant
735 4374 856 4412 cum
894 4359 1104 4416 duobus
1141 4362 1490 4430 tetragonicis
1526 4377 1666 4416 unus
1703 4360 2029 4430 trigonicus;
2067 4356 2194 4426 quia
2229 4354 2285 4407 in
2562 4380 2658 4428 rig.
2688 4376 2772 4420 23¹.
3056 4374 3061 4378 ’

366 4428 536 4499 primo
595 4448 728 4489 casu
763 4453 903 4492 unus
939 4439 1088 4493 solus
1124 4448 1439 4512 tetragonus
1476 4451 1583 4500 est,
1620 4438 1789 4507 fitque
1824 4437 2103 4493 dimidium
2142 4441 2286 4488 octa·

368 4512 476 4567 edri
513 4521 575 4569 et
612 4515 798 4584 anguli
834 4517 992 4572 solidi
1029 4527 1157 4574 sunt
1192 4520 1623 4587 diversiformes;
1668 4521 1723 4573 in
1762 4518 2002 4572 secundo
2041 4517 2147 4572 duo
2186 4514 2287 4569 soli

368 4593 656 4662 tetragoni,
709 4595 765 4647 in
813 4596 976 4664 tertio
1021 4597 1128 4652 duo
1178 4599 1280 4652 soli
1319 4600 1543 4666 trigoni,
1585 4613 1725 4667 quae
1764 4612 1862 4666 per
1898 4597 1980 4651 10.
2031 4600 2159 4649 sunt
2191 4593 2285 4646 im·

367 4672 642 4743 perfectae
680 4675 1080 4740 congruentiae.
1155 4679 1386 4734 Restant
1422 4696 1551 4748 ergo
1590 4678 1735 4732 modi
1770 4677 1841 4745 hi,
1882 4675 1938 4729 in
1963 4674 2158 4745 quibus
2196 4689 2286 4727 an·

366 4751 548 4821 gulam
587 4752 822 4808 solidum
860 4754 1120 4810 claudunt
1157 4756 1323 4826 plani.
1399 4759 1652 4826 Primum,
1690 4762 1927 4826 quatuor
1947 4753 2194 4822 trigonici
2233 4754 2288 4805 et

367 4849 502 4888 unns
548 4834 945 4901 tetragonicus:
993 4843 1119 4890 sunt
1170 4838 1311 4892 enim
1356 4837 1589 4892 minores
1636 4837 1669 4891 4
1716 4835 1898 4891 rectis.
1972 4834 2288 4901 Congruunt

366 4910 528 4981 igitur
564 4926 664 4966 sex
702 4914 971 4980 tetragoni
1010 4923 1065 4969 et
1101 4917 1324 4984 triginta
1361 4918 1468 4971 duo
1508 4919 1582 4987 (id
1620 4923 1704 4971 est
1739 4916 1809 4971 20
1843 4923 1900 4970 et
1938 4914 2020 4982 12)
2069 4912 2285 4981 trigoni,

368 4999 418 5043 et
452 4990 515 5045 fit
552 4990 729 5058 figura
764 4992 1239 5061 triacontaedrica‚
1287 4997 1432 5066 quod
1485 4995 1705 5066 appello
1743 4995 1995 5049 Cubum
2031 4994 2281 5048 simum.

368 5068 462 5122 Hic
493 5070 552 5123 in
588 5069 866 5124 schemate
901 5073 1079 5140 pictus
1118 5082 1201 5129 est
1235 5075 1344 5128 23¹.

533 5147 787 5215 Quinque
824 5150 966 5203 enim
1002 5152 1248 5220 trigonici
1287 5153 1434 5222 plani
1484 5161 1539 5207 et
1593 5169 1732 5208 unus
1770 5155 2137 5224 tetragonicus
2192 5170 2277 5208 su-

365 5233 550 5293 perant
584 5235 823 5295 quatuor
856 5237 1065 5295 rectos,
1119 5247 1237 5285 cum
1277 5235 1510 5289 debeant
1539 5233 1613 5304 ‚ad
1651 5233 1880 5288 solidum
1918 5234 2276 5289 claudendum

366 5320 478 5359 esse
530 5305 768 5361 minores
814 5316 1046 5375 quatuor
1091 5312 1253 5366 rectis
1290 5328 1389 5382 per
1423 5314 1507 5368 16.
1582 5312 1669 5369 Sic
1706 5313 1866 5366 etiam
1914 5319 2148 5381 quatuor
2184 5315 2274 5367 tri-

368 5385 538 5453 gonici
575 5392 634 5439 et
670 5386 775 5440 duo
812 5390 1135 5455 tetragonici
1169 5389 1378 5446 faciunt
1412 5393 1644 5461 quatuor
1676 5399 1875 5463 rectos.

525 5464 783 5519 Secundo
823 5466 929 5519 duo
966 5468 1213 5535 trigonici
1250 5477 1304 5524 et
1339 5471 1449 5525 duo
1483 5470 1804 5542 tetragonici
1850 5471 2026 5526 minus
2067 5471 2271 5525 habent

367 5549 590 5609 quatuor
622 5544 811 5613 reetis3
860 5546 948 5601 hic
983 5547 1147 5615 igitur
1182 5558 1487 5619 congruunt
1528 5553 1565 5606 8
1589 5550 1795 5619 ,trigoni
1840 5555 1898 5604 et
1933 5550 1965 5606 6
2001 5552 2270 5618 tetragoni

365 5620 428 5673 ad
470 5621 817 5678 formandum
866 5641 1034 5680 unum
1075 5628 1750 5700 tessareskaedecaedron,
1813 5629 1961 5700 quod
2007 5631 2263 5685 cubocta-

364 5698 524 5754 edron
559 5700 800 5770 appello.
871 5703 1085 5766 Pictum
1128 5712 1215 5763 est
1247 5706 1337 5762 hic
1386 5724 1531 5765 num.
1566 5708 1675 5766 23².
1749 5710 1872 5765 Duo
1923 5723 2052 5765 vero
2097 5703 2261 5779 trigo-

361 5779 463 5835 nici
495 5796 620 5837 cum
654 5782 829 5841 tribus
865 5785 1214 5855 tetragonici·
1250 5794 1513 5857 superant
1545 5790 1580 5844 4
1613 5795 1808 5846 rectos.
