3684 7259
240 1208 315 1276 ,886
558 1281 561 1289 ¹
762 1201 911 1258 Ptolemaei
928 1203 1082 1259 Harmonia.

158 1416 160 1418 -
252 1399 365 1440 summa
396 1380 555 1440 mediarum
586 1389 614 1439 et
642 1381 740 1439 infima
769 1381 992 1458 disjunctarum,
1026 1383 1220 1458 positionibus
1251 1380 1534 1458 quadrangularihus
1563 1397 1600 1439 ex

252 1478 374 1544 utroque
398 1470 589 1544 oppositionis
622 1468 712 1528 latere
724 1465 780 1549 IV),
814 1477 846 1527 ut
879 1478 946 1527 sunt
975 1472 1003 1526 in
1027 1469 1109 1527 Lerna
1134 1470 1262 1528 hisectae
1293 1472 1414 1546 species,
1444 1476 1474 1527 et
1505 1466 1598 1526 altera

252 1555 369 1631 quidem
392 1554 583 1631 configuratio
606 1557 644 1614 ab
668 1565 732 1615 ortu
755 1557 896 1633 cujusque
912 1555 1023 1627 sideris,
1048 1566 1076 1615 et
1100 1560 1127 1612 in
1155 1557 1236 1614 erna
1260 1560 1351 1633 prima
1373 1555 1495 1632 quadra,
1519 1570 1600 1613 com·

251 1653 369 1719 paretur
392 1642 575 1702 tetrachordo
599 1660 792 1701 summarum:
824 1647 893 1720 quia
918 1661 1030 1702 rursum
1046 1641 1075 1722 V)
1104 1660 1255 1702 commune
1286 1652 1343 1703 est·
1361 1646 1496 1718 utrinque
1519 1644 1600 1717 prin-

251 1731 368 1806 cipium,
393 1729 453 1788 illic
476 1732 505 1787 in
528 1730 671 1803 ortu,‘hic
695 1734 722 1787 in
747 1734 928 1807 gravissimis
951 1730 1047 1805 sonis3
1071 1742 1199 1805 atquae
1223 1731 1290 1790 huic
1313 1729 1442 1790 succedit
1466 1728 1600 1803 configu-

250 1820 324 1876 ratio
348 1814 389 1897 (in
413 1817 497 1874 Luna
519 1819 597 1894 prior
618 1818 707 1892 gibba
731 1817 847 1894 iacies),
872 1822 1077 1894 aequiparetur
1101 1818 1284 1877 tetrachordo
1308 1818 1477 1877 mediarum.
1522 1815 1600 1874 Rur-

251 1923 314 1964 sum
338 1912 437 1963 autem
460 1904 650 1980 configuratio
675 1906 740 1977 ilis,
764 1923 840 1980 quae
863 1906 909 1965 vel
935 1907 972 1969 ab
997 1907 1132 1981 opposita
1156 1908 1354 1983 apparitione,
1377 1912 1410 1963 ut
1433 1907 1461 1963 in
1487 1903 1599 1962 Venere

252 2000 281 2050 et
302 1991 463 2064 Mercurio,
492 1991 539 2051 vel
562 1992 600 2050 ah
624 2000 752 2051 extrema
775 2002 860 2051 nocte
892 2000 1026 2052 censetur
1055 1995 1099 2069 (ut
1123 1995 1150 2048 iu
1181 1995 1273 2052 tribus
1297 1992 1417 2068 reliquis
1440 2010 1476 2051 ex
1500 2008 1599 2049 erran-

251 2078 359 2159 tibus),
391 2078 437 2138 vel
461 2098 480 2137 a
503 2077 674 2138 decursione
698 2079 792 2151 dieta,
823 2083 905 2138 utin
930 2079 1027 2153 Luna,
1061 2098 1164 2157 nempe
1188 2082 1331 2155 posterior
1354 2080 1418 2155 ejus
1441 2079 1531 2155 gibba
1552 2078 1599 2135 ia·
1656 2123 1658 2128 .

251 2168 319 2239 cies,
343 2174 525 2244 comparetur
547 2166 731 2226 tetrachordo
758 2167 982 2242 disJunctarum,
1015 2184 1090 2243 quae
1114 2166 1223 2225 iaciunt
1247 2168 1284 2226 ad
1313 2170 1435 2244 primam
1459 2164 1600 2243 quadram

251 2261 340 2328 atque
370 2253 584 2312 tetrachordum
617 2272 760 2315 summam
792 2255 1005 2331 oppositionem
1041 2254 1238 2313 diametralem
1262 2264 1291 2314 et
1315 2255 1456 2328 diapason
1492 2254 1599 2310 identi·
1643 2273 1648 2288 ¹

251 2357 405 2414 sonorum3
438 2358 513 2415 quae
546 2358 613 2399 vero
637 2342 682 2399 his
714 2342 843 2401 succedit
867 2360 959 2417 nsque
989 2341 1025 2399 ad
1049 2340 1273 2402 occultationem
1297 2353 1325 2401 et
1355 2352 1420 2419 post
1443 2340 1600 2400 secundam

251 2428 402 2503 quadram,
426 2427 590 2504 applicetur
613 2428 795 2487 tetrachordo
819 2429 1032 2499 excellentium,
1057 2446 1132 2504 quae
1155 2447 1267 2487 rursum
1290 2430 1400 2488 iaciunt
1414 2428 1452 2487 ad
1475 2429 1599 2504 primam

251 2517 371 2592 gibbam
395 2517 499 2574 faciem
523 2524 551 2574 et
572 2516 785 2575 tetrachordum
802 2517 961 2576 mediarum
981 2518 1194 2592 oppositionem
1218 2516 1416 2576 diametralem
1439 2524 1469 2574 et
1492 2516 1598 2591 diapa-

250 2620 304 2661 son
327 2604 554 2662 identisonorum
573 2599 630 2682 VI).
676 2604 713 2661 Et
734 2614 802 2662 sunt
826 2603 943 2680 quidem
973 2603 1126 2663 intervalla
1150 2605 1187 2662 ab
1212 2603 1457 2663 occultationihus
1481 2601 1518 2661 ad
1542 2620 1597 2677 ap-

251 2692 418 2767 paritiones,
443 2697 472 2748 et
493 2693 522 2748 in
546 2692 590 2763 iis,
615 2693 665 2765 qui
688 2700 833 2750 extremae
850 2693 944 2750 noctis
967 2699 1047 2749 crtus
1069 2691 1189 2769 hahent,
1213 2691 1368 2751 intervalla
1391 2692 1599 2765 arespertinis

205 2837 208 2848 ,
251 2778 364 2837 ortibus
396 2794 489 2853 usque
524 2774 561 2834 ad
593 2779 751 2837 matutinos
782 2771 1003 2857 occubituslss)
1032 2777 1185 2853 (quamdiu
1210 2796 1249 2837 sc.
1275 2786 1463 2837 accensentur
1485 2779 1521 2835 iis
1544 2776 1599 2834 hae
1639 2786 1644 2797 ’

250 2862 467 2943 apparitiones),
491 2867 518 2921 in
542 2863 625 2923 Lena
648 2882 727 2938 vero,
751 2865 890 2940 quamdin
914 2865 966 2923 illa
988 2864 1075 2939 pleno
1098 2873 1220 2941 apparet
1243 2867 1312 2925 orbe
1327 2862 1410 2939 VIII),
1437 2865 1529 2927 haee.
1553 2866 1599 2923 in·

250 2968 352 3028 quam,
386 2960 452 3011 sunt
476 2970 563 3027 quam
587 2949 781 3034 proximem)
805 2955 908 3011 unciae
936 2954 1050 3025 circuli,
1082 2952 1326 3027 quemadmodum
1355 2962 1383 3012 et
1414 2954 1513 3010 tonica
1536 2950 1596 3008 dis·

245 3038 431 3116 junctionem
462 3036 670 3118 intervallax).
716 3040 883 3099 Ceterorum
915 3056 983 3098 vero
1017 3038 1234 3098 intervallorum
1269 3049 1410 3116 quatuor,
1442 3056 1493 3115 per
1523 3055 1597 3113 quae

249 3126 334 3186 durat
355 3125 729 3202 quaelibetoonfiguratio,
762 3137 829 3186 sunt
853 3121 915 3207 2¹s,
940 3144 1028 3203 quam
1057 3129 1186 3204 proxime
1209 3131 1372 3202 signorum,
1406 3126 1598 3203 quemadmo-

250 3213 429 3273 demetiam
453 3214 604 3289 quodlibet
627 3232 663 3273 ex
686 3214 877 3274 tetrachordis
900 3223 946 3273 est
970 3210 1031 3297 27,
1056 3217 1185 3291 proxime
1209 3200 1342 3273 tonorum
1359 3212 1412 3291 ⁸¹).
1444 3214 1598 3273 Praeterea

249 3303 278 3359 in
302 3301 387 3360 Luna
414 3302 525 3378 figurae
560 3301 646 3361 binas
680 3304 805 3361 invicem
836 3303 989 3377 oppositae
1023 3301 1108 3360 simul
1139 3310 1252 3361 sumtae
1277 3302 1398 3378 implent
1420 3301 1597 3360 soliditatem

248 3391 335 3448 unius
359 3392 489 3465 integrae
512 3392 714 3464 apparentiae,
751 3388 994 3464 quemadmodum
1028 3398 1056 3448 et
1086 3390 1151 3446 soni
1175 3388 1316 3466 diapason
1341 3389 1484 3447 distantes
1510 3405 1596 3445 unum

250 3479 401 3553 quippiam
425 3477 553 3536 efficiunt
576 3484 692 3554 propter
714 3476 934 3536 similitudinem
958 3479 1162 3552 perceptionis.
1191 3475 1274 3550 Quae
1298 3479 1386 3552 igitur
1409 3476 1598 3535 communiter

248 3566 341 3641 aptari
364 3572 495 3640 possunt,
520 3563 586 3621 hinc
611 3563 779 3623 differentiis
795 3582 889 3623 rerum
905 3563 944 3621 ad
959 3566 1309 3640 centumpertinentium,
1334 3564 1401 3622 inde
1425 3564 1598 3622 coelestibus

248 3652 392 3725 metibus,
428 3670 462 3710 er
496 3650 575 3710 hisce
598 3651 857 3710 assimilationihus
888 3652 947 3709 iere
969 3651 1092 3725 intelligi
1116 3650 1218 3724 datur;
1248 3660 1352 3724 restat,
1387 3659 1417 3708 ut
1450 3648 1597 3710 etiamad

248 3739 428 3814 singulorum
452 3737 713 3797 considerationem
737 3748 918 3797 transeamus
939 3734 1013 3819 X¹¹),
1044 3738 1209 3812 probabilia
1242 3739 1400 3798 consectati
1424 3755 1475 3814 per
1498 3739 1597 3796 obser-

248 3828 396 3885 vationem
420 3843 519 3885 eorum
542 3826 630 3904 (quae
654 3827 829 3898 factasunt,
853 3825 916 3905 seu)
940 3843 1015 3901 quae
1038 3825 1110 3884 liunt
1130 3823 1206 3894 ⁸¹¹¹).

333 3936 406 3989 Nota
424 3934 444 3987 Ι.
480 3935 579 3988 ltiiram
595 3935 622 3987 in
641 3934 683 3987 his
702 3933 850 3988 Ptolemaei
868 3934 1022 4003 ingenium,
1051 3934 1096 4001 qui
1123 3935 1204 3988 etiam
1230 3940 1349 4002 systema
1367 3932 1519 4000 perlectum
1539 3949 1597 3989 oum

247 4015 304 4069 suis
323 4016 395 4069 tonis
414 4013 583 4076 disjunctivis
603 4021 630 4066 et
648 4013 830 4070 tetrachordis
850 4014 938 4082 potuit
964 4013 1100 4080 applicare
1128 4011 1228 4066 circulo
1256 4012 1456 4079 apparitionum
1476 4023 1509 4064 ex
1530 4011 1598 4065 Solis

247 4093 338 4148 radiis.
375 4094 426 4146 Est
445 4092 536 4161 aliqua
555 4093 751 4160 convenientia,
770 4093 869 4159 fateor,
899 4094 948 4148 sed
970 4090 1084 4146 ridicula
1110 4099 1137 4144 ct
1156 4091 1320 4145 destructiva
1337 4090 1473 4156 legitimae
1493 4106 1596 4159 compa-

247 4172 367 4227 rationis.
387 4171 463 4226 Sicut
481 4171 552 4224 enim
571 4171 669 4225 accidit
688 4170 828 4239 systemati
846 4173 976 4239 perlecto,
996 4176 1027 4221 ut
1044 4167 1071 4220 id
1085 4167 1220 4222 dividatur
1237 4168 1264 4221 in
1283 4168 1458 4223 tetrachorda
1476 4178 1504 4223 et
1521 4178 1597 4223 tonos

247 4250 437 4318 disjuncavos,
465 4252 509 4304 rel
528 4252 591 4318 quia
609 4252 723 4318 primum
742 4240 951 4303 instrumentum
969 4248 1100 4302 musicum
1119 4249 1134 4300 4
1153 4248 1270 4302 chordas
1289 4246 1398 4316 hahuit,
1428 4264 1488 4302 cum
1507 4256 1599 4317 posset

211 4387 213 4394 ,
246 4333 275 4401 d,
294 4331 335 4386 rel
354 4330 418 4398 quia
437 4330 606 4384 diatessaron
624 4346 641 4382 a
658 4328 815 4396 Pythagora
833 4345 882 4396 pro
901 4328 1010 4383 minima
1029 4328 1266 4381 consonantiarum
1285 4326 1338 4380 fuit
1356 4326 1462 4392 habita,
1490 4343 1551 4380 cum
1570 4341 1597 4379 ro

231 4429 309 4469 ¹nera
326 4412 423 4467 tertiae
442 4412 496 4463 sint
514 4417 541 4463 et
568 4410 644 4477 ipsae
671 4408 865 4461 consonantiae
892 4408 1063 4473 minoresque
1091 4405 1146 4458 siut
1168 4405 1227 4472 ipsa
1245 4404 1430 4458 diatessaron:
1460 4404 1500 4457 sic
1519 4404 1596 4456 etiam

245 4490 429 4563 apparitiones
448 4477 835 4554 occultationesque'siderum
855 4487 906 4540 snb
926 4484 996 4539 Solis
1025 4484 1116 4538 radios
1135 4498 1208 4535 mera
1227 4492 1290 4537 sunt
1309 4482 1460 4537 accidentia
1477 4490 1596 4537 motuum

245 4570 402 4627 coelestium
422 4569 502 4635 idque
522 4574 626 4619 tantum
645 4572 770 4634 respectu
789 4566 937 4632 homiuum,
956 4563 1001 4631 qui
1020 4562 1054 4615 do
1074 4560 1142 4616 coeli
1161 4562 1281 4616 essentia
1299 4579 1353 4615 non
1372 4567 1449 4626 sunt,
1468 4561 1522 4615 imo
1542 4568 1596 4614 tan·

245 4660 302 4706 tum
320 4653 447 4716 respectu
466 4646 660 4715 proportionis,
687 4661 756 4714 quae
784 4654 826 4699 est
853 4644 1029 4699 intervisam
1057 4642 1205 4696 humanum
1225 4649 1252 4694 et
1269 4640 1340 4693 iuter
1358 4639 1510 4694 claritatem
1529 4639 1596 4693 airis

244 4730 323 4784 nobis
341 4724 504 4781 circumfusi.
540 4724 609 4779 Nam
629 4724 650 4775 si
669 4724 751 4791 paulo
770 4721 906 4792 limpidior
925 4728 998 4776 esset
1017 4727 1080 4788 atr,
1109 4718 1184 4779 nulla
1212 4720 1320 4773 omnino
1348 4718 1425 4772 fieret
1452 4716 1595 4772 occultatio

243 4806 361 4861 siderum
380 4805 432 4859 suh
451 4802 522 4858 Solia
539 4802 638 4867 radios,
658 4810 688 4855 ut
706 4802 839 4855 interdum
858 4803 949 4855 videre
968 4810 1009 4855 est
1028 4801 1054 4853 in
1072 4800 1151 4853 Luna
1170 4805 1196 4851 ct
1209 4798 1323 4850 Venere.
1343 4795 1408 4849 Cum
1428 4796 1512 4863 igitur
1531 4796 1595 4848 haec

243 4887 371 4954 utrinque
390 4881 577 4938 diversissimis
596 4880 629 4934 de
648 4880 737 4934 causis
756 4880 794 4933 ita
812 4881 944 4948 accidant,
964 4879 1050 4932 modis
1070 4878 1150 4930 etiam
1170 4875 1367 4942 diversissimis,
1386 4873 1501 4928 alterum
1520 4873 1595 4930 alteri

243 4981 332 5035 neque
351 4978 435 5019 causa
451 4960 505 5017 crit
521 4976 609 5030 neque
623 4958 740 5033 effectus
759 4976 847 5030 neque
866 4959 1016 5014 communis
1034 4958 1142 5025 utrique
1161 4957 1199 5010 rei
1218 4971 1309 5022 carisa,
1329 4953 1495 5022 comparatio
1514 4953 1595 5022 igitur

243 5045 356 5100 iomuita
375 5050 424 5104 est,
442 5039 551 5094 minime
568 5055 632 5092 vero
651 5040 775 5095 causalis.
812 5040 847 5093 Ut
865 5045 941 5093 tanto
961 5038 996 5091 sit
1014 5038 1066 5090 hoc
1083 5036 1192 5102 certius,
1212 5050 1246 5088 ex
1264 5034 1316 5087 hac
1335 5033 1512 5102 congruentia
1531 5031 1595 5086 nihil

243 5123 372 5178 accedere
391 5119 467 5175 coelo
485 5117 632 5189 dignitatis,
652 5128 680 5173 at
697 5120 806 5188 ingenio
825 5117 973 5172 Ptolemaei
993 5116 1138 5184 plurimum
1152 5111 1368 5179 existimationis,
1388 5113 1443 5179 qui,
1462 5128 1533 5180 quae
1551 5126 1594 5165 ne

230 5204 370 5257 cessitate
389 5214 493 5253 summa
511 5208 631 5253 motuum
652 5199 722 5253 Solis
742 5199 966 5267 planetarumque
984 5196 1054 5248 inter
1073 5211 1102 5249 se
1126 5193 1336 5261 compositorum
1355 5190 1481 5256 aerisque
1500 5188 1594 5243 illumi·

242 5283 298 5335 nati
318 5286 344 5332 et
362 5280 436 5332 risus
454 5278 565 5332 humani
584 5278 617 5331 ad
636 5278 709 5331 huuc
736 5276 862 5343 gradirm,
891 5291 971 5343 quem
990 5273 1111 5340 obtinet,
1140 5274 1266 5342 perfecti,
1295 5278 1513 5338 consequuntur,
1540 5276 1594 5321 tam

242 5369 305 5431 apte
324 5360 414 5429 potuit
433 5358 466 5412 ad
485 5356 719 5411 tetrachordorum
739 5356 813 5410 ideas
832 5354 950 5407 humano
969 5351 1080 5408 arbitrio
1104 5352 1285 5406 conformatas
1304 5349 1458 5419 applicare,
1483 5345 1594 5415 perinde

242 5454 275 5493 ac
293 5439 315 5492 si
333 5447 428 5492 natura
447 5453 551 5492 summa
569 5444 596 5491 et
614 5453 686 5490 mera
713 5436 838 5490 libertate
857 5450 906 5488 usa
934 5433 1007 5487 hunc
1034 5431 1219 5486 harmonicum
1246 5428 1423 5499 archetypum
1441 5426 1468 5479 in
1488 5423 1593 5494 appari·

241 5518 360 5575 tionibus
379 5516 432 5570 illis
451 5517 650 5572 conformandis
670 5514 840 5584 spectaverit.

302 5613 314 5660 κ’
327 5597 451 5669 Natali.
488 5613 637 5669 Residuum
655 5612 764 5666 residuo
784 5617 931 5680 comparat,
950 5617 993 5665 est
1005 5609 1093 5678 igitur,
1112 5616 1142 5663 ut
1161 5623 1244 5676 supra
1257 5621 1366 5674 quoqne
1385 5603 1495 5671 dictum,
1516 5600 1593 5657 affec·

240 5698 298 5749 tata
315 5693 489 5763 comparatio,
507 5701 535 5748 et
553 5692 660 5748 omniuo
679 5692 726 5746 dat
738 5705 848 5757 operam
866 5688 1048 5759 Ptolemaeus,
1066 5687 1184 5743 utnulla
1202 5702 1267 5756 pars
1285 5687 1401 5740 musices
1420 5683 1464 5753 sit,
1483 5682 1527 5739 cui
1539 5698 1593 5738 nou
