3684 7259
1442 1201 1932 1260 Demonstratione.
1999 1201 2165 1262 Liber
2195 1203 2240 1261 1.
3104 1179 3186 1274 ³95

658 1375 939 1440 XXXV.
985 1377 1077 1438 Pr
1094 1394 1179 1457 op
1198 1380 1455 1443 ositio.
1545 1382 1868 1462 Tetragoni
1926 1383 2085 1444 latus
2140 1383 2321 1445 babet
2377 1386 2792 1460 geometricam
2837 1384 3184 1464 descriptio-

489 1482 621 1525 nem
665 1484 740 1527 ex
785 1466 1017 1543 angulis
1063 1473 1228 1527 extra
1273 1468 1581 1545 circulum,
1647 1479 1708 1532 et
1752 1463 1810 1531 εἰ
1848 1471 2201 1532 inscribatur
2244 1470 2492 1546 circulo,
2555 1469 2707 1548 ipsa‘
2739 1480 2830 1534 est
2887 1475 2946 1531 in
3003 1473 3190 1552 gradu

489 1555 774 1626 scientiae
820 1556 1009 1629 tertio,
1059 1555 1406 1631 quadratum
1452 1559 1579 1634 ejus
1625 1560 1683 1617 in
1728 1557 1986 1619 secundo
2005 1602 2022 1634 ,
2069 1568 2135 1620 ut
2179 1565 2238 1620 ει
2280 1576 2417 1620 area
2458 1558 2700 1636 figurae.

655 1652 1002 1724 Tetragonus
1050 1660 1169 1710 esto
1203 1654 1419 1727 ΟΟΡΒ,
1464 1656 1584 1725 ejus
1622 1656 1882 1729 angulus,
1930 1672 2030 1727 ρει·
2067 1656 2152 1713 33.
2198 1656 2384 1727 hujus,
2423 1664 2509 1712 est
2745 1655 2830 1711 Εἰς
2856 1662 2896 1704 ⁹·

488 1735 693 1799 τεοιιιε,
742 1747 908 1800 quare
945 1731 1119 1800 (Eucl.
1155 1731 1200 1785 1.
1236 1734 1350 1802 46.)
1413 1734 1573 1790 facile
1625 1734 1753 1791 dato
1786 1736 1957 1793 latere
1992 1735 2311 1794 describitur
2343 1743 2508 1791 tetra·
2576 1757 2618 1830 9

487 1823 676 1877 gonus.
752 1809 995 1879 Cumque
1039 1810 1266 1879 angulos
1299 1812 1500 1868 lrabeat
1535 1821 1767 1884 quatuor
1799 1815 2079 1887 lateraque
2112 1815 2362 1886 totidem,
2400 1814 2507 1870 duo

488 1901 616 1959 ergo
649 1887 824 1945 latera
867 1891 1122 1947 coeuntia
1162 1889 1299 1947 duas
1350 1892 1537 1948 circuli
1582 1903 1804 1961 quartas
1845 1896 2222 1966 intercipiunt,
2275 1894 2382 1950 hoc
2425 1900 2510 1949 est

488 1966 767 2022 semissem
814 1970 1019 2027 circuli.
1091 1972 1270 2040 Quare
1316 1986 1415 2042 per
1458 1970 1543 2027 34.
1586 1971 1750 2042 hujus
1797 1982 2040 2032 extrema
2094 1973 2324 2031 laterum
2383 1989 2508 2028 con·
2553 1817 3087 2201 ⁴⁸,

485 2045 758 2115 tignorum
803 2050 1076 2105 connectit
1121 2050 1377 2105 diameter
1408 2049 1620 2121 circuli,
1665 2058 1727 2107 ut
1761 2052 1856 2122 ΟΟ
1874 2094 1888 2123 ,
1942 2052 2034 2122 ΟΡ
2081 2050 2337 2122 angulum
2371 2049 2509 2117 OQP

485 2133 692 2182 rectum
737 2127 795 2182 in
840 2128 1176 2184 semicirculo
1223 2129 1363 2199 ΟΟΡ
1415 2130 1727 2201 formantia,
1776 2133 2031 2189 extremis
2068 2132 2114 2189 Ο
2127 2174 2144 2203 ,
2189 2131 2232 2187 Ρ
2270 2146 2514 2186 connexa

488 2213 617 2263 sunt
671 2222 773 2276 ρει·
825 2206 1141 2262 diametrum
1205 2208 1391 2264 circuli
1445 2207 1601 2266 OLP.
1688 2209 1869 2279 Quare
1927 2210 2099 2280 (Eucl.
2153 2210 2197 2266 1.
2248 2210 2337 2279 47)
2385 2225 2514 2278 qua·
2608 2205 2627 2244 ¹

485 2285 639 2342 drata
692 2285 923 2341 duorum
973 2287 1202 2343 laterum
1251 2287 1374 2358 ΟΟ,
1437 2286 1530 2355 ΟΡ
1588 2297 1826 2359 aequant
1874 2289 2197 2358 quadratum
2250 2286 2514 2343 diametri.

486 2363 562 2420 Et
598 2365 646 2420 si
684 2364 902 2421 dimidia
944 2380 1072 2434 pars
1120 2365 1187 2422 de
1222 2365 1487 2434 quadrato
1531 2365 1777 2424 diametri
1809 2368 2087 2438 redigatur
2129 2368 2185 2422 in
2230 2366 2456 2421 formam
2501 2364 2844 2435 quadratam,
2891 2361 3031 2419 latus
3067 2363 3186 2434 ejus

487 2444 593 2499 erit
624 2442 772 2500 latus
805 2445 1196 2514 tetragonicum
1234 2443 1410 2514 (Eucl.
1447 2445 1516 2499 11.
1554 2447 1661 2517 14).
1730 2448 1819 2503 Ita
1856 2448 2175 2516 quadratum
2213 2443 2399 2500 lateris
2434 2452 2519 2500 est
2553 2442 2784 2500 effabile.

660 2522 740 2577 Ει
773 2525 902 2595 qnia
936 2525 1258 2594 quadratum
1294 2524 1385 2580 ΟΡ
1420 2532 1507 2581 εει
1540 2525 1611 2582 ad
1647 2528 1972 2595 quadratum
2009 2525 2130 2595 ΟΟ,
2166 2531 2229 2580 ιιι
2262 2525 2298 2581 2
2334 2523 2404 2580 ad
2445 2527 2490 2594 1,
2528 2540 2638 2580 non
2672 2539 2798 2578 vero
2838 2529 2899 2577 ut
2933 2538 3186 2580 numerus

490 2601 791 2670 quadratus
826 2602 896 2659 ad
929 2619 1214 2660 numerum
1249 2606 1598 2676 quadratum,
1656 2607 1747 2662 ΟΡ
1782 2622 1910 2663 vero
1948 2612 2034 2661 εει
2068 2603 2296 2661 effabilis
2332 2603 2692 2675 longitudine:
2750 2618 2877 2673 ergo
2914 2601 3057 2658 latus
3091 2599 3186 2670 ΟΟ

489 2688 575 2737 εει
608 2681 825 2738 effabile
870 2682 992 2740 sola
1021 2684 1266 2754 potentia
1302 2683 1488 2755 (Eucl.
1524 2685 1592 2740 X.
1631 2684 1701 2753 9).
1771 2687 1918 2741 Area
1950 2700 2078 2740 vero
2115 2683 2384 2755 tetragoni
2420 2692 2506 2741 est
2539 2682 2728 2740 eadem
2762 2683 2817 2737 in
2853 2682 2957 2738 hac
2990 2680 3191 2751 figura,

490 2776 632 2829 qnae
669 2761 991 2830 quadratum
1025 2761 1228 2833 lateris,
1266 2779 1394 2833 ergo
1431 2771 1487 2819 et
1521 2778 1650 2820 area
1682 2764 1889 2835 figurae
1924 2769 2010 2821 est
2046 2761 2290 2819 effabilis.

664 2853 971 2915 XXXVI.
1018 2854 1511 2933 Propositio.
1602 2854 1894 2936 Octogonl
1948 2856 2107 2917 latus
2166 2855 2346 2916 habet
2387 2855 2801 2934 geometricam
2845 2853 3185 2934 descriptio·

493 2958 627 3001 nem
674 2959 746 3003 ex
792 2942 1041 3020 angulis,
1088 2961 1197 3003 nec
1240 2946 1431 3005 minus
1477 2948 1654 3006 etiam
1699 2946 2080 3022 octogonicae
2126 2942 2333 3004 stellae
2383 2941 2557 3018 latus,
2605 2960 2706 3004 seu
2754 2942 3038 3004 subtensa
3078 2945 3184 3010 tri-
3302 2945 3313 2975 ¹

493 3029 602 3088 bus
649 3033 875 3090 octavis
919 3031 1184 3107 partibus
1231 3032 1446 3107 circuli,
1494 3041 1743 3109 suntque
1788 3035 1849 3091 in
1892 3030 2080 3110 gradu
2124 3032 2404 3091 scientiae
2468 3039 2679 3092 octavo
2737 3027 2998 3108 singula,
3044 3028 3189 3090 illud

493 3116 727 3191 quidem
776 3117 1033 3190 elasson,
1082 3118 1196 3179 hoc
1241 3137 1381 3180 vero
1424 3122 1646 3196 mizon3
1702 3120 1911 3196 juncta
1959 3135 2095 3178 vero
2143 3121 2203 3175 in
2247 3116 2434 3195 gradu
2476 3126 2642 3179 sexto
2689 3125 2749 3178 ει
2794 3120 3185 3195 proportionis

492 3205 802 3281 cujusdam
844 3206 1174 3282 singularis.
1264 3203 1422 3268 Area
1465 3209 1718 3285 denique
1764 3205 2073 3268 ineffabilis
2121 3213 2228 3280 est,
2275 3208 2490 3283 quippe
2534 3222 2755 3267 meson.

666 3304 749 3359 Sit
783 3311 1083 3375 octogonus
1118 3305 1525 3380 VQTOXRSP,
1574 3306 1736 3363 stella
1766 3322 1896 3363 vero
1932 3304 2391 3375 VOSQXPTRV:
2447 3321 2568 3362 cum
2602 3306 2768 3376 igitur
2801 3306 2978 3364 lineae
3011 3307 3188 3375 binae,

490 3382 642 3438 verbi
679 3398 846 3438 causa
881 3384 1004 3454 ΟΤ,
1044 3382 1137 3444 ΤΟ
1152 3425 1165 3449 ,
1213 3386 1729 3455 comprehendentes
1764 3384 2023 3457 angulum
2056 3393 2206 3440 octo·
2592 3405 2690 3456 m.
2722 3403 2786 3447 ιο.
3120 3385 3149 3444 .’

498 3461 750 3533 gonicum
786 3461 946 3529 ΟΤΟ,
984 3470 1372 3519 connectantur
1405 3465 1661 3521 extremis
1697 3464 1761 3534 Q,
1799 3465 1865 3536 O,
1906 3464 2050 3521 linea
2085 3479 2211 3520 con·
2731 3499 2735 3501 Α

493 3547 719 3596 nectens
764 3548 850 3595 est
893 3540 1040 3596 latus
1086 3542 1381 3613 tetragoni,
1439 3545 1569 3614 qnia
1619 3544 1689 3599 de
1736 3551 1862 3600 octo
1920 3544 2082 3599 semis
2131 3549 2217 3598 est

494 3629 744 3689 quatuor.
826 3620 975 3689 Ergo
1031 3620 1306 3692 descripto
1360 3630 1645 3693 tetragono
1695 3628 1776 3692 (ut
1829 3622 1967 3679 alios
2016 3621 2214 3677 descri-

493 3699 659 3755 bendi
710 3701 962 3769 octogoni
1004 3699 1194 3756 modos
1231 3701 1501 3769 omittam)
1534 3701 1593 3756 in
1628 3700 1848 3771 circulo,
1891 3700 2118 3756 ducatur
2150 3699 2208 3753 in

488 3776 632 3833 lam
669 3777 789 3846 ejus
824 3777 918 3847 ΟΟ
957 3794 1024 3834 ex
1061 3788 1246 3834 centro
1291 3780 1338 3834 L
1373 3780 1856 3850 perpendicularis,
1907 3795 2097 3834 secans
2131 3778 2209 3832 la-

489 3862 580 3911 tus
625 3856 684 3911 in
719 3858 804 3927 M,
853 3872 1037 3912 arcum
1066 3858 1124 3912 in
1168 3858 1214 3913 T
1251 3858 1435 3927 (Eucl.
1470 3859 1517 3915 Ι.
1548 3859 1656 3928 12),
1704 3874 1812 3927 quo
1858 3856 2003 3913 facto
2052 3862 2212 3913 erunt
2353 3930 2356 3932 Δ
2465 3925 2469 3929 ¹

492 3944 720 4005 quartae
762 3938 934 4005 partis
981 3937 1169 3993 circuli
1203 3936 1299 4005 ΟΟ
1343 3938 1483 3994 duae
1525 3945 1737 4008 partes,
1784 3953 1860 3995 sc.
1903 3952 2063 3993 arcus
2098 3935 2208 4006 OT,
2272 3917 2313 3957 Τ

491 4014 586 4083 ΤΟ
621 4015 877 4085 aequales
915 4016 1089 4085 (Eucl.
1115 4015 1217 4071 111.
1258 4018 1364 4086 30).
1437 4016 1708 4073 connexis
1742 4031 1872 4086 ergo
1907 4014 2125 4086 punctis
2163 4012 2208 4068 Ο

495 4102 549 4149 ει
583 4095 656 4165 Τ,
706 4094 810 4150 erit
843 4094 936 4150 OT
972 4103 1121 4150 recta
1155 4093 1299 4151 latus
1335 4096 1612 4168 octogoni,
1650 4105 1705 4151 et
1737 4096 1998 4153 connexis
2034 4094 2110 4166 O,
2167 4094 2204 4150 S

494 4173 595 4230 erit
631 4172 720 4230 OS
754 4173 900 4229 latus
936 4174 1141 4229 stellae.

666 4252 925 4308 Connexo
962 4259 1144 4308 centro
1181 4253 1228 4308 L
1265 4269 1385 4308 cum
1421 4252 1487 4323 Ο,
1533 4256 1662 4324 quia
1698 4253 1855 4323 QML
1890 4261 1977 4310 est
2009 4260 2209 4322 rectus,

494 4345 620 4401 ergo
640 4329 752 4399 QL,
791 4327 1403 4400 effabiliglongitudine,
1437 4339 1621 4402 potest
1645 4332 1754 4403 ΟΜ
1790 4341 1844 4388 ει
1869 4332 1992 4401 ML,
2028 4336 2213 4400 potest

493 4419 672 4465 autem
710 4409 805 4477 ΟΒ
841 4409 1234 4465 semidiameter
1269 4409 1491 4481 duplum
1531 4411 1702 4481 ipsius
1738 4411 1848 4479 ΟΜ
1883 4409 2198 4466 semilateris

493 4480 825 4550 tetragonici.
896 4480 1045 4551 Ergo
1082 4480 1191 4548 ΟΜ
1228 4488 1285 4535 ει
1318 4483 1426 4536 ML
1460 4489 1589 4537 sunt
1622 4481 1878 4550 aequales
1916 4486 1973 4535 et
2007 4488 2239 4549 utraque
2274 4479 2500 4535 effabilis
2543 4480 2661 4535 sola
2694 4478 2937 4551 potentia
2969 4488 3069 4543 per
3104 4474 3187 4531 35.

494 4561 675 4631 hujus.
746 4558 879 4613 Plus
914 4559 1079 4626 igitur
1115 4566 1297 4629 potest
1329 4560 1428 4629 ΒΟ
1464 4576 1625 4629 quam
1657 4561 1765 4615 ΒΜ
1798 4557 2047 4628 potentia
2078 4559 2251 4626 ipsius
2284 4558 2416 4627 ΜΟ,
2450 4574 2590 4627 quae
2625 4556 2957 4628 longitudine
2993 4561 3078 4611 est
3109 4555 3188 4609 in-

495 4637 993 4696 commensurabilis
1026 4639 1132 4707 ipsi
1166 4639 1278 4707 ΒΟ.
1353 4640 1462 4695 Sed
1497 4646 1627 4695 sunt
1662 4637 1921 4707 aequales
1955 4638 2052 4705 ΒΟ
2091 4645 2147 4694 ει
2180 4638 2266 4693 LS
2303 4645 2358 4695 et
2390 4638 2502 4693 LT.
2574 4638 2721 4705 Ergo
2758 4634 3058 4705 composita
3092 4634 3191 4689 SM

498 4720 598 4774 erit
631 4718 919 4772 binominis
956 4726 1165 4787 quarta,
1203 4717 1355 4786 cujus
1391 4719 1611 4772 nomina
1645 4723 1773 4772 sunt
1808 4717 1894 4772 SL
1934 4725 1988 4771 et
2022 4716 2145 4783 LM,
2180 4731 2281 4785 ρει·
2317 4715 2521 4771 definit.
2557 4723 2683 4772 ante
2718 4716 2784 4769 X.
2820 4714 2889 4770 48
2925 4712 3188 4777 Euclidis,

498 4798 739 4854 Residua
785 4813 910 4852 vero
954 4798 1060 4852 ΜΤ
1105 4798 1209 4852 erit
1256 4808 1507 4866 apotome
1553 4804 1774 4865 quarta,
1826 4797 1985 4867 cujus
2030 4794 2249 4851 nomina
2295 4796 2388 4850 TL
2434 4802 2489 4850 et
2532 4795 2638 4849 LM
2683 4810 2782 4865 per
2824 4792 3187 4849 definitionem

498 4886 623 4933 ante
657 4878 723 4932 X.
760 4877 828 4933 85
864 4876 1127 4932 Euclidis.
1198 4877 1276 4932 Et
1310 4877 1439 4945 quia
1470 4876 1569 4932 MS
1607 4874 1893 4931 binominis
1928 4880 2124 4946 quarta
2158 4882 2215 4930 et
2249 4874 2335 4929 ST
2369 4871 2624 4942 effabilis,
2673 4887 2839 4941 quare
2885 4887 2984 4941 per
3018 4871 3082 4925 X.
3120 4872 3188 4927 57

498 4954 656 5011 Eucl.
693 4955 839 5012 linea
876 4956 980 5025 ΟΒ,
1015 4971 1154 5025 quae
1189 4962 1373 5026 potest
1405 4953 1780 5026 rectangulum
1815 4955 1918 5010 sub
1952 4954 2104 5025 ipsis,
2139 4959 2225 5009 est
2259 4954 2466 5008 mizon:
2521 4952 2600 5007 sic
2635 4952 2761 5019 quia
2797 4950 2904 5014 ΤΜ
2940 4959 3024 5007 εει
3059 4966 3186 5019 apo-

499 5041 645 5090 tome
692 5039 885 5102 quarta
930 5042 988 5090 ει
1022 5034 1109 5090 TS
1146 5032 1398 5096 effabilis,
1445 5049 1574 5105 ergo
1612 5032 1709 5101 ΤΟ
1744 5032 1889 5090 latus
1927 5032 2228 5103 octanguli,
2270 5038 2466 5101 potens
2519 5028 2890 5100 rectangulum
2925 5027 3026 5084 sub
3063 5026 3187 5095 MT,

499 5112 604 5183 ΤΒ,
640 5122 729 5169 εει
762 5112 982 5168 elasson
1017 5112 1191 5181 (Eucl.
1228 5114 1295 5168 X.
1333 5112 1436 5181 94).

671 5191 960 5247 Elementa
990 5193 1203 5247 illarum
1241 5197 1370 5248 sunt
1402 5191 1459 5246 in
1508 5190 1614 5248 hac
1666 5190 2057 5261 delineatione,
2103 5189 2202 5246 PA
2235 5188 2408 5257 majus
2445 5192 2502 5241 et
2533 5184 2629 5240 AT
2671 5184 2864 5240 minus.
2937 5184 3075 5241 Nam
3119 5181 3191 5238 ad

502 5270 595 5326 ΡΑ
629 5270 818 5326 addita
851 5271 967 5339 AT,
1003 5270 1133 5326 facit
1167 5269 1258 5325 PT
1292 5270 1436 5327 latus
1470 5269 1683 5327 stellaer
1719 5285 1938 5328 rursum
1973 5285 2008 5324 a
2040 5269 2134 5324 PA
2167 5266 2254 5321 vel
2289 5266 2383 5320 YT
2419 5264 2602 5322 ablata
2637 5265 2747 5336 TA,
2783 5265 3040 5335 relinquit
3074 5264 3189 5334 AY,

501 5350 556 5406 id
589 5356 678 5408 est
714 5347 808 5418 Qv
844 5350 990 5405 latus
1040 5347 1306 5418 octogoni.
1382 5349 1600 5406 Scilicet
1643 5347 1861 5406 elasson
1903 5346 2000 5417 ΤΟ
2046 5352 2230 5417 ροιεει
2275 5343 2499 5413 duplum
2547 5344 3028 5415 prosharmozusae
3063 5343 3186 5411 TA3

504 5437 560 5486 et
601 5429 748 5486 latus
794 5430 1065 5498 tetragoni
1118 5429 1208 5497 ΟΡ
1251 5435 1437 5498 ροιεει
1470 5437 1761 5500 utrumque
1797 5427 2123 5484 elementum
2157 5426 2252 5480 PA
2289 5431 2346 5480 et
2376 5426 2492 5495 ΑΟ,
2541 5425 2598 5481 id
2634 5431 2720 5481 est
2749 5424 2866 5480 AT.
2938 5424 3014 5479 Et
3051 5424 3192 5480 sicut

505 5509 601 5566 Px
632 5511 813 5565 mizon
848 5509 920 5564 ad
954 5509 1129 5577 maius
1166 5507 1488 5563 elementum
1521 5509 1641 5573 ΡΑ,
1679 5509 1757 5564 sic
1793 5508 1888 5575 ΤΟ
1925 5506 2141 5561 elasson
2174 5504 2243 5560 ad
2279 5506 2452 5561 minus
2491 5505 2811 5561 elementum
2848 5501 2972 5573 TA,
3025 5510 3083 5568 ει
3113 5501 3188 5557 vi-

506 5590 714 5658 cissim,
765 5596 826 5644 ut
859 5589 1036 5657 majus
1072 5588 1395 5643 elementum
1428 5588 1524 5643 PA
1559 5587 1640 5642 ar?
1663 5587 1838 5644 minus
1875 5585 1996 5654 AT,
2034 5584 2112 5639 sic
2145 5584 2323 5641 mizon
2357 5584 2452 5638 PX
2488 5584 2557 5640 ad
2594 5583 2894 5639 elassonem
2929 5581 3041 5651 ΤΟ.
3113 5580 3188 5638 Ut

506 5684 631 5738 pars
666 5667 841 5740 major
874 5668 946 5723 ad
981 5667 1258 5737 minorem,
1294 5666 1375 5723 sic
1408 5672 1585 5722 totum
1619 5666 1690 5721 ad
1725 5664 2099 5722 differentiam.
2142 5717 2151 5726 .
2736 5675 2743 5681 '
