<?xml version="1.0" encoding="UTF-8"?>
<!DOCTYPE html PUBLIC "-//W3C//DTD XHTML 1.0 Transitional//EN"
    "http://www.w3.org/TR/xhtml1/DTD/xhtml1-transitional.dtd">
<html xmlns="http://www.w3.org/1999/xhtml" xml:lang="en" lang="en">
 <head>
  <title>
</title>
<meta http-equiv="Content-Type" content="text/html;charset=utf-8" />
  <meta name='ocr-system' content='tesseract 3.04.00' />
  <meta name='ocr-capabilities' content='ocr_page ocr_carea ocr_par ocr_line ocrx_word'/>
</head>
<body>
  <div class='ocr_page' id='page_1' title='image "./joanniskepleria09frisgoog/joanniskepleria09frisgoog_0259.png"; bbox 0 0 3684 7259; ppageno 0'>
   <div class='ocr_carea' id='block_1_1' title="bbox 732 1182 1738 1302">
    <p class='ocr_par' dir='ltr' id='par_1_1' title="bbox 732 1182 1738 1302">
     <span class='ocr_line' id='line_1_1' title="bbox 732 1182 1738 1302; baseline 0.004 -37"><span class='ocrx_word' id='word_1_1' title='bbox 732 1208 1051 1280; x_wconf 69' lang='lat' dir='ltr'><strong>cinamomum</strong></span> <span class='ocrx_word' id='word_1_2' title='bbox 1458 1299 1460 1302; x_wconf 12' lang='grc' dir='ltr'>ι</span> <span class='ocrx_word' id='word_1_3' title='bbox 1507 1218 1581 1279; x_wconf 70' lang='lat' dir='ltr'><strong>aaa.</strong></span> <span class='ocrx_word' id='word_1_4' title='bbox 1669 1182 1671 1186; x_wconf 61' lang='grc'>’</span> <span class='ocrx_word' id='word_1_5' title='bbox 1733 1283 1738 1296; x_wconf 30' lang='lat'><strong><em>¹</em></strong></span> 
     </span>
    </p>
   </div>
   <div class='ocr_carea' id='block_1_2' title="bbox 219 1388 1572 2078">
    <p class='ocr_par' dir='ltr' id='par_1_2' title="bbox 219 1388 1572 2078">
     <span class='ocr_line' id='line_1_2' title="bbox 220 1388 1571 1470; baseline 0.003 -23"><span class='ocrx_word' id='word_1_6' title='bbox 220 1388 375 1461; x_wconf 88' lang='lat' dir='ltr'><strong>residuum,</strong></span> <span class='ocrx_word' id='word_1_7' title='bbox 399 1397 510 1467; x_wconf 88' lang='lat' dir='ltr'><strong>septem</strong></span> <span class='ocrx_word' id='word_1_8' title='bbox 534 1397 658 1449; x_wconf 83' lang='lat' dir='ltr'><strong>octavae</strong></span> <span class='ocrx_word' id='word_1_9' title='bbox 680 1396 710 1448; x_wconf 88' lang='lat' dir='ltr'><strong>et</strong></span> <span class='ocrx_word' id='word_1_10' title='bbox 732 1391 861 1465; x_wconf 87' lang='lat' dir='ltr'><strong>quinque</strong></span> <span class='ocrx_word' id='word_1_11' title='bbox 885 1396 1020 1463; x_wconf 85' lang='lat' dir='ltr'><strong>octavae,</strong></span> <span class='ocrx_word' id='word_1_12' title='bbox 1043 1398 1205 1449; x_wconf 77' lang='lat' dir='ltr'><strong>consonent</strong></span> <span class='ocrx_word' id='word_1_13' title='bbox 1227 1392 1378 1449; x_wconf 86' lang='lat' dir='ltr'><strong>tam&#39;cum</strong></span> <span class='ocrx_word' id='word_1_14' title='bbox 1400 1397 1480 1470; x_wconf 84' lang='lat' dir='ltr'><strong>tots,</strong></span> <span class='ocrx_word' id='word_1_15' title='bbox 1501 1409 1571 1467; x_wconf 89' lang='lat' dir='ltr'><strong>par-</strong></span> 
     </span>
     <span class='ocr_line' id='line_1_3' title="bbox 221 1471 1572 1555; baseline 0.001 -20"><span class='ocrx_word' id='word_1_16' title='bbox 221 1478 290 1535; x_wconf 91' lang='lat' dir='ltr'><strong>tium</strong></span> <span class='ocrx_word' id='word_1_17' title='bbox 313 1485 389 1547; x_wconf 89' lang='lat' dir='ltr'><strong>octo,</strong></span> <span class='ocrx_word' id='word_1_18' title='bbox 413 1496 500 1552; x_wconf 83' lang='lat' dir='ltr'><strong>quam</strong></span> <span class='ocrx_word' id='word_1_19' title='bbox 523 1479 612 1536; x_wconf 90' lang='lat' dir='ltr'><strong>etiam</strong></span> <span class='ocrx_word' id='word_1_20' title='bbox 635 1493 699 1535; x_wconf 89' lang='lat' dir='ltr'><strong>cum</strong></span> <span class='ocrx_word' id='word_1_21' title='bbox 722 1479 854 1553; x_wconf 89' lang='lat' dir='ltr'><strong>partibus</strong></span> <span class='ocrx_word' id='word_1_22' title='bbox 877 1480 1019 1550; x_wconf 78' lang='lat' dir='ltr'>rescissis,</span> <span class='ocrx_word' id='word_1_23' title='bbox 1046 1471 1152 1536; x_wconf 82' lang='lat' dir='ltr'><strong>&#39;lcum</strong></span> <span class='ocrx_word' id='word_1_24' title='bbox 1179 1481 1194 1535; x_wconf 94' lang='grc'><strong>1</strong></span> <span class='ocrx_word' id='word_1_25' title='bbox 1220 1487 1250 1536; x_wconf 88' lang='grc'><strong>55</strong></span> <span class='ocrx_word' id='word_1_26' title='bbox 1273 1480 1290 1536; x_wconf 95' lang='grc'><strong>5</strong></span> <span class='ocrx_word' id='word_1_27' title='bbox 1315 1495 1380 1535; x_wconf 88' lang='lat' dir='ltr'><strong>cnm</strong></span> <span class='ocrx_word' id='word_1_28' title='bbox 1404 1479 1433 1536; x_wconf 87' lang='lat'><strong>3.</strong></span> <span class='ocrx_word' id='word_1_29' title='bbox 1479 1480 1572 1555; x_wconf 78' lang='lat' dir='ltr'><strong>Atqui</strong></span> 
     </span>
     <span class='ocr_line' id='line_1_4' title="bbox 221 1563 1571 1641; baseline 0.004 -20"><span class='ocrx_word' id='word_1_30' title='bbox 221 1563 448 1623; x_wconf 87' lang='lat' dir='ltr'><strong>demonstrativa</strong></span> <span class='ocrx_word' id='word_1_31' title='bbox 480 1564 683 1624; x_wconf 79' lang='lat' dir='ltr'><strong>determinatio</strong></span> <span class='ocrx_word' id='word_1_32' title='bbox 710 1568 801 1640; x_wconf 88' lang='lat' dir='ltr'><strong>partis</strong></span> <span class='ocrx_word' id='word_1_33' title='bbox 829 1570 842 1624; x_wconf 93' lang='lat' dir='ltr'><strong>i</strong></span> <span class='ocrx_word' id='word_1_34' title='bbox 877 1571 906 1623; x_wconf 92' lang='grc'><strong>55</strong></span> <span class='ocrx_word' id='word_1_35' title='bbox 934 1568 1060 1641; x_wconf 89' lang='lat' dir='ltr'><strong>partium</strong></span> <span class='ocrx_word' id='word_1_36' title='bbox 1084 1567 1102 1623; x_wconf 88' lang='grc'>3</span> <span class='ocrx_word' id='word_1_37' title='bbox 1130 1581 1190 1623; x_wconf 88' lang='grc'><strong>555</strong></span> <span class='ocrx_word' id='word_1_38' title='bbox 1221 1564 1272 1624; x_wconf 91' lang='lat' dir='ltr'><strong>dat</strong></span> <span class='ocrx_word' id='word_1_39' title='bbox 1303 1565 1417 1623; x_wconf 85' lang='lat' dir='ltr'><strong>illarum</strong></span> <span class='ocrx_word' id='word_1_40' title='bbox 1446 1565 1571 1627; x_wconf 76' lang='lat' dir='ltr'>residuis</span> 
     </span>
     <span class='ocr_line' id='line_1_5' title="bbox 223 1651 1572 1728; baseline 0.006 -21"><span class='ocrx_word' id='word_1_41' title='bbox 223 1655 237 1707; x_wconf 84' lang='grc'><strong>7</strong></span> <span class='ocrx_word' id='word_1_42' title='bbox 262 1659 290 1710; x_wconf 90' lang='grc'><strong>55</strong></span> <span class='ocrx_word' id='word_1_43' title='bbox 315 1653 349 1721; x_wconf 97' lang='grc'><strong>5,</strong></span> <span class='ocrx_word' id='word_1_44' title='bbox 378 1661 411 1709; x_wconf 89' lang='grc'><strong>55</strong></span> <span class='ocrx_word' id='word_1_45' title='bbox 433 1654 491 1711; x_wconf 93' lang='lat' dir='ltr'><strong>sint</strong></span> <span class='ocrx_word' id='word_1_46' title='bbox 513 1660 542 1711; x_wconf 91' lang='lat' dir='ltr'><strong>et</strong></span> <span class='ocrx_word' id='word_1_47' title='bbox 565 1655 649 1728; x_wconf 83' lang='lat' dir='ltr'>ipsae</span> <span class='ocrx_word' id='word_1_48' title='bbox 673 1668 836 1724; x_wconf 89' lang='lat' dir='ltr'><strong>consonae,</strong></span> <span class='ocrx_word' id='word_1_49' title='bbox 866 1670 933 1710; x_wconf 87' lang='lat' dir='ltr'><strong>nam</strong></span> <span class='ocrx_word' id='word_1_50' title='bbox 958 1651 1118 1727; x_wconf 67' lang='lat' dir='ltr'><strong>equidem</strong></span> <span class='ocrx_word' id='word_1_51' title='bbox 1145 1659 1359 1725; x_wconf 88' lang='grc'><strong>5555555555,</strong></span> <span class='ocrx_word' id='word_1_52' title='bbox 1391 1656 1407 1709; x_wconf 82' lang='lat' dir='ltr'><strong>&#39;i</strong></span> <span class='ocrx_word' id='word_1_53' title='bbox 1432 1669 1502 1711; x_wconf 90' lang='lat' dir='ltr'><strong>vero</strong></span> <span class='ocrx_word' id='word_1_54' title='bbox 1526 1662 1572 1715; x_wconf 87' lang='grc'><strong>555</strong></span> 
     </span>
     <span class='ocr_line' id='line_1_6' title="bbox 221 1738 1572 1814; baseline 0.005 -19"><span class='ocrx_word' id='word_1_55' title='bbox 221 1738 347 1797; x_wconf 90' lang='lat' dir='ltr'><strong>dissona.</strong></span> <span class='ocrx_word' id='word_1_56' title='bbox 396 1740 499 1814; x_wconf 85' lang='lat' dir='ltr'><strong>ltaque</strong></span> <span class='ocrx_word' id='word_1_57' title='bbox 523 1742 614 1798; x_wconf 87' lang='lat' dir='ltr'><strong>sectio</strong></span> <span class='ocrx_word' id='word_1_58' title='bbox 637 1742 727 1797; x_wconf 90' lang='lat' dir='ltr'><strong>totius</strong></span> <span class='ocrx_word' id='word_1_59' title='bbox 752 1740 770 1796; x_wconf 90' lang='lat'>8</span> <span class='ocrx_word' id='word_1_60' title='bbox 795 1744 823 1796; x_wconf 91' lang='lat' dir='ltr'><strong>in</strong></span> <span class='ocrx_word' id='word_1_61' title='bbox 848 1741 866 1797; x_wconf 95' lang='grc'><strong>5</strong></span> <span class='ocrx_word' id='word_1_62' title='bbox 890 1749 919 1798; x_wconf 92' lang='grc'><strong>55</strong></span> <span class='ocrx_word' id='word_1_63' title='bbox 943 1741 961 1798; x_wconf 87' lang='grc'>3</span> <span class='ocrx_word' id='word_1_64' title='bbox 987 1748 1030 1798; x_wconf 88' lang='grc'><strong>555</strong></span> <span class='ocrx_word' id='word_1_65' title='bbox 1053 1739 1231 1812; x_wconf 89' lang='lat' dir='ltr'><strong>harmonica,</strong></span> <span class='ocrx_word' id='word_1_66' title='bbox 1257 1742 1285 1797; x_wconf 90' lang='lat' dir='ltr'><strong>in</strong></span> <span class='ocrx_word' id='word_1_67' title='bbox 1308 1744 1324 1797; x_wconf 85' lang='lat' dir='ltr'><strong>i</strong></span> <span class='ocrx_word' id='word_1_68' title='bbox 1350 1747 1380 1799; x_wconf 90' lang='lat' dir='ltr'><strong>et</strong></span> <span class='ocrx_word' id='word_1_69' title='bbox 1406 1744 1419 1797; x_wconf 97' lang='lat' dir='ltr'><strong>l</strong></span> <span class='ocrx_word' id='word_1_70' title='bbox 1444 1757 1503 1798; x_wconf 91' lang='lat' dir='ltr'><strong>non</strong></span> <span class='ocrx_word' id='word_1_71' title='bbox 1526 1749 1572 1802; x_wconf 85' lang='lat' dir='ltr'><strong>cst</strong></span> 
     </span>
     <span class='ocr_line' id='line_1_7' title="bbox 221 1825 1570 1902; baseline 0.002 -19"><span class='ocrx_word' id='word_1_72' title='bbox 221 1827 396 1885; x_wconf 88' lang='lat' dir='ltr'><strong>harmonica.</strong></span> <span class='ocrx_word' id='word_1_73' title='bbox 444 1825 528 1886; x_wconf 87' lang='lat' dir='ltr'><strong>Unde</strong></span> <span class='ocrx_word' id='word_1_74' title='bbox 559 1829 647 1901; x_wconf 86' lang='lat' dir='ltr'><strong>igitur</strong></span> <span class='ocrx_word' id='word_1_75' title='bbox 674 1826 765 1885; x_wconf 86' lang='lat' dir='ltr'><strong>habet</strong></span> <span class='ocrx_word' id='word_1_76' title='bbox 795 1826 942 1887; x_wconf 90' lang='lat' dir='ltr'><strong>residuum</strong></span> <span class='ocrx_word' id='word_1_77' title='bbox 967 1829 984 1885; x_wconf 92' lang='grc'><strong>5</strong></span> <span class='ocrx_word' id='word_1_78' title='bbox 1014 1843 1098 1886; x_wconf 90' lang='lat' dir='ltr'><strong>suam</strong></span> <span class='ocrx_word' id='word_1_79' title='bbox 1121 1829 1343 1887; x_wconf 88' lang='lat' dir='ltr'><strong>consonantiam</strong></span> <span class='ocrx_word' id='word_1_80' title='bbox 1366 1843 1432 1887; x_wconf 90' lang='lat' dir='ltr'><strong>cum</strong></span> <span class='ocrx_word' id='word_1_81' title='bbox 1454 1835 1518 1886; x_wconf 90' lang='lat' dir='ltr'><strong>tota</strong></span> <span class='ocrx_word' id='word_1_82' title='bbox 1541 1829 1570 1902; x_wconf 90' lang='lat'><strong>8,</strong></span> 
     </span>
     <span class='ocr_line' id='line_1_8' title="bbox 219 1913 1569 1990; baseline 0.005 -21"><span class='ocrx_word' id='word_1_83' title='bbox 219 1914 365 1973; x_wconf 89' lang='lat' dir='ltr'><strong>residuum</strong></span> <span class='ocrx_word' id='word_1_84' title='bbox 391 1919 407 1971; x_wconf 79' lang='lat' dir='ltr'><strong>&#39;l</strong></span> <span class='ocrx_word' id='word_1_85' title='bbox 433 1932 516 1974; x_wconf 89' lang='lat' dir='ltr'><strong>suam</strong></span> <span class='ocrx_word' id='word_1_86' title='bbox 549 1915 586 1972; x_wconf 84' lang='lat' dir='ltr'><strong>eb</strong></span> <span class='ocrx_word' id='word_1_87' title='bbox 610 1913 661 1970; x_wconf 86' lang='lat' dir='ltr'><strong>iila</strong></span> <span class='ocrx_word' id='word_1_88' title='bbox 691 1913 927 1973; x_wconf 75' lang='lat' dir='ltr'><strong>dissonantiam?</strong></span> <span class='ocrx_word' id='word_1_89' title='bbox 971 1913 1114 1973; x_wconf 88' lang='lat' dir='ltr'>Nimirum</span> <span class='ocrx_word' id='word_1_90' title='bbox 1137 1913 1221 1987; x_wconf 90' lang='lat' dir='ltr'><strong>inde,</strong></span> <span class='ocrx_word' id='word_1_91' title='bbox 1250 1917 1321 1990; x_wconf 89' lang='lat' dir='ltr'><strong>quia</strong></span> <span class='ocrx_word' id='word_1_92' title='bbox 1349 1914 1475 1974; x_wconf 88' lang='lat' dir='ltr'><strong>circulus</strong></span> <span class='ocrx_word' id='word_1_93' title='bbox 1496 1920 1526 1973; x_wconf 91' lang='lat' dir='ltr'><strong>in</strong></span> <span class='ocrx_word' id='word_1_94' title='bbox 1551 1918 1569 1976; x_wconf 90' lang='grc'><strong>5</strong></span> 
     </span>
     <span class='ocr_line' id='line_1_9' title="bbox 220 2000 1570 2078; baseline 0.004 -21"><span class='ocrx_word' id='word_1_95' title='bbox 220 2000 330 2060; x_wconf 90' lang='lat' dir='ltr'><strong>divisus</strong></span> <span class='ocrx_word' id='word_1_96' title='bbox 362 2002 451 2060; x_wconf 88' lang='lat' dir='ltr'><strong>habet</strong></span> <span class='ocrx_word' id='word_1_97' title='bbox 479 2004 649 2060; x_wconf 89' lang='lat' dir='ltr'><strong>subtensam</strong></span> <span class='ocrx_word' id='word_1_98' title='bbox 678 2001 792 2060; x_wconf 87' lang='lat' dir='ltr'><strong>duabus</strong></span> <span class='ocrx_word' id='word_1_99' title='bbox 821 2004 947 2077; x_wconf 86' lang='lat' dir='ltr'><strong>quintis,</strong></span> <span class='ocrx_word' id='word_1_100' title='bbox 983 2000 1257 2074; x_wconf 70' lang='lat' dir='ltr'><strong>demonstrativam</strong></span> <span class='ocrx_word' id='word_1_101' title='bbox 1290 2001 1366 2060; x_wconf 93' lang='lat' dir='ltr'><strong>unde</strong></span> <span class='ocrx_word' id='word_1_102' title='bbox 1397 2008 1456 2073; x_wconf 88' lang='grc'><strong>555,</strong></span> <span class='ocrx_word' id='word_1_103' title='bbox 1490 2003 1570 2078; x_wconf 83' lang='lat' dir='ltr'><strong>quod</strong></span> 
     </span>
    </p>
   </div>
   <div class='ocr_carea' id='block_1_3' title="bbox 219 2083 1682 2170">
    <p class='ocr_par' dir='ltr' id='par_1_3' title="bbox 219 2083 1682 2170">
     <span class='ocr_line' id='line_1_10' title="bbox 219 2083 1682 2170; baseline 0.002 -23"><span class='ocrx_word' id='word_1_104' title='bbox 219 2089 328 2147; x_wconf 87' lang='lat' dir='ltr'><strong>chorda</strong></span> <span class='ocrx_word' id='word_1_105' title='bbox 350 2091 381 2145; x_wconf 94' lang='lat' dir='ltr'><strong>in</strong></span> <span class='ocrx_word' id='word_1_106' title='bbox 406 2092 534 2165; x_wconf 85' lang='lat' dir='ltr'><strong>quinque</strong></span> <span class='ocrx_word' id='word_1_107' title='bbox 558 2089 654 2146; x_wconf 81' lang='lat' dir='ltr'><strong>divisa</strong></span> <span class='ocrx_word' id='word_1_108' title='bbox 677 2083 726 2168; x_wconf 83' lang='lat' dir='ltr'><strong>(ut</strong></span> <span class='ocrx_word' id='word_1_109' title='bbox 748 2089 796 2148; x_wconf 90' lang='lat' dir='ltr'><strong>hic</strong></span> <span class='ocrx_word' id='word_1_110' title='bbox 817 2107 886 2164; x_wconf 87' lang='lat' dir='ltr'><strong>pars</strong></span> <span class='ocrx_word' id='word_1_111' title='bbox 907 2092 1059 2165; x_wconf 87' lang='lat' dir='ltr'><strong>proposita</strong></span> <span class='ocrx_word' id='word_1_112' title='bbox 1087 2089 1122 2148; x_wconf 95' lang='lat' dir='ltr'><strong>de</strong></span> <span class='ocrx_word' id='word_1_113' title='bbox 1149 2088 1259 2149; x_wconf 86' lang='lat' dir='ltr'><strong>chorda</strong></span> <span class='ocrx_word' id='word_1_114' title='bbox 1282 2086 1317 2170; x_wconf 82' lang='lat'><strong>8)</strong></span> <span class='ocrx_word' id='word_1_115' title='bbox 1341 2098 1483 2150; x_wconf 90' lang='lat' dir='ltr'><strong>consonat</strong></span> <span class='ocrx_word' id='word_1_116' title='bbox 1505 2106 1572 2150; x_wconf 88' lang='lat' dir='ltr'><strong>cum</strong></span> <span class='ocrx_word' id='word_1_117' title='bbox 1622 2102 1627 2111; x_wconf 83' lang='lat'><strong>‘</strong></span> <span class='ocrx_word' id='word_1_118' title='bbox 1680 2152 1682 2156; x_wconf 65' lang='grc'><strong>,</strong></span> 
     </span>
    </p>
   </div>
   <div class='ocr_carea' id='block_1_4' title="bbox 217 2175 1617 2952">
    <p class='ocr_par' dir='ltr' id='par_1_4' title="bbox 217 2175 1617 2952">
     <span class='ocr_line' id='line_1_11' title="bbox 219 2175 1571 2254; baseline 0.001 -19"><span class='ocrx_word' id='word_1_119' title='bbox 219 2184 309 2252; x_wconf 88' lang='lat' dir='ltr'><strong>parte,</strong></span> <span class='ocrx_word' id='word_1_120' title='bbox 333 2194 410 2251; x_wconf 86' lang='grc'><strong>5555</strong></span> <span class='ocrx_word' id='word_1_121' title='bbox 434 2185 477 2235; x_wconf 88' lang='grc'><strong>555</strong></span> <span class='ocrx_word' id='word_1_122' title='bbox 502 2180 693 2251; x_wconf 57' lang='lat' dir='ltr'><strong>apertiones</strong></span> <span class='ocrx_word' id='word_1_123' title='bbox 716 2175 822 2251; x_wconf 81' lang='lat' dir='ltr'><strong>longa3</strong></span> <span class='ocrx_word' id='word_1_124' title='bbox 846 2193 936 2251; x_wconf 86' lang='lat' dir='ltr'><strong>quare</strong></span> <span class='ocrx_word' id='word_1_125' title='bbox 959 2178 1048 2235; x_wconf 86' lang='lat' dir='ltr'><strong>etiam</strong></span> <span class='ocrx_word' id='word_1_126' title='bbox 1071 2194 1135 2235; x_wconf 90' lang='lat' dir='ltr'><strong>cum</strong></span> <span class='ocrx_word' id='word_1_127' title='bbox 1160 2180 1179 2234; x_wconf 79' lang='lat' dir='ltr'><strong>t</strong></span> <span class='ocrx_word' id='word_1_128' title='bbox 1204 2185 1232 2235; x_wconf 89' lang='grc'><strong>55</strong></span> <span class='ocrx_word' id='word_1_129' title='bbox 1256 2178 1289 2248; x_wconf 84' lang='lat'><strong>8,</strong></span> <span class='ocrx_word' id='word_1_130' title='bbox 1314 2194 1389 2254; x_wconf 89' lang='lat' dir='ltr'><strong>quae</strong></span> <span class='ocrx_word' id='word_1_131' title='bbox 1412 2185 1482 2235; x_wconf 88' lang='lat' dir='ltr'><strong>sunt</strong></span> <span class='ocrx_word' id='word_1_132' title='bbox 1504 2193 1571 2254; x_wconf 79' lang='grc'><strong>5555</strong></span> 
     </span>
     <span class='ocr_line' id='line_1_12' title="bbox 220 2261 1570 2340; baseline 0.004 -21"><span class='ocrx_word' id='word_1_133' title='bbox 220 2269 236 2319; x_wconf 77' lang='grc'><strong>5</strong></span> <span class='ocrx_word' id='word_1_134' title='bbox 261 2266 290 2320; x_wconf 84' lang='grc'><strong>15</strong></span> <span class='ocrx_word' id='word_1_135' title='bbox 315 2267 502 2340; x_wconf 85' lang='lat' dir='ltr'><strong>proportione</strong></span> <span class='ocrx_word' id='word_1_136' title='bbox 526 2268 662 2323; x_wconf 84' lang='lat' dir='ltr'><strong>continue</strong></span> <span class='ocrx_word' id='word_1_137' title='bbox 686 2261 784 2339; x_wconf 88' lang='lat' dir='ltr'><strong>dupla.</strong></span> <span class='ocrx_word' id='word_1_138' title='bbox 830 2263 938 2322; x_wconf 84' lang='lat' dir='ltr'><strong>Contra</strong></span> <span class='ocrx_word' id='word_1_139' title='bbox 956 2263 1081 2322; x_wconf 89' lang='lat' dir='ltr'><strong>circulus</strong></span> <span class='ocrx_word' id='word_1_140' title='bbox 1104 2268 1133 2321; x_wconf 83' lang='grc'><strong>15</strong></span> <span class='ocrx_word' id='word_1_141' title='bbox 1152 2268 1167 2322; x_wconf 84' lang='lat' dir='ltr'><strong>i</strong></span> <span class='ocrx_word' id='word_1_142' title='bbox 1193 2263 1305 2322; x_wconf 90' lang='lat' dir='ltr'><strong>divisus</strong></span> <span class='ocrx_word' id='word_1_143' title='bbox 1326 2282 1383 2324; x_wconf 93' lang='lat' dir='ltr'><strong>nou</strong></span> <span class='ocrx_word' id='word_1_144' title='bbox 1399 2264 1469 2323; x_wconf 89' lang='lat' dir='ltr'><strong>lacit</strong></span> <span class='ocrx_word' id='word_1_145' title='bbox 1484 2264 1570 2325; x_wconf 89' lang='lat' dir='ltr'><strong>chor·</strong></span> 
     </span>
     <span class='ocr_line' id='line_1_13' title="bbox 221 2350 1570 2428; baseline 0.004 -21"><span class='ocrx_word' id='word_1_146' title='bbox 221 2354 286 2408; x_wconf 87' lang='lat' dir='ltr'><strong>dam</strong></span> <span class='ocrx_word' id='word_1_147' title='bbox 312 2355 398 2409; x_wconf 90' lang='lat' dir='ltr'><strong>unius</strong></span> <span class='ocrx_word' id='word_1_148' title='bbox 421 2355 563 2428; x_wconf 90' lang='lat' dir='ltr'><strong>septimae</strong></span> <span class='ocrx_word' id='word_1_149' title='bbox 587 2353 727 2428; x_wconf 89' lang='lat' dir='ltr'><strong>portionis</strong></span> <span class='ocrx_word' id='word_1_150' title='bbox 751 2350 1028 2423; x_wconf 76' lang='lat' dir='ltr'><strong>demonstrativam,</strong></span> <span class='ocrx_word' id='word_1_151' title='bbox 1057 2370 1146 2426; x_wconf 90' lang='lat' dir='ltr'><strong>quare</strong></span> <span class='ocrx_word' id='word_1_152' title='bbox 1169 2350 1317 2411; x_wconf 92' lang='lat' dir='ltr'><strong>residuum</strong></span> <span class='ocrx_word' id='word_1_153' title='bbox 1339 2351 1411 2410; x_wconf 92' lang='lat' dir='ltr'><strong>illud</strong></span> <span class='ocrx_word' id='word_1_154' title='bbox 1435 2352 1570 2427; x_wconf 78' lang='lat' dir='ltr'><strong>chordae,</strong></span> 
     </span>
     <span class='ocr_line' id='line_1_14' title="bbox 218 2438 1570 2514; baseline 0.003 -18"><span class='ocrx_word' id='word_1_155' title='bbox 218 2439 295 2514; x_wconf 85' lang='lat' dir='ltr'><strong>quod</strong></span> <span class='ocrx_word' id='word_1_156' title='bbox 318 2439 410 2498; x_wconf 88' lang='lat' dir='ltr'><strong>habet</strong></span> <span class='ocrx_word' id='word_1_157' title='bbox 435 2443 469 2511; x_wconf 88' lang='lat' dir='ltr'><strong>i,</strong></span> <span class='ocrx_word' id='word_1_158' title='bbox 501 2439 632 2501; x_wconf 88' lang='lat' dir='ltr'><strong>dissonat</strong></span> <span class='ocrx_word' id='word_1_159' title='bbox 655 2438 692 2497; x_wconf 90' lang='lat' dir='ltr'><strong>ab</strong></span> <span class='ocrx_word' id='word_1_160' title='bbox 720 2442 732 2496; x_wconf 95' lang='grc'><strong>1</strong></span> <span class='ocrx_word' id='word_1_161' title='bbox 759 2445 788 2497; x_wconf 87' lang='grc'><strong>55</strong></span> <span class='ocrx_word' id='word_1_162' title='bbox 810 2441 854 2498; x_wconf 90' lang='lat' dir='ltr'><strong>sic</strong></span> <span class='ocrx_word' id='word_1_163' title='bbox 876 2441 965 2498; x_wconf 86' lang='lat' dir='ltr'><strong>etiam</strong></span> <span class='ocrx_word' id='word_1_164' title='bbox 988 2457 1007 2496; x_wconf 86' lang='lat' dir='ltr'><strong>a</strong></span> <span class='ocrx_word' id='word_1_165' title='bbox 1030 2442 1063 2511; x_wconf 75' lang='grc'><strong>2,</strong></span> <span class='ocrx_word' id='word_1_166' title='bbox 1096 2443 1132 2511; x_wconf 85' lang='grc'><strong>4,</strong></span> <span class='ocrx_word' id='word_1_167' title='bbox 1158 2440 1187 2498; x_wconf 87' lang='grc'><strong>8.</strong></span> <span class='ocrx_word' id='word_1_168' title='bbox 1234 2439 1309 2497; x_wconf 88' lang='lat' dir='ltr'><strong>Ecce</strong></span> <span class='ocrx_word' id='word_1_169' title='bbox 1333 2448 1367 2500; x_wconf 89' lang='lat' dir='ltr'><strong>ut</strong></span> <span class='ocrx_word' id='word_1_170' title='bbox 1386 2441 1477 2498; x_wconf 90' lang='lat' dir='ltr'><strong>sectio</strong></span> <span class='ocrx_word' id='word_1_171' title='bbox 1500 2439 1570 2500; x_wconf 85' lang='lat' dir='ltr'><strong>har·</strong></span> 
     </span>
     <span class='ocr_line' id='line_1_15' title="bbox 217 2526 1570 2602; baseline 0.001 -19"><span class='ocrx_word' id='word_1_172' title='bbox 217 2529 331 2584; x_wconf 90' lang='lat' dir='ltr'><strong>monica</strong></span> <span class='ocrx_word' id='word_1_173' title='bbox 359 2528 450 2584; x_wconf 90' lang='lat' dir='ltr'><strong>totius</strong></span> <span class='ocrx_word' id='word_1_174' title='bbox 482 2527 553 2584; x_wconf 88' lang='lat' dir='ltr'><strong>8in</strong></span> <span class='ocrx_word' id='word_1_175' title='bbox 578 2529 614 2596; x_wconf 81' lang='lat'><strong>3,</strong></span> <span class='ocrx_word' id='word_1_176' title='bbox 649 2526 667 2583; x_wconf 91' lang='grc'><strong>5</strong></span> <span class='ocrx_word' id='word_1_177' title='bbox 700 2543 788 2584; x_wconf 84' lang='lat' dir='ltr'><strong>uuam</strong></span> <span class='ocrx_word' id='word_1_178' title='bbox 817 2534 930 2584; x_wconf 88' lang='lat' dir='ltr'><strong>tantum</strong></span> <span class='ocrx_word' id='word_1_179' title='bbox 962 2529 1184 2585; x_wconf 84' lang='lat' dir='ltr'><strong>consonantiam</strong></span> <span class='ocrx_word' id='word_1_180' title='bbox 1210 2526 1319 2584; x_wconf 88' lang='lat' dir='ltr'><strong>habeat</strong></span> <span class='ocrx_word' id='word_1_181' title='bbox 1349 2544 1384 2587; x_wconf 84' lang='lat' dir='ltr'><strong>ex</strong></span> <span class='ocrx_word' id='word_1_182' title='bbox 1415 2536 1570 2602; x_wconf 82' lang='lat' dir='ltr'><strong>octogono,</strong></span> 
     </span>
     <span class='ocr_line' id='line_1_16' title="bbox 220 2614 1571 2690; baseline 0.004 -19"><span class='ocrx_word' id='word_1_183' title='bbox 220 2614 341 2672; x_wconf 86' lang='lat' dir='ltr'><strong>alteram</strong></span> <span class='ocrx_word' id='word_1_184' title='bbox 371 2631 440 2672; x_wconf 88' lang='lat' dir='ltr'><strong>vero</strong></span> <span class='ocrx_word' id='word_1_185' title='bbox 459 2632 506 2671; x_wconf 80' lang='lat' dir='ltr'><strong>ex</strong></span> <span class='ocrx_word' id='word_1_186' title='bbox 534 2624 717 2690; x_wconf 88' lang='lat' dir='ltr'><strong>pentagono,</strong></span> <span class='ocrx_word' id='word_1_187' title='bbox 750 2616 819 2688; x_wconf 90' lang='lat' dir='ltr'><strong>quin</strong></span> <span class='ocrx_word' id='word_1_188' title='bbox 850 2621 879 2671; x_wconf 94' lang='lat' dir='ltr'><strong>et</strong></span> <span class='ocrx_word' id='word_1_189' title='bbox 908 2615 1023 2671; x_wconf 83' lang='lat' dir='ltr'><strong>tertiam</strong></span> <span class='ocrx_word' id='word_1_190' title='bbox 1053 2614 1144 2674; x_wconf 85' lang='lat' dir='ltr'><strong>habet</strong></span> <span class='ocrx_word' id='word_1_191' title='bbox 1173 2631 1218 2673; x_wconf 84' lang='lat' dir='ltr'><strong>ex·</strong></span> <span class='ocrx_word' id='word_1_192' title='bbox 1238 2614 1297 2671; x_wconf 90' lang='lat' dir='ltr'><strong>alia</strong></span> <span class='ocrx_word' id='word_1_193' title='bbox 1327 2614 1434 2689; x_wconf 86' lang='lat' dir='ltr'><strong>ligura,</strong></span> <span class='ocrx_word' id='word_1_194' title='bbox 1465 2631 1506 2675; x_wconf 88' lang='grc'><strong>55.</strong></span> <span class='ocrx_word' id='word_1_195' title='bbox 1535 2633 1571 2676; x_wconf 86' lang='lat' dir='ltr'><strong>ex</strong></span> 
     </span>
     <span class='ocr_line' id='line_1_17' title="bbox 218 2696 1572 2777; baseline 0.004 -18"><span class='ocrx_word' id='word_1_196' title='bbox 218 2700 379 2777; x_wconf 91' lang='lat' dir='ltr'><strong>decagono.</strong></span> <span class='ocrx_word' id='word_1_197' title='bbox 424 2701 488 2759; x_wconf 91' lang='lat' dir='ltr'><strong>Non</strong></span> <span class='ocrx_word' id='word_1_198' title='bbox 513 2708 686 2760; x_wconf 86' lang='lat' dir='ltr'><strong>consonaret</strong></span> <span class='ocrx_word' id='word_1_199' title='bbox 709 2702 785 2759; x_wconf 90' lang='lat' dir='ltr'><strong>enim</strong></span> <span class='ocrx_word' id='word_1_200' title='bbox 808 2718 875 2776; x_wconf 86' lang='lat' dir='ltr'><strong>pars</strong></span> <span class='ocrx_word' id='word_1_201' title='bbox 900 2703 918 2759; x_wconf 87' lang='grc'>3</span> <span class='ocrx_word' id='word_1_202' title='bbox 943 2718 1009 2757; x_wconf 90' lang='lat' dir='ltr'><strong>cum</strong></span> <span class='ocrx_word' id='word_1_203' title='bbox 1031 2701 1148 2760; x_wconf 91' lang='lat' dir='ltr'><strong>residuo</strong></span> <span class='ocrx_word' id='word_1_204' title='bbox 1165 2704 1193 2773; x_wconf 93' lang='grc'><strong>5,</strong></span> <span class='ocrx_word' id='word_1_205' title='bbox 1217 2702 1273 2758; x_wconf 92' lang='lat' dir='ltr'><strong>nisi</strong></span> <span class='ocrx_word' id='word_1_206' title='bbox 1289 2707 1461 2761; x_wconf 87' lang='lat' dir='ltr'><strong>consonaret</strong></span> <span class='ocrx_word' id='word_1_207' title='bbox 1483 2696 1572 2763; x_wconf 83' lang='grc'><strong>55555</strong></span> 
     </span>
     <span class='ocr_line' id='line_1_18' title="bbox 219 2786 1617 2863; baseline 0.003 -16"><span class='ocrx_word' id='word_1_208' title='bbox 219 2806 283 2847; x_wconf 89' lang='lat' dir='ltr'><strong>curn</strong></span> <span class='ocrx_word' id='word_1_209' title='bbox 307 2789 371 2863; x_wconf 89' lang='lat' dir='ltr'><strong>ejus</strong></span> <span class='ocrx_word' id='word_1_210' title='bbox 395 2786 485 2863; x_wconf 92' lang='lat' dir='ltr'><strong>duplo</strong></span> <span class='ocrx_word' id='word_1_211' title='bbox 512 2789 566 2856; x_wconf 69' lang='grc'><strong>105</strong></span> <span class='ocrx_word' id='word_1_212' title='bbox 597 2788 686 2863; x_wconf 86' lang='grc'><strong>15555</strong></span> <span class='ocrx_word' id='word_1_213' title='bbox 710 2788 792 2857; x_wconf 92' lang='lat' dir='ltr'><strong>ideo,</strong></span> <span class='ocrx_word' id='word_1_214' title='bbox 822 2790 891 2863; x_wconf 89' lang='lat' dir='ltr'><strong>quia</strong></span> <span class='ocrx_word' id='word_1_215' title='bbox 915 2787 1024 2847; x_wconf 88' lang='lat' dir='ltr'><strong>circulo</strong></span> <span class='ocrx_word' id='word_1_216' title='bbox 1052 2791 1080 2846; x_wconf 94' lang='lat' dir='ltr'><strong>in</strong></span> <span class='ocrx_word' id='word_1_217' title='bbox 1107 2790 1146 2847; x_wconf 93' lang='grc'><strong>10</strong></span> <span class='ocrx_word' id='word_1_218' title='bbox 1169 2787 1282 2859; x_wconf 88' lang='lat' dir='ltr'><strong>diviso,</strong></span> <span class='ocrx_word' id='word_1_219' title='bbox 1315 2790 1455 2848; x_wconf 88' lang='lat' dir='ltr'><strong>subtensa</strong></span> <span class='ocrx_word' id='word_1_220' title='bbox 1477 2789 1570 2851; x_wconf 79' lang='lat' dir='ltr'><strong>uibus</strong></span> <span class='ocrx_word' id='word_1_221' title='bbox 1611 2823 1617 2831; x_wconf 89' lang='lat'><strong>·</strong></span> 
     </span>
     <span class='ocr_line' id='line_1_19' title="bbox 219 2874 1571 2952; baseline 0.002 -19"><span class='ocrx_word' id='word_1_222' title='bbox 219 2877 339 2934; x_wconf 90' lang='lat' dir='ltr'><strong>decimis</strong></span> <span class='ocrx_word' id='word_1_223' title='bbox 367 2885 412 2934; x_wconf 89' lang='lat' dir='ltr'><strong>cst</strong></span> <span class='ocrx_word' id='word_1_224' title='bbox 442 2875 680 2936; x_wconf 90' lang='lat' dir='ltr'><strong>demonstrativa.</strong></span> <span class='ocrx_word' id='word_1_225' title='bbox 734 2875 816 2934; x_wconf 88' lang='lat' dir='ltr'><strong>Haec</strong></span> <span class='ocrx_word' id='word_1_226' title='bbox 845 2893 915 2934; x_wconf 91' lang='lat' dir='ltr'><strong>vero</strong></span> <span class='ocrx_word' id='word_1_227' title='bbox 952 2874 1100 2952; x_wconf 82' lang='lat' dir='ltr'><strong>copulatio</strong></span> <span class='ocrx_word' id='word_1_228' title='bbox 1131 2876 1256 2952; x_wconf 90' lang='lat' dir='ltr'><strong>plurium</strong></span> <span class='ocrx_word' id='word_1_229' title='bbox 1289 2876 1445 2952; x_wconf 85' lang='lat' dir='ltr'><strong>figurarum</strong></span> <span class='ocrx_word' id='word_1_230' title='bbox 1474 2875 1571 2937; x_wconf 88' lang='lat' dir='ltr'><strong>locum</strong></span> 
     </span>
    </p>
   </div>
   <div class='ocr_carea' id='block_1_5' title="bbox 219 2961 1667 3040">
    <p class='ocr_par' dir='ltr' id='par_1_5' title="bbox 219 2961 1667 3040">
     <span class='ocr_line' id='line_1_20' title="bbox 219 2961 1667 3040; baseline 0.003 -21"><span class='ocrx_word' id='word_1_231' title='bbox 219 2983 275 3021; x_wconf 90' lang='lat' dir='ltr'><strong>non</strong></span> <span class='ocrx_word' id='word_1_232' title='bbox 301 2964 391 3021; x_wconf 89' lang='lat' dir='ltr'><strong>habet</strong></span> <span class='ocrx_word' id='word_1_233' title='bbox 414 2965 442 3018; x_wconf 89' lang='lat' dir='ltr'><strong>in</strong></span> <span class='ocrx_word' id='word_1_234' title='bbox 467 2961 575 3021; x_wconf 89' lang='lat' dir='ltr'><strong>circulo</strong></span> <span class='ocrx_word' id='word_1_235' title='bbox 598 2963 720 3038; x_wconf 83' lang='lat' dir='ltr'><strong>ejusque</strong></span> <span class='ocrx_word' id='word_1_236' title='bbox 742 2964 883 3039; x_wconf 90' lang='lat' dir='ltr'><strong>partibus.</strong></span> <span class='ocrx_word' id='word_1_237' title='bbox 930 2962 1005 3021; x_wconf 91' lang='lat' dir='ltr'><strong>Nam</strong></span> <span class='ocrx_word' id='word_1_238' title='bbox 1031 2966 1056 3021; x_wconf 90' lang='lat' dir='ltr'><strong>si</strong></span> <span class='ocrx_word' id='word_1_239' title='bbox 1079 2965 1172 3040; x_wconf 91' lang='lat' dir='ltr'><strong>primo</strong></span> <span class='ocrx_word' id='word_1_240' title='bbox 1187 2965 1343 3039; x_wconf 90' lang='lat' dir='ltr'><strong>scripseris</strong></span> <span class='ocrx_word' id='word_1_241' title='bbox 1373 2964 1402 3021; x_wconf 92' lang='lat' dir='ltr'><strong>in</strong></span> <span class='ocrx_word' id='word_1_242' title='bbox 1426 2970 1488 3022; x_wconf 89' lang='lat' dir='ltr'><strong>toto</strong></span> <span class='ocrx_word' id='word_1_243' title='bbox 1512 2967 1570 3023; x_wconf 88' lang='lat' dir='ltr'><strong>cir·</strong></span> <span class='ocrx_word' id='word_1_244' title='bbox 1663 2971 1667 2978; x_wconf 87' lang='lat'>&#39;</span> 
     </span>
    </p>
   </div>
   <div class='ocr_carea' id='block_1_6' title="bbox 216 3049 1625 4683">
    <p class='ocr_par' dir='ltr' id='par_1_6' title="bbox 216 3049 1625 4683">
     <span class='ocr_line' id='line_1_21' title="bbox 218 3049 1570 3129; baseline 0.004 -22"><span class='ocrx_word' id='word_1_245' title='bbox 218 3053 283 3108; x_wconf 91' lang='lat' dir='ltr'><strong>culo</strong></span> <span class='ocrx_word' id='word_1_246' title='bbox 308 3049 496 3123; x_wconf 82' lang='lat' dir='ltr'><strong>oetnngulum</strong></span> <span class='ocrx_word' id='word_1_247' title='bbox 519 3052 662 3124; x_wconf 89' lang='lat' dir='ltr'><strong>regulare,</strong></span> <span class='ocrx_word' id='word_1_248' title='bbox 685 3054 791 3124; x_wconf 80' lang='lat' dir='ltr'><strong>posito,</strong></span> <span class='ocrx_word' id='word_1_249' title='bbox 815 3050 893 3125; x_wconf 89' lang='lat' dir='ltr'><strong>quod</strong></span> <span class='ocrx_word' id='word_1_250' title='bbox 916 3055 1012 3124; x_wconf 89' lang='lat' dir='ltr'><strong>possis</strong></span> <span class='ocrx_word' id='word_1_251' title='bbox 1035 3068 1144 3121; x_wconf 87' lang='lat' dir='ltr'><strong>arcum,</strong></span> <span class='ocrx_word' id='word_1_252' title='bbox 1174 3053 1224 3129; x_wconf 85' lang='grc'><strong>551</strong></span> <span class='ocrx_word' id='word_1_253' title='bbox 1246 3050 1337 3111; x_wconf 87' lang='grc'><strong>55555</strong></span> <span class='ocrx_word' id='word_1_254' title='bbox 1359 3060 1416 3109; x_wconf 89' lang='lat' dir='ltr'><strong>tres</strong></span> <span class='ocrx_word' id='word_1_255' title='bbox 1440 3059 1570 3127; x_wconf 87' lang='lat' dir='ltr'><strong>octavas,</strong></span> 
     </span>
     <span class='ocr_line' id='line_1_22' title="bbox 220 3137 1571 3217; baseline 0.003 -21"><span class='ocrx_word' id='word_1_256' title='bbox 220 3138 350 3196; x_wconf 88' lang='lat' dir='ltr'><strong>dividere</strong></span> <span class='ocrx_word' id='word_1_257' title='bbox 381 3141 409 3193; x_wconf 94' lang='lat' dir='ltr'><strong>in</strong></span> <span class='ocrx_word' id='word_1_258' title='bbox 438 3140 566 3212; x_wconf 86' lang='lat' dir='ltr'><strong>quinque</strong></span> <span class='ocrx_word' id='word_1_259' title='bbox 596 3144 777 3212; x_wconf 77' lang='lat' dir='ltr'><strong>(quenquam</strong></span> <span class='ocrx_word' id='word_1_260' title='bbox 810 3137 991 3214; x_wconf 88' lang='lat' dir='ltr'><strong>impossibile</strong></span> <span class='ocrx_word' id='word_1_261' title='bbox 1022 3149 1080 3207; x_wconf 89' lang='lat' dir='ltr'><strong>est,</strong></span> <span class='ocrx_word' id='word_1_262' title='bbox 1116 3147 1146 3195; x_wconf 90' lang='lat' dir='ltr'><strong>ut</strong></span> <span class='ocrx_word' id='word_1_263' title='bbox 1178 3138 1208 3196; x_wconf 92' lang='lat' dir='ltr'><strong>id</strong></span> <span class='ocrx_word' id='word_1_264' title='bbox 1237 3138 1288 3197; x_wconf 89' lang='grc'><strong>555</strong></span> <span class='ocrx_word' id='word_1_265' title='bbox 1319 3137 1571 3217; x_wconf 76' lang='lat' dir='ltr'><strong>demonstrative),</strong></span> 
     </span>
     <span class='ocr_line' id='line_1_23' title="bbox 218 3224 1569 3301; baseline 0 -17"><span class='ocrx_word' id='word_1_266' title='bbox 218 3237 294 3284; x_wconf 90' lang='lat' dir='ltr'><strong>certe</strong></span> <span class='ocrx_word' id='word_1_267' title='bbox 318 3224 569 3300; x_wconf 84' lang='lat' dir='ltr'><strong>quinquangulum</strong></span> <span class='ocrx_word' id='word_1_268' title='bbox 593 3225 636 3283; x_wconf 90' lang='lat' dir='ltr'><strong>illi</strong></span> <span class='ocrx_word' id='word_1_269' title='bbox 661 3227 776 3283; x_wconf 87' lang='lat' dir='ltr'><strong>inscribi</strong></span> <span class='ocrx_word' id='word_1_270' title='bbox 799 3225 837 3282; x_wconf 93' lang='lat' dir='ltr'><strong>ad</strong></span> <span class='ocrx_word' id='word_1_271' title='bbox 860 3226 1021 3283; x_wconf 87' lang='lat' dir='ltr'><strong>divisiones</strong></span> <span class='ocrx_word' id='word_1_272' title='bbox 1044 3226 1136 3284; x_wconf 80' lang='lat' dir='ltr'><strong>lactas</strong></span> <span class='ocrx_word' id='word_1_273' title='bbox 1159 3242 1217 3285; x_wconf 87' lang='lat' dir='ltr'><strong>uon</strong></span> <span class='ocrx_word' id='word_1_274' title='bbox 1239 3227 1363 3301; x_wconf 88' lang='lat' dir='ltr'><strong>poterit;</strong></span> <span class='ocrx_word' id='word_1_275' title='bbox 1387 3225 1470 3290; x_wconf 87' lang='lat' dir='ltr'><strong>fieret</strong></span> <span class='ocrx_word' id='word_1_276' title='bbox 1491 3228 1569 3292; x_wconf 81' lang='lat' dir='ltr'><strong>caim</strong></span> 
     </span>
     <span class='ocr_line' id='line_1_24' title="bbox 218 3312 1570 3389; baseline 0.002 -18"><span class='ocrx_word' id='word_1_277' title='bbox 218 3325 247 3371; x_wconf 90' lang='lat' dir='ltr'><strong>et</strong></span> <span class='ocrx_word' id='word_1_278' title='bbox 270 3313 554 3385; x_wconf 89' lang='lat' dir='ltr'><strong>irregularissimum,</strong></span> <span class='ocrx_word' id='word_1_279' title='bbox 586 3323 616 3372; x_wconf 87' lang='lat' dir='ltr'><strong>et</strong></span> <span class='ocrx_word' id='word_1_280' title='bbox 637 3314 735 3388; x_wconf 82' lang='lat' dir='ltr'><strong>potius</strong></span> <span class='ocrx_word' id='word_1_281' title='bbox 759 3312 968 3387; x_wconf 84' lang='lat' dir='ltr'><strong>sexangulum,</strong></span> <span class='ocrx_word' id='word_1_282' title='bbox 998 3329 1063 3371; x_wconf 90' lang='lat' dir='ltr'><strong>cum</strong></span> <span class='ocrx_word' id='word_1_283' title='bbox 1087 3329 1171 3372; x_wconf 87' lang='lat' dir='ltr'><strong>arcus</strong></span> <span class='ocrx_word' id='word_1_284' title='bbox 1194 3312 1303 3372; x_wconf 88' lang='grc'><strong>555555</strong></span> <span class='ocrx_word' id='word_1_285' title='bbox 1334 3313 1407 3374; x_wconf 84' lang='lat' dir='ltr'><strong>duos</strong></span> <span class='ocrx_word' id='word_1_286' title='bbox 1432 3316 1570 3389; x_wconf 74' lang='lat' dir='ltr'><strong>terminos</strong></span> 
     </span>
     <span class='ocr_line' id='line_1_25' title="bbox 217 3399 1569 3474; baseline 0 -16"><span class='ocrx_word' id='word_1_287' title='bbox 217 3410 285 3458; x_wconf 91' lang='grc'><strong>5555</strong></span> <span class='ocrx_word' id='word_1_288' title='bbox 307 3402 353 3458; x_wconf 92' lang='lat' dir='ltr'><strong>sui</strong></span> <span class='ocrx_word' id='word_1_289' title='bbox 378 3399 561 3458; x_wconf 92' lang='lat' dir='ltr'><strong>divisionem.</strong></span> <span class='ocrx_word' id='word_1_290' title='bbox 607 3401 679 3458; x_wconf 84' lang='lat' dir='ltr'><strong>Cum</strong></span> <span class='ocrx_word' id='word_1_291' title='bbox 704 3417 772 3474; x_wconf 88' lang='lat' dir='ltr'><strong>ergo</strong></span> <span class='ocrx_word' id='word_1_292' title='bbox 798 3402 951 3474; x_wconf 87' lang='lat' dir='ltr'><strong>ingenssit</strong></span> <span class='ocrx_word' id='word_1_293' title='bbox 966 3399 1121 3459; x_wconf 89' lang='lat' dir='ltr'><strong>diversitas</strong></span> <span class='ocrx_word' id='word_1_294' title='bbox 1137 3399 1326 3470; x_wconf 85' lang='lat' dir='ltr'><strong>residuorum,</strong></span> <span class='ocrx_word' id='word_1_295' title='bbox 1351 3399 1419 3459; x_wconf 88' lang='lat' dir='ltr'><strong>hinc</strong></span> <span class='ocrx_word' id='word_1_296' title='bbox 1434 3400 1569 3474; x_wconf 79' lang='lat' dir='ltr'><strong>chordas,</strong></span> 
     </span>
     <span class='ocr_line' id='line_1_26' title="bbox 219 3486 1569 3563; baseline 0.004 -20"><span class='ocrx_word' id='word_1_297' title='bbox 219 3488 284 3546; x_wconf 89' lang='lat' dir='ltr'><strong>inde</strong></span> <span class='ocrx_word' id='word_1_298' title='bbox 308 3488 417 3558; x_wconf 90' lang='lat' dir='ltr'><strong>circuli,</strong></span> <span class='ocrx_word' id='word_1_299' title='bbox 442 3496 531 3562; x_wconf 85' lang='lat' dir='ltr'><strong>patet,</strong></span> <span class='ocrx_word' id='word_1_300' title='bbox 556 3487 634 3563; x_wconf 89' lang='lat' dir='ltr'><strong>quod</strong></span> <span class='ocrx_word' id='word_1_301' title='bbox 658 3490 712 3545; x_wconf 90' lang='lat' dir='ltr'><strong>nisi</strong></span> <span class='ocrx_word' id='word_1_302' title='bbox 736 3506 754 3545; x_wconf 89' lang='lat' dir='ltr'><strong>a</strong></span> <span class='ocrx_word' id='word_1_303' title='bbox 778 3488 886 3546; x_wconf 88' lang='lat' dir='ltr'><strong>circulo</strong></span> <span class='ocrx_word' id='word_1_304' title='bbox 908 3487 1128 3562; x_wconf 91' lang='lat' dir='ltr'><strong>progrediamur</strong></span> <span class='ocrx_word' id='word_1_305' title='bbox 1151 3488 1238 3546; x_wconf 88' lang='lat' dir='ltr'><strong>ctiam</strong></span> <span class='ocrx_word' id='word_1_306' title='bbox 1260 3486 1298 3545; x_wconf 92' lang='lat' dir='ltr'><strong>ad</strong></span> <span class='ocrx_word' id='word_1_307' title='bbox 1320 3487 1429 3546; x_wconf 92' lang='lat' dir='ltr'><strong>lineam</strong></span> <span class='ocrx_word' id='word_1_308' title='bbox 1452 3496 1569 3563; x_wconf 82' lang='lat' dir='ltr'><strong>rectam,</strong></span> 
     </span>
     <span class='ocr_line' id='line_1_27' title="bbox 219 3574 1570 3650; baseline 0.001 -18"><span class='ocrx_word' id='word_1_309' title='bbox 219 3575 326 3632; x_wconf 83' lang='lat' dir='ltr'><strong>residui</strong></span> <span class='ocrx_word' id='word_1_310' title='bbox 349 3577 423 3633; x_wconf 91' lang='lat' dir='ltr'><strong>ratio</strong></span> <span class='ocrx_word' id='word_1_311' title='bbox 447 3575 548 3632; x_wconf 90' lang='lat' dir='ltr'><strong>haberi</strong></span> <span class='ocrx_word' id='word_1_312' title='bbox 572 3574 652 3633; x_wconf 87' lang='lat' dir='ltr'><strong>nulla</strong></span> <span class='ocrx_word' id='word_1_313' title='bbox 674 3578 776 3649; x_wconf 89' lang='lat' dir='ltr'><strong>possit.</strong></span> <span class='ocrx_word' id='word_1_314' title='bbox 823 3576 914 3648; x_wconf 77' lang='grc'><strong>55551</strong></span> <span class='ocrx_word' id='word_1_315' title='bbox 938 3583 1074 3650; x_wconf 82' lang='grc'><strong>55555555</strong></span> <span class='ocrx_word' id='word_1_316' title='bbox 1098 3583 1142 3633; x_wconf 88' lang='grc'><strong>555</strong></span> <span class='ocrx_word' id='word_1_317' title='bbox 1164 3574 1305 3647; x_wconf 86' lang='lat' dir='ltr'><strong>angulus,</strong></span> <span class='ocrx_word' id='word_1_318' title='bbox 1328 3575 1412 3649; x_wconf 89' lang='lat' dir='ltr'><strong>cujus</strong></span> <span class='ocrx_word' id='word_1_319' title='bbox 1433 3594 1570 3646; x_wconf 73' lang='lat' dir='ltr'><strong>mensura</strong></span> 
     </span>
     <span class='ocr_line' id='line_1_28' title="bbox 217 3654 1625 3740; baseline -0.001 -20"><span class='ocrx_word' id='word_1_320' title='bbox 217 3681 273 3720; x_wconf 92' lang='lat' dir='ltr'><strong>uon</strong></span> <span class='ocrx_word' id='word_1_321' title='bbox 298 3671 343 3720; x_wconf 91' lang='lat' dir='ltr'><strong>est</strong></span> <span class='ocrx_word' id='word_1_322' title='bbox 365 3662 465 3736; x_wconf 87' lang='lat' dir='ltr'><strong>aliqua</strong></span> <span class='ocrx_word' id='word_1_323' title='bbox 488 3672 575 3733; x_wconf 85' lang='lat' dir='ltr'><strong>recta,</strong></span> <span class='ocrx_word' id='word_1_324' title='bbox 600 3662 652 3721; x_wconf 89' lang='lat' dir='ltr'><strong>sed</strong></span> <span class='ocrx_word' id='word_1_325' title='bbox 674 3654 758 3720; x_wconf 85' lang='lat' dir='ltr'><strong>arcus</strong></span> <span class='ocrx_word' id='word_1_326' title='bbox 774 3662 884 3733; x_wconf 90' lang='lat' dir='ltr'><strong>circuli,</strong></span> <span class='ocrx_word' id='word_1_327' title='bbox 908 3679 943 3719; x_wconf 84' lang='lat' dir='ltr'><strong>er</strong></span> <span class='ocrx_word' id='word_1_328' title='bbox 967 3679 1124 3722; x_wconf 87' lang='lat' dir='ltr'><strong>concursus</strong></span> <span class='ocrx_word' id='word_1_329' title='bbox 1146 3663 1292 3722; x_wconf 86' lang='lat' dir='ltr'><strong>radiorum</strong></span> <span class='ocrx_word' id='word_1_330' title='bbox 1307 3670 1423 3738; x_wconf 87' lang='lat' dir='ltr'><strong>puncto·</strong></span> <span class='ocrx_word' id='word_1_331' title='bbox 1441 3662 1571 3740; x_wconf 88' lang='lat' dir='ltr'><strong>descrip-</strong></span> <span class='ocrx_word' id='word_1_332' title='bbox 1619 3671 1625 3683; x_wconf 90' lang='lat'>&#39;</span> 
     </span>
     <span class='ocr_line' id='line_1_29' title="bbox 218 3749 1569 3826; baseline 0.003 -19"><span class='ocrx_word' id='word_1_333' title='bbox 218 3760 284 3822; x_wconf 85' lang='lat' dir='ltr'><strong>tus;</strong></span> <span class='ocrx_word' id='word_1_334' title='bbox 308 3767 366 3806; x_wconf 91' lang='lat' dir='ltr'><strong>non</strong></span> <span class='ocrx_word' id='word_1_335' title='bbox 391 3752 507 3807; x_wconf 87' lang='lat' dir='ltr'><strong>metitur</strong></span> <span class='ocrx_word' id='word_1_336' title='bbox 530 3767 598 3824; x_wconf 89' lang='lat' dir='ltr'><strong>ergo</strong></span> <span class='ocrx_word' id='word_1_337' title='bbox 622 3751 747 3807; x_wconf 85' lang='lat' dir='ltr'><strong>circulus</strong></span> <span class='ocrx_word' id='word_1_338' title='bbox 771 3758 932 3826; x_wconf 88' lang='lat' dir='ltr'><strong>aspectum,</strong></span> <span class='ocrx_word' id='word_1_339' title='bbox 955 3767 1013 3808; x_wconf 90' lang='lat' dir='ltr'><strong>non</strong></span> <span class='ocrx_word' id='word_1_340' title='bbox 1037 3750 1142 3808; x_wconf 87' lang='lat' dir='ltr'><strong>lormat</strong></span> <span class='ocrx_word' id='word_1_341' title='bbox 1158 3768 1233 3822; x_wconf 89' lang='lat' dir='ltr'><strong>eum,</strong></span> <span class='ocrx_word' id='word_1_342' title='bbox 1257 3766 1315 3818; x_wconf 87' lang='lat' dir='ltr'><strong>pou</strong></span> <span class='ocrx_word' id='word_1_343' title='bbox 1332 3749 1478 3810; x_wconf 85' lang='lat' dir='ltr'><strong>efficacem</strong></span> <span class='ocrx_word' id='word_1_344' title='bbox 1501 3751 1569 3819; x_wconf 88' lang='lat' dir='ltr'><strong>red-</strong></span> 
     </span>
     <span class='ocr_line' id='line_1_30' title="bbox 217 3836 1608 3915; baseline 0.004 -22"><span class='ocrx_word' id='word_1_345' title='bbox 217 3837 258 3895; x_wconf 89' lang='lat' dir='ltr'><strong>dit</strong></span> <span class='ocrx_word' id='word_1_346' title='bbox 280 3840 392 3894; x_wconf 80' lang='grc'><strong>5555555</strong></span> <span class='ocrx_word' id='word_1_347' title='bbox 416 3836 538 3915; x_wconf 82' lang='lat' dir='ltr'><strong>residui,</strong></span> <span class='ocrx_word' id='word_1_348' title='bbox 568 3837 619 3895; x_wconf 92' lang='lat' dir='ltr'><strong>sed</strong></span> <span class='ocrx_word' id='word_1_349' title='bbox 642 3848 755 3895; x_wconf 87' lang='lat' dir='ltr'><strong>tantum</strong></span> <span class='ocrx_word' id='word_1_350' title='bbox 778 3840 890 3900; x_wconf 80' lang='lat' dir='ltr'><strong>ratione</strong></span> <span class='ocrx_word' id='word_1_351' title='bbox 919 3853 1005 3896; x_wconf 82' lang='lat' dir='ltr'><strong>arcus</strong></span> <span class='ocrx_word' id='word_1_352' title='bbox 1034 3838 1071 3896; x_wconf 92' lang='grc'><strong>55</strong></span> <span class='ocrx_word' id='word_1_353' title='bbox 1095 3844 1216 3912; x_wconf 87' lang='lat' dir='ltr'><strong>aspectu</strong></span> <span class='ocrx_word' id='word_1_354' title='bbox 1243 3838 1405 3912; x_wconf 88' lang='lat' dir='ltr'><strong>intercepti.</strong></span> <span class='ocrx_word' id='word_1_355' title='bbox 1451 3837 1483 3897; x_wconf 89' lang='lat' dir='ltr'><strong>Si</strong></span> <span class='ocrx_word' id='word_1_356' title='bbox 1506 3855 1568 3898; x_wconf 87' lang='lat' dir='ltr'><strong>nou</strong></span> <span class='ocrx_word' id='word_1_357' title='bbox 1606 3908 1608 3914; x_wconf 27' lang='lat'><strong>¹</strong></span> 
     </span>
     <span class='ocr_line' id='line_1_31' title="bbox 220 3922 1568 4001; baseline 0.003 -21"><span class='ocrx_word' id='word_1_358' title='bbox 220 3928 333 3982; x_wconf 87' lang='lat' dir='ltr'><strong>ratione</strong></span> <span class='ocrx_word' id='word_1_359' title='bbox 356 3924 472 3993; x_wconf 80' lang='lat' dir='ltr'><strong>residui,</strong></span> <span class='ocrx_word' id='word_1_360' title='bbox 497 3941 553 3980; x_wconf 91' lang='lat' dir='ltr'><strong>non</strong></span> <span class='ocrx_word' id='word_1_361' title='bbox 577 3927 665 4001; x_wconf 82' lang='lat' dir='ltr'><strong>igitur</strong></span> <span class='ocrx_word' id='word_1_362' title='bbox 688 3927 799 3983; x_wconf 89' lang='lat' dir='ltr'><strong>ratione</strong></span> <span class='ocrx_word' id='word_1_363' title='bbox 822 3926 960 3983; x_wconf 89' lang='lat' dir='ltr'><strong>sectionis</strong></span> <span class='ocrx_word' id='word_1_364' title='bbox 983 3924 1169 3983; x_wconf 86' lang='lat' dir='ltr'><strong>harmonicae</strong></span> <span class='ocrx_word' id='word_1_365' title='bbox 1193 3924 1333 3997; x_wconf 90' lang='lat' dir='ltr'><strong>chordae,</strong></span> <span class='ocrx_word' id='word_1_366' title='bbox 1357 3941 1393 3983; x_wconf 82' lang='lat' dir='ltr'><strong>ex</strong></span> <span class='ocrx_word' id='word_1_367' title='bbox 1416 3922 1467 3983; x_wconf 87' lang='lat' dir='ltr'><strong>illa</strong></span> <span class='ocrx_word' id='word_1_368' title='bbox 1486 3924 1568 3984; x_wconf 88' lang='lat' dir='ltr'><strong>divi-</strong></span> 
     </span>
     <span class='ocr_line' id='line_1_32' title="bbox 217 4000 1567 4088; baseline 0.001 -19"><span class='ocrx_word' id='word_1_369' title='bbox 217 4015 298 4069; x_wconf 90' lang='lat' dir='ltr'><strong>sione</strong></span> <span class='ocrx_word' id='word_1_370' title='bbox 323 4012 422 4069; x_wconf 87' lang='lat' dir='ltr'><strong>eircuii</strong></span> <span class='ocrx_word' id='word_1_371' title='bbox 445 4018 541 4082; x_wconf 88' lang='lat' dir='ltr'><strong>ortae,</strong></span> <span class='ocrx_word' id='word_1_372' title='bbox 575 4000 644 4085; x_wconf 80' lang='grc'><strong>5555</strong></span> <span class='ocrx_word' id='word_1_373' title='bbox 666 4014 758 4072; x_wconf 89' lang='lat' dir='ltr'><strong>sectio</strong></span> <span class='ocrx_word' id='word_1_374' title='bbox 781 4012 950 4071; x_wconf 89' lang='lat' dir='ltr'><strong>harmonica</strong></span> <span class='ocrx_word' id='word_1_375' title='bbox 978 4015 1041 4070; x_wconf 88' lang='lat' dir='ltr'><strong>siue</strong></span> <span class='ocrx_word' id='word_1_376' title='bbox 1063 4012 1180 4071; x_wconf 79' lang='grc'><strong>5551555</strong></span> <span class='ocrx_word' id='word_1_377' title='bbox 1204 4012 1315 4070; x_wconf 88' lang='lat' dir='ltr'><strong>deliniri</strong></span> <span class='ocrx_word' id='word_1_378' title='bbox 1339 4028 1396 4070; x_wconf 92' lang='lat' dir='ltr'><strong>non</strong></span> <span class='ocrx_word' id='word_1_379' title='bbox 1420 4012 1567 4088; x_wconf 69' lang='lat' dir='ltr'><strong>potesct)</strong></span> 
     </span>
     <span class='ocr_line' id='line_1_33' title="bbox 219 4098 1569 4176; baseline 0.001 -20"><span class='ocrx_word' id='word_1_380' title='bbox 219 4100 254 4156; x_wconf 79' lang='lat' dir='ltr'><strong>Et</strong></span> <span class='ocrx_word' id='word_1_381' title='bbox 277 4102 319 4156; x_wconf 86' lang='lat' dir='ltr'><strong>sic</strong></span> <span class='ocrx_word' id='word_1_382' title='bbox 341 4099 526 4173; x_wconf 88' lang='lat' dir='ltr'><strong>profligatum</strong></span> <span class='ocrx_word' id='word_1_383' title='bbox 549 4109 593 4157; x_wconf 91' lang='lat' dir='ltr'><strong>est</strong></span> <span class='ocrx_word' id='word_1_384' title='bbox 615 4102 733 4158; x_wconf 86' lang='lat' dir='ltr'><strong>axioma</strong></span> <span class='ocrx_word' id='word_1_385' title='bbox 756 4098 838 4171; x_wconf 90' lang='lat' dir='ltr'><strong>illud,</strong></span> <span class='ocrx_word' id='word_1_386' title='bbox 862 4099 943 4173; x_wconf 89' lang='lat' dir='ltr'><strong>quod</strong></span> <span class='ocrx_word' id='word_1_387' title='bbox 964 4103 1164 4176; x_wconf 88' lang='lat' dir='ltr'><strong>proportiones</strong></span> <span class='ocrx_word' id='word_1_388' title='bbox 1174 4099 1366 4157; x_wconf 85' lang='lat' dir='ltr'><strong>harmonicae</strong></span> <span class='ocrx_word' id='word_1_389' title='bbox 1385 4106 1487 4156; x_wconf 89' lang='grc'><strong>555555</strong></span> <span class='ocrx_word' id='word_1_390' title='bbox 1509 4101 1569 4158; x_wconf 88' lang='lat' dir='ltr'><strong>sint</strong></span> 
     </span>
     <span class='ocr_line' id='line_1_34' title="bbox 219 4185 1567 4263; baseline 0.001 -19"><span class='ocrx_word' id='word_1_391' title='bbox 219 4198 390 4262; x_wconf 87' lang='lat' dir='ltr'><strong>aspectuum</strong></span> <span class='ocrx_word' id='word_1_392' title='bbox 413 4203 529 4243; x_wconf 86' lang='lat' dir='ltr'><strong>causae.</strong></span> <span class='ocrx_word' id='word_1_393' title='bbox 574 4186 636 4246; x_wconf 86' lang='lat' dir='ltr'><strong>Nec</strong></span> <span class='ocrx_word' id='word_1_394' title='bbox 658 4189 808 4263; x_wconf 86' lang='lat' dir='ltr'><strong>sequitur:</strong></span> <span class='ocrx_word' id='word_1_395' title='bbox 835 4186 991 4262; x_wconf 86' lang='lat' dir='ltr'><strong>respondet</strong></span> <span class='ocrx_word' id='word_1_396' title='bbox 1013 4187 1146 4245; x_wconf 85' lang='lat' dir='ltr'><strong>t&#39;rioctilis</strong></span> <span class='ocrx_word' id='word_1_397' title='bbox 1169 4203 1221 4246; x_wconf 91' lang='lat' dir='ltr'><strong>seu</strong></span> <span class='ocrx_word' id='word_1_398' title='bbox 1245 4185 1422 4260; x_wconf 84' lang='lat' dir='ltr'><strong>sesquadrus</strong></span> <span class='ocrx_word' id='word_1_399' title='bbox 1444 4189 1567 4247; x_wconf 86' lang='lat' dir='ltr'><strong>sectioni</strong></span> 
     </span>
     <span class='ocr_line' id='line_1_35' title="bbox 219 4272 1577 4348; baseline 0.002 -17"><span class='ocrx_word' id='word_1_400' title='bbox 219 4274 413 4345; x_wconf 89' lang='lat' dir='ltr'><strong>harmonicae,</strong></span> <span class='ocrx_word' id='word_1_401' title='bbox 437 4290 513 4347; x_wconf 90' lang='grc'><strong>5555</strong></span> <span class='ocrx_word' id='word_1_402' title='bbox 537 4275 632 4346; x_wconf 78' lang='lat' dir='ltr'><strong>gignit</strong></span> <span class='ocrx_word' id='word_1_403' title='bbox 654 4274 906 4346; x_wconf 89' lang='lat' dir='ltr'><strong>tertiammoliem,</strong></span> <span class='ocrx_word' id='word_1_404' title='bbox 930 4283 959 4332; x_wconf 90' lang='lat' dir='ltr'><strong>et</strong></span> <span class='ocrx_word' id='word_1_405' title='bbox 983 4282 1027 4334; x_wconf 92' lang='lat' dir='ltr'><strong>est</strong></span> <span class='ocrx_word' id='word_1_406' title='bbox 1050 4274 1168 4345; x_wconf 79' lang='lat' dir='ltr'><strong>efficax,</strong></span> <span class='ocrx_word' id='word_1_407' title='bbox 1192 4291 1261 4348; x_wconf 89' lang='lat' dir='ltr'><strong>ergo</strong></span> <span class='ocrx_word' id='word_1_408' title='bbox 1286 4273 1349 4347; x_wconf 87' lang='lat' dir='ltr'><strong>ejus</strong></span> <span class='ocrx_word' id='word_1_409' title='bbox 1371 4272 1501 4332; x_wconf 80' lang='lat' dir='ltr'><strong>efficacia</strong></span> <span class='ocrx_word' id='word_1_410' title='bbox 1524 4281 1577 4339; x_wconf 78' lang='grc'><strong>555,</strong></span> 
     </span>
     <span class='ocr_line' id='line_1_36' title="bbox 221 4360 1568 4435; baseline -0.004 -16"><span class='ocrx_word' id='word_1_411' title='bbox 221 4380 238 4419; x_wconf 88' lang='grc'><strong>5</strong></span> <span class='ocrx_word' id='word_1_412' title='bbox 262 4363 392 4420; x_wconf 89' lang='lat' dir='ltr'><strong>sectione</strong></span> <span class='ocrx_word' id='word_1_413' title='bbox 414 4360 583 4419; x_wconf 87' lang='lat' dir='ltr'><strong>harmonica</strong></span> <span class='ocrx_word' id='word_1_414' title='bbox 607 4362 716 4432; x_wconf 89' lang='lat' dir='ltr'><strong>circuli,</strong></span> <span class='ocrx_word' id='word_1_415' title='bbox 741 4370 773 4433; x_wconf 91' lang='lat' dir='ltr'><strong>ut</strong></span> <span class='ocrx_word' id='word_1_416' title='bbox 795 4362 871 4419; x_wconf 86' lang='lat' dir='ltr'><strong>talis.</strong></span> <span class='ocrx_word' id='word_1_417' title='bbox 917 4360 976 4419; x_wconf 90' lang='lat' dir='ltr'><strong>Sed</strong></span> <span class='ocrx_word' id='word_1_418' title='bbox 999 4361 1056 4418; x_wconf 91' lang='lat' dir='ltr'><strong>hoc</strong></span> <span class='ocrx_word' id='word_1_419' title='bbox 1077 4378 1177 4419; x_wconf 88' lang='lat' dir='ltr'><strong>verum</strong></span> <span class='ocrx_word' id='word_1_420' title='bbox 1197 4369 1254 4431; x_wconf 85' lang='lat' dir='ltr'><strong>est,</strong></span> <span class='ocrx_word' id='word_1_421' title='bbox 1277 4378 1433 4435; x_wconf 72' lang='lat' dir='ltr'><strong>magnam,</strong></span> <span class='ocrx_word' id='word_1_422' title='bbox 1457 4369 1490 4421; x_wconf 84' lang='lat' dir='ltr'><strong>ut</strong></span> <span class='ocrx_word' id='word_1_423' title='bbox 1512 4361 1568 4422; x_wconf 74' lang='lat' dir='ltr'><strong>ha.-</strong></span> 
     </span>
     <span class='ocr_line' id='line_1_37' title="bbox 218 4446 1568 4524; baseline 0 -16"><span class='ocrx_word' id='word_1_424' title='bbox 218 4450 286 4508; x_wconf 89' lang='lat' dir='ltr'><strong>bent</strong></span> <span class='ocrx_word' id='word_1_425' title='bbox 308 4447 515 4523; x_wconf 85' lang='lat' dir='ltr'><strong>prolegomena</strong></span> <span class='ocrx_word' id='word_1_426' title='bbox 538 4448 625 4521; x_wconf 86' lang='lat' dir='ltr'><strong>dicta,</strong></span> <span class='ocrx_word' id='word_1_427' title='bbox 648 4453 857 4524; x_wconf 73' lang='lat' dir='ltr'><strong>cognationem</strong></span> <span class='ocrx_word' id='word_1_428' title='bbox 880 4465 939 4507; x_wconf 82' lang='grc'><strong>5555</strong></span> <span class='ocrx_word' id='word_1_429' title='bbox 960 4449 1129 4507; x_wconf 81' lang='lat' dir='ltr'><strong>harmoniis</strong></span> <span class='ocrx_word' id='word_1_430' title='bbox 1151 4468 1220 4508; x_wconf 84' lang='lat' dir='ltr'><strong>cum</strong></span> <span class='ocrx_word' id='word_1_431' title='bbox 1241 4448 1416 4523; x_wconf 80' lang='lat' dir='ltr'><strong>aspectibus,</strong></span> <span class='ocrx_word' id='word_1_432' title='bbox 1438 4446 1568 4508; x_wconf 75' lang='grc'><strong>’5555555</strong></span> 
     </span>
     <span class='ocr_line' id='line_1_38' title="bbox 217 4534 1567 4611; baseline 0.001 -17"><span class='ocrx_word' id='word_1_433' title='bbox 217 4539 337 4610; x_wconf 77' lang='lat' dir='ltr'><strong>utrique</strong></span> <span class='ocrx_word' id='word_1_434' title='bbox 366 4539 469 4610; x_wconf 74' lang='lat' dir='ltr'><strong>generi</strong></span> <span class='ocrx_word' id='word_1_435' title='bbox 497 4538 646 4610; x_wconf 73' lang='lat' dir='ltr'><strong>originem</strong></span> <span class='ocrx_word' id='word_1_436' title='bbox 668 4555 705 4595; x_wconf 83' lang='grc'><strong>55</strong></span> <span class='ocrx_word' id='word_1_437' title='bbox 724 4537 831 4611; x_wconf 74' lang='lat' dir='ltr'><strong>iipuria</strong></span> <span class='ocrx_word' id='word_1_438' title='bbox 859 4536 1025 4609; x_wconf 76' lang='lat' dir='ltr'><strong>nubilibus,</strong></span> <span class='ocrx_word' id='word_1_439' title='bbox 1057 4537 1169 4596; x_wconf 80' lang='lat' dir='ltr'><strong>circulo</strong></span> <span class='ocrx_word' id='word_1_440' title='bbox 1199 4535 1428 4611; x_wconf 80' lang='lat' dir='ltr'><strong>inscriptilihut&#39;,</strong></span> <span class='ocrx_word' id='word_1_441' title='bbox 1461 4534 1567 4609; x_wconf 79' lang='lat' dir='ltr'><strong>idest,</strong></span> 
     </span>
     <span class='ocr_line' id='line_1_39' title="bbox 216 4621 1568 4683; baseline 0.001 -3"><span class='ocrx_word' id='word_1_442' title='bbox 216 4624 474 4681; x_wconf 84' lang='lat' dir='ltr'><strong>demonstrativam</strong></span> <span class='ocrx_word' id='word_1_443' title='bbox 498 4623 686 4682; x_wconf 89' lang='lat' dir='ltr'><strong>scibilitatem</strong></span> <span class='ocrx_word' id='word_1_444' title='bbox 709 4625 865 4683; x_wconf 88' lang='lat' dir='ltr'><strong>subtensae</strong></span> <span class='ocrx_word' id='word_1_445' title='bbox 889 4626 974 4681; x_wconf 92' lang='lat' dir='ltr'><strong>trium</strong></span> <span class='ocrx_word' id='word_1_446' title='bbox 998 4629 1167 4683; x_wconf 88' lang='lat' dir='ltr'><strong>octavarum</strong></span> <span class='ocrx_word' id='word_1_447' title='bbox 1191 4625 1290 4683; x_wconf 88' lang='lat' dir='ltr'><strong>circuli</strong></span> <span class='ocrx_word' id='word_1_448' title='bbox 1321 4624 1394 4681; x_wconf 90' lang='lat' dir='ltr'><strong>inter</strong></span> <span class='ocrx_word' id='word_1_449' title='bbox 1424 4621 1568 4683; x_wconf 84' lang='lat' dir='ltr'><strong>elementa</strong></span> 
     </span>
    </p>
   </div>
   <div class='ocr_carea' id='block_1_7' title="bbox 216 4709 1699 4787">
    <p class='ocr_par' dir='ltr' id='par_1_7' title="bbox 216 4709 1699 4787">
     <span class='ocr_line' id='line_1_40' title="bbox 216 4709 1699 4787; baseline -0.005 -16"><span class='ocrx_word' id='word_1_450' title='bbox 216 4729 290 4778; x_wconf 85' lang='grc'><strong>5555,</strong></span> <span class='ocrx_word' id='word_1_451' title='bbox 314 4728 349 4767; x_wconf 84' lang='lat' dir='ltr'><strong>er</strong></span> <span class='ocrx_word' id='word_1_452' title='bbox 374 4712 481 4785; x_wconf 87' lang='lat' dir='ltr'><strong>quibus</strong></span> <span class='ocrx_word' id='word_1_453' title='bbox 504 4720 532 4767; x_wconf 91' lang='lat' dir='ltr'><strong>et</strong></span> <span class='ocrx_word' id='word_1_454' title='bbox 555 4710 723 4770; x_wconf 87' lang='lat' dir='ltr'><strong>harmonica</strong></span> <span class='ocrx_word' id='word_1_455' title='bbox 745 4714 836 4770; x_wconf 88' lang='lat' dir='ltr'><strong>sectio</strong></span> <span class='ocrx_word' id='word_1_456' title='bbox 859 4713 888 4767; x_wconf 92' lang='lat' dir='ltr'><strong>in</strong></span> <span class='ocrx_word' id='word_1_457' title='bbox 911 4712 1032 4783; x_wconf 90' lang='lat' dir='ltr'><strong>musica,</strong></span> <span class='ocrx_word' id='word_1_458' title='bbox 1057 4720 1086 4769; x_wconf 90' lang='lat' dir='ltr'><strong>et</strong></span> <span class='ocrx_word' id='word_1_459' title='bbox 1108 4718 1246 4787; x_wconf 88' lang='lat' dir='ltr'><strong>aspectus</strong></span> <span class='ocrx_word' id='word_1_460' title='bbox 1269 4709 1369 4768; x_wconf 81' lang='lat' dir='ltr'><strong>ellicax</strong></span> <span class='ocrx_word' id='word_1_461' title='bbox 1393 4711 1423 4768; x_wconf 91' lang='lat' dir='ltr'><strong>in</strong></span> <span class='ocrx_word' id='word_1_462' title='bbox 1445 4709 1568 4787; x_wconf 81' lang='lat' dir='ltr'><strong>physica</strong></span> <span class='ocrx_word' id='word_1_463' title='bbox 1658 4764 1661 4776; x_wconf 75' lang='grc'><strong>,</strong></span> <span class='ocrx_word' id='word_1_464' title='bbox 1695 4755 1699 4764; x_wconf 91' lang='grc'><strong>,</strong></span> 
     </span>
    </p>
   </div>
   <div class='ocr_carea' id='block_1_8' title="bbox 200 4795 1684 5398">
    <p class='ocr_par' dir='ltr' id='par_1_8' title="bbox 200 4795 1684 5398">
     <span class='ocr_line' id='line_1_41' title="bbox 217 4795 1566 4875; baseline -0.001 -17"><span class='ocrx_word' id='word_1_465' title='bbox 217 4800 411 4858; x_wconf 87' lang='lat' dir='ltr'><strong>constituitur.</strong></span> <span class='ocrx_word' id='word_1_466' title='bbox 459 4796 577 4871; x_wconf 87' lang='lat' dir='ltr'><strong>Loquor</strong></span> <span class='ocrx_word' id='word_1_467' title='bbox 609 4806 707 4857; x_wconf 89' lang='lat' dir='ltr'><strong>eutem</strong></span> <span class='ocrx_word' id='word_1_468' title='bbox 737 4817 773 4858; x_wconf 84' lang='lat' dir='ltr'><strong>ex</strong></span> <span class='ocrx_word' id='word_1_469' title='bbox 803 4798 972 4875; x_wconf 87' lang='lat' dir='ltr'><strong>hypothesi,</strong></span> <span class='ocrx_word' id='word_1_470' title='bbox 1004 4801 1088 4872; x_wconf 91' lang='lat' dir='ltr'><strong>quasi</strong></span> <span class='ocrx_word' id='word_1_471' title='bbox 1110 4797 1175 4857; x_wconf 86' lang='lat' dir='ltr'><strong>sola</strong></span> <span class='ocrx_word' id='word_1_472' title='bbox 1197 4798 1339 4856; x_wconf 87' lang='lat' dir='ltr'><strong>scibilitas</strong></span> <span class='ocrx_word' id='word_1_473' title='bbox 1371 4795 1480 4872; x_wconf 87' lang='lat' dir='ltr'><strong>figurae</strong></span> <span class='ocrx_word' id='word_1_474' title='bbox 1503 4797 1566 4857; x_wconf 85' lang='lat' dir='ltr'><strong>sul-</strong></span> 
     </span>
     <span class='ocr_line' id='line_1_42' title="bbox 216 4884 1565 4962; baseline -0.001 -20"><span class='ocrx_word' id='word_1_475' title='bbox 216 4886 315 4944; x_wconf 86' lang='lat' dir='ltr'><strong>ficeret</strong></span> <span class='ocrx_word' id='word_1_476' title='bbox 338 4884 376 4942; x_wconf 90' lang='lat' dir='ltr'><strong>ad</strong></span> <span class='ocrx_word' id='word_1_477' title='bbox 399 4884 568 4955; x_wconf 84' lang='lat' dir='ltr'><strong>efficaciam,</strong></span> <span class='ocrx_word' id='word_1_478' title='bbox 592 4888 669 4944; x_wconf 91' lang='lat' dir='ltr'><strong>sicut</strong></span> <span class='ocrx_word' id='word_1_479' title='bbox 691 4885 799 4946; x_wconf 80' lang='lat' dir='ltr'><strong>sufficit</strong></span> <span class='ocrx_word' id='word_1_480' title='bbox 820 4885 858 4945; x_wconf 89' lang='lat' dir='ltr'><strong>ad</strong></span> <span class='ocrx_word' id='word_1_481' title='bbox 880 4887 1042 4962; x_wconf 89' lang='lat' dir='ltr'><strong>simplicem</strong></span> <span class='ocrx_word' id='word_1_482' title='bbox 1059 4888 1149 4962; x_wconf 89' lang='lat' dir='ltr'><strong>partis</strong></span> <span class='ocrx_word' id='word_1_483' title='bbox 1165 4886 1386 4946; x_wconf 84' lang='lat' dir='ltr'><strong>consonantiam</strong></span> <span class='ocrx_word' id='word_1_484' title='bbox 1409 4901 1473 4943; x_wconf 91' lang='lat' dir='ltr'><strong>cum</strong></span> <span class='ocrx_word' id='word_1_485' title='bbox 1494 4893 1565 4943; x_wconf 89' lang='lat' dir='ltr'><strong>toto.</strong></span> 
     </span>
     <span class='ocr_line' id='line_1_43' title="bbox 216 4971 1566 5051; baseline 0.001 -21"><span class='ocrx_word' id='word_1_486' title='bbox 216 4973 289 5030; x_wconf 87' lang='lat' dir='ltr'><strong>Nam</strong></span> <span class='ocrx_word' id='word_1_487' title='bbox 321 4975 345 5028; x_wconf 89' lang='lat' dir='ltr'><strong>si</strong></span> <span class='ocrx_word' id='word_1_488' title='bbox 376 4981 511 5029; x_wconf 85' lang='lat' dir='ltr'><strong>accurate</strong></span> <span class='ocrx_word' id='word_1_489' title='bbox 543 4989 679 5046; x_wconf 86' lang='lat' dir='ltr'><strong>agamus,</strong></span> <span class='ocrx_word' id='word_1_490' title='bbox 712 4976 800 5031; x_wconf 89' lang='lat' dir='ltr'><strong>etiam</strong></span> <span class='ocrx_word' id='word_1_491' title='bbox 829 4973 901 5032; x_wconf 93' lang='lat' dir='ltr'><strong>illud</strong></span> <span class='ocrx_word' id='word_1_492' title='bbox 925 4974 1079 5033; x_wconf 92' lang='lat' dir='ltr'><strong>discrimen</strong></span> <span class='ocrx_word' id='word_1_493' title='bbox 1113 4980 1173 5051; x_wconf 85' lang='lat' dir='ltr'><strong>est,</strong></span> <span class='ocrx_word' id='word_1_494' title='bbox 1206 4971 1284 5046; x_wconf 90' lang='lat' dir='ltr'><strong>quod</strong></span> <span class='ocrx_word' id='word_1_495' title='bbox 1314 4972 1342 5026; x_wconf 88' lang='lat' dir='ltr'><strong>in</strong></span> <span class='ocrx_word' id='word_1_496' title='bbox 1367 4973 1566 5031; x_wconf 84' lang='lat' dir='ltr'><strong>consonantiis</strong></span> 
     </span>
     <span class='ocr_line' id='line_1_44' title="bbox 215 5058 1683 5139; baseline -0.001 -22"><span class='ocrx_word' id='word_1_497' title='bbox 215 5060 334 5134; x_wconf 86' lang='lat' dir='ltr'><strong>quidem</strong></span> <span class='ocrx_word' id='word_1_498' title='bbox 363 5059 519 5134; x_wconf 91' lang='lat' dir='ltr'><strong>plurimum</strong></span> <span class='ocrx_word' id='word_1_499' title='bbox 550 5059 630 5118; x_wconf 89' lang='lat' dir='ltr'><strong>valet</strong></span> <span class='ocrx_word' id='word_1_500' title='bbox 660 5060 816 5132; x_wconf 88' lang='lat' dir='ltr'><strong>scibilitas,</strong></span> <span class='ocrx_word' id='word_1_501' title='bbox 850 5063 876 5117; x_wconf 91' lang='lat' dir='ltr'><strong>in</strong></span> <span class='ocrx_word' id='word_1_502' title='bbox 901 5061 1068 5139; x_wconf 89' lang='lat' dir='ltr'><strong>aspectibus</strong></span> <span class='ocrx_word' id='word_1_503' title='bbox 1098 5077 1167 5118; x_wconf 89' lang='lat' dir='ltr'><strong>vero</strong></span> <span class='ocrx_word' id='word_1_504' title='bbox 1195 5060 1385 5131; x_wconf 89' lang='lat' dir='ltr'><strong>congruentia</strong></span> <span class='ocrx_word' id='word_1_505' title='bbox 1406 5058 1565 5133; x_wconf 88' lang='lat' dir='ltr'><strong>figurarum</strong></span> <span class='ocrx_word' id='word_1_506' title='bbox 1679 5107 1683 5114; x_wconf 92' lang='lat'><strong>.</strong></span> 
     </span>
     <span class='ocr_line' id='line_1_45' title="bbox 215 5144 1684 5226; baseline 0.002 -23"><span class='ocrx_word' id='word_1_507' title='bbox 215 5144 381 5224; x_wconf 89' lang='lat' dir='ltr'><strong>praecellit,</strong></span> <span class='ocrx_word' id='word_1_508' title='bbox 415 5156 517 5221; x_wconf 85' lang='lat' dir='ltr'><strong>estque</strong></span> <span class='ocrx_word' id='word_1_509' title='bbox 540 5147 741 5222; x_wconf 87' lang='lat' dir='ltr'><strong>semiquadrus</strong></span> <span class='ocrx_word' id='word_1_510' title='bbox 773 5158 802 5207; x_wconf 89' lang='grc'><strong>55</strong></span> <span class='ocrx_word' id='word_1_511' title='bbox 824 5150 1002 5223; x_wconf 82' lang='grc'><strong>5555555555</strong></span> <span class='ocrx_word' id='word_1_512' title='bbox 1030 5146 1131 5224; x_wconf 80' lang='lat' dir='ltr'><strong>efficax</strong></span> <span class='ocrx_word' id='word_1_513' title='bbox 1156 5164 1214 5204; x_wconf 91' lang='lat' dir='ltr'><strong>non</strong></span> <span class='ocrx_word' id='word_1_514' title='bbox 1238 5152 1364 5218; x_wconf 87' lang='lat' dir='ltr'><strong>tantum,</strong></span> <span class='ocrx_word' id='word_1_515' title='bbox 1396 5149 1466 5220; x_wconf 83' lang='grc'><strong>5515</strong></span> <span class='ocrx_word' id='word_1_516' title='bbox 1489 5146 1566 5206; x_wconf 87' lang='grc'><strong>15555</strong></span> <span class='ocrx_word' id='word_1_517' title='bbox 1590 5157 1593 5165; x_wconf 57' lang='lat'><em>¹</em></span> <span class='ocrx_word' id='word_1_518' title='bbox 1642 5173 1644 5177; x_wconf 91' lang='lat'>·</span> <span class='ocrx_word' id='word_1_519' title='bbox 1674 5215 1684 5226; x_wconf 22' lang='grc' dir='ltr'>ἱ</span> 
     </span>
     <span class='ocr_line' id='line_1_46' title="bbox 200 5232 1645 5309; baseline 0 -15"><span class='ocrx_word' id='word_1_520' title='bbox 200 5236 353 5309; x_wconf 86' lang='lat' dir='ltr'><strong>octogoni</strong></span> <span class='ocrx_word' id='word_1_521' title='bbox 384 5242 412 5292; x_wconf 90' lang='grc'><strong>55</strong></span> <span class='ocrx_word' id='word_1_522' title='bbox 435 5234 537 5293; x_wconf 89' lang='lat' dir='ltr'><strong>stellae</strong></span> <span class='ocrx_word' id='word_1_523' title='bbox 566 5235 683 5306; x_wconf 90' lang='lat' dir='ltr'><strong>scibile,</strong></span> <span class='ocrx_word' id='word_1_524' title='bbox 716 5235 769 5293; x_wconf 91' lang='lat' dir='ltr'><strong>sed</strong></span> <span class='ocrx_word' id='word_1_525' title='bbox 799 5238 885 5294; x_wconf 90' lang='lat' dir='ltr'><strong>etiem</strong></span> <span class='ocrx_word' id='word_1_526' title='bbox 915 5245 944 5294; x_wconf 89' lang='lat' dir='ltr'><strong>et</strong></span> <span class='ocrx_word' id='word_1_527' title='bbox 967 5235 1109 5305; x_wconf 83' lang='lat' dir='ltr'><strong>maxime,</strong></span> <span class='ocrx_word' id='word_1_528' title='bbox 1140 5236 1211 5308; x_wconf 84' lang='lat' dir='ltr'><strong>quia</strong></span> <span class='ocrx_word' id='word_1_529' title='bbox 1239 5241 1401 5307; x_wconf 88' lang='lat' dir='ltr'><strong>octogonus</strong></span> <span class='ocrx_word' id='word_1_530' title='bbox 1429 5232 1567 5294; x_wconf 83' lang='grc'><strong>55555115</strong></span> <span class='ocrx_word' id='word_1_531' title='bbox 1640 5232 1645 5242; x_wconf 92' lang='lat'>&#39;</span> 
     </span>
     <span class='ocr_line' id='line_1_47' title="bbox 217 5320 1288 5398; baseline 0 -16"><span class='ocrx_word' id='word_1_532' title='bbox 217 5324 281 5398; x_wconf 85' lang='lat' dir='ltr'><strong>ejus</strong></span> <span class='ocrx_word' id='word_1_533' title='bbox 306 5331 375 5380; x_wconf 90' lang='lat' dir='ltr'><strong>sunt</strong></span> <span class='ocrx_word' id='word_1_534' title='bbox 400 5321 509 5397; x_wconf 80' lang='lat' dir='ltr'><strong>figurae</strong></span> <span class='ocrx_word' id='word_1_535' title='bbox 533 5339 688 5397; x_wconf 83' lang='lat' dir='ltr'><strong>congruae.</strong></span> <span class='ocrx_word' id='word_1_536' title='bbox 1285 5320 1288 5323; x_wconf 42' lang='lat'><em>⁴</em></span> 
     </span>
    </p>
   </div>
   <div class='ocr_carea' id='block_1_9' title="bbox 215 5491 1587 5757">
    <p class='ocr_par' dir='ltr' id='par_1_9' title="bbox 215 5491 1587 5757">
     <span class='ocr_line' id='line_1_48' title="bbox 292 5491 1565 5542; baseline 0.001 -9"><span class='ocrx_word' id='word_1_537' title='bbox 292 5495 315 5542; x_wconf 68' lang='grc'><strong>41)</strong></span> <span class='ocrx_word' id='word_1_538' title='bbox 331 5494 413 5533; x_wconf 81' lang='lat' dir='ltr'><strong>Eodem</strong></span> <span class='ocrx_word' id='word_1_539' title='bbox 434 5505 461 5533; x_wconf 83' lang='lat' dir='ltr'><strong>er</strong></span> <span class='ocrx_word' id='word_1_540' title='bbox 475 5493 616 5532; x_wconf 79' lang='lat' dir='ltr'><strong>fundamento</strong></span> <span class='ocrx_word' id='word_1_541' title='bbox 638 5494 704 5533; x_wconf 78' lang='lat' dir='ltr'><strong>etism</strong></span> <span class='ocrx_word' id='word_1_542' title='bbox 723 5493 757 5530; x_wconf 86' lang='lat' dir='ltr'><strong>sic</strong></span> <span class='ocrx_word' id='word_1_543' title='bbox 776 5491 970 5531; x_wconf 75' lang='lat' dir='ltr'><strong>ratiocinantium:</strong></span> <span class='ocrx_word' id='word_1_544' title='bbox 992 5494 1103 5540; x_wconf 76' lang='lat' dir='ltr'><strong>aspectus</strong></span> <span class='ocrx_word' id='word_1_545' title='bbox 1119 5494 1155 5531; x_wconf 87' lang='lat' dir='ltr'><strong>est</strong></span> <span class='ocrx_word' id='word_1_546' title='bbox 1175 5494 1285 5540; x_wconf 82' lang='lat' dir='ltr'><strong>angulus,</strong></span> <span class='ocrx_word' id='word_1_547' title='bbox 1309 5503 1372 5542; x_wconf 82' lang='lat' dir='ltr'><strong>quem</strong></span> <span class='ocrx_word' id='word_1_548' title='bbox 1395 5493 1565 5535; x_wconf 73' lang='lat' dir='ltr'><strong>matronensem</strong></span> 
     </span>
     <span class='ocr_line' id='line_1_49' title="bbox 217 5543 1564 5596; baseline -0.001 -8"><span class='ocrx_word' id='word_1_549' title='bbox 217 5548 355 5588; x_wconf 84' lang='lat' dir='ltr'><strong>semicirculo</strong></span> <span class='ocrx_word' id='word_1_550' title='bbox 369 5548 451 5593; x_wconf 84' lang='lat' dir='ltr'><strong>minor3</strong></span> <span class='ocrx_word' id='word_1_551' title='bbox 468 5546 581 5584; x_wconf 86' lang='lat' dir='ltr'><strong>residuum</strong></span> <span class='ocrx_word' id='word_1_552' title='bbox 596 5549 632 5585; x_wconf 84' lang='grc'><strong>555</strong></span> <span class='ocrx_word' id='word_1_553' title='bbox 645 5547 715 5594; x_wconf 77' lang='lat' dir='ltr'><strong>majas</strong></span> <span class='ocrx_word' id='word_1_554' title='bbox 731 5543 885 5591; x_wconf 82' lang='lat' dir='ltr'><strong>semicirculo,</strong></span> <span class='ocrx_word' id='word_1_555' title='bbox 909 5544 995 5582; x_wconf 91' lang='lat' dir='ltr'><strong>nullum</strong></span> <span class='ocrx_word' id='word_1_556' title='bbox 1009 5544 1078 5592; x_wconf 78' lang='lat' dir='ltr'><strong>igitur</strong></span> <span class='ocrx_word' id='word_1_557' title='bbox 1091 5546 1182 5583; x_wconf 87' lang='lat' dir='ltr'><strong>metitur</strong></span> <span class='ocrx_word' id='word_1_558' title='bbox 1195 5546 1315 5594; x_wconf 77' lang='lat' dir='ltr'><strong>anguium,</strong></span> <span class='ocrx_word' id='word_1_559' title='bbox 1334 5546 1420 5585; x_wconf 82' lang='lat' dir='ltr'><strong>nullum</strong></span> <span class='ocrx_word' id='word_1_560' title='bbox 1434 5549 1564 5596; x_wconf 71' lang='grc'><strong>5555555555</strong></span> 
     </span>
     <span class='ocr_line' id='line_1_50' title="bbox 215 5597 1587 5651; baseline 0 -10"><span class='ocrx_word' id='word_1_561' title='bbox 215 5612 284 5651; x_wconf 70' lang='lat' dir='ltr'><strong>quare</strong></span> <span class='ocrx_word' id='word_1_562' title='bbox 300 5599 412 5639; x_wconf 84' lang='lat' dir='ltr'><strong>residuum</strong></span> <span class='ocrx_word' id='word_1_563' title='bbox 429 5611 472 5638; x_wconf 88' lang='lat' dir='ltr'><strong>non</strong></span> <span class='ocrx_word' id='word_1_564' title='bbox 486 5598 676 5638; x_wconf 74' lang='lat' dir='ltr'><strong>consideraturus</strong></span> <span class='ocrx_word' id='word_1_565' title='bbox 691 5598 854 5638; x_wconf 82' lang='lat' dir='ltr'><strong>constitutione</strong></span> <span class='ocrx_word' id='word_1_566' title='bbox 867 5600 1005 5645; x_wconf 76' lang='lat' dir='ltr'><strong>aspectuum.</strong></span> <span class='ocrx_word' id='word_1_567' title='bbox 1032 5597 1064 5636; x_wconf 76' lang='grc'><strong>55</strong></span> <span class='ocrx_word' id='word_1_568' title='bbox 1078 5598 1233 5638; x_wconf 81' lang='lat' dir='ltr'><strong>consideratur</strong></span> <span class='ocrx_word' id='word_1_569' title='bbox 1246 5600 1268 5638; x_wconf 89' lang='grc'><strong>55</strong></span> <span class='ocrx_word' id='word_1_570' title='bbox 1278 5599 1440 5640; x_wconf 81' lang='lat' dir='ltr'><strong>constitutione</strong></span> <span class='ocrx_word' id='word_1_571' title='bbox 1454 5601 1563 5641; x_wconf 82' lang='lat' dir='ltr'><strong>sectionis</strong></span> <span class='ocrx_word' id='word_1_572' title='bbox 1583 5628 1587 5633; x_wconf 50' lang='lat'><em>2</em></span> 
     </span>
     <span class='ocr_line' id='line_1_51' title="bbox 216 5646 1563 5701; baseline 0.001 -7"><span class='ocrx_word' id='word_1_573' title='bbox 216 5654 365 5694; x_wconf 75' lang='lat' dir='ltr'><strong>bumontcaa.</strong></span> <span class='ocrx_word' id='word_1_574' title='bbox 394 5652 441 5691; x_wconf 77' lang='lat' dir='ltr'><strong>riou</strong></span> <span class='ocrx_word' id='word_1_575' title='bbox 458 5653 526 5701; x_wconf 83' lang='lat' dir='ltr'><strong>igitur</strong></span> <span class='ocrx_word' id='word_1_576' title='bbox 540 5651 660 5695; x_wconf 71' lang='grc'><strong>5555555555</strong></span> <span class='ocrx_word' id='word_1_577' title='bbox 673 5652 732 5692; x_wconf 76' lang='lat' dir='ltr'><strong>inter</strong></span> <span class='ocrx_word' id='word_1_578' title='bbox 746 5660 771 5692; x_wconf 84' lang='lat' dir='ltr'><strong>se</strong></span> <span class='ocrx_word' id='word_1_579' title='bbox 785 5650 856 5691; x_wconf 78' lang='lat' dir='ltr'><strong>sectio</strong></span> <span class='ocrx_word' id='word_1_580' title='bbox 870 5648 966 5691; x_wconf 80' lang='lat' dir='ltr'><strong>chordae</strong></span> <span class='ocrx_word' id='word_1_581' title='bbox 980 5646 1117 5697; x_wconf 77' lang='lat' dir='ltr'><strong>hsrrnurdos,¹</strong></span> <span class='ocrx_word' id='word_1_582' title='bbox 1129 5660 1185 5701; x_wconf 84' lang='grc'><strong>5555</strong></span> <span class='ocrx_word' id='word_1_583' title='bbox 1199 5651 1289 5695; x_wconf 83' lang='lat' dir='ltr'><strong>residuo</strong></span> <span class='ocrx_word' id='word_1_584' title='bbox 1304 5652 1388 5699; x_wconf 79' lang='grc'><strong>555555,</strong></span> <span class='ocrx_word' id='word_1_585' title='bbox 1403 5652 1427 5694; x_wconf 87' lang='grc'><strong>55</strong></span> <span class='ocrx_word' id='word_1_586' title='bbox 1441 5653 1512 5700; x_wconf 65' lang='lat' dir='ltr'><strong>satha</strong></span> <span class='ocrx_word' id='word_1_587' title='bbox 1525 5663 1563 5701; x_wconf 74' lang='grc'><strong>55·</strong></span> 
     </span>
     <span class='ocr_line' id='line_1_52' title="bbox 217 5704 1499 5757; baseline -0.002 -10"><span class='ocrx_word' id='word_1_588' title='bbox 217 5706 274 5747; x_wconf 77' lang='lat' dir='ltr'><strong>disci</strong></span> <span class='ocrx_word' id='word_1_589' title='bbox 288 5705 383 5754; x_wconf 73' lang='lat' dir='ltr'><strong>aucas,</strong></span> <span class='ocrx_word' id='word_1_590' title='bbox 396 5715 454 5757; x_wconf 81' lang='lat' dir='ltr'><strong>qaae</strong></span> <span class='ocrx_word' id='word_1_591' title='bbox 468 5715 512 5744; x_wconf 86' lang='lat' dir='ltr'><strong>non</strong></span> <span class='ocrx_word' id='word_1_592' title='bbox 526 5704 604 5744; x_wconf 86' lang='lat' dir='ltr'><strong>utitur.</strong></span> <span class='ocrx_word' id='word_1_593' title='bbox 1490 5719 1499 5726; x_wconf 91' lang='lat'>·</span> 
     </span>
    </p>
   </div>
   <div class='ocr_carea' id='block_1_10' title="bbox 0 0 1846 7255">
    <p class='ocr_par' dir='ltr' id='par_1_10' title="bbox 0 0 1846 7255">
     <span class='ocr_line' id='line_1_53' title="bbox 0 0 1846 7255; baseline 0 0"><span class='ocrx_word' id='word_1_594' title='bbox 0 0 1846 7255; x_wconf 95' lang='lat' dir='ltr'><strong> </strong></span> 
     </span>
    </p>
   </div>
  </div>
 </body>
</html>
