3684 7259
206 1157 289 1273 ι190
614 1209 657 1262 De
675 1206 794 1261 hictibus
812 1206 985 1263 Planetartrm
1006 1205 1183 1269 numnius.

223 1385 319 1446 vallia.
344 1383 487 1443 'Notabis
509 1382 643 1459 amplius,
667 1384 861 1460 planetariam
884 1384 1002 1444 Saturni
1025 1395 1055 1446 et
1076 1388 1163 1449 Jovis
1185 1392 1324 1466 majorem
1345 1398 1486 1459 excedere
1508 1401 1581 1462 lm.

223 1474 378 1545 manicam,
401 1470 512 1530 seilicet
535 1471 666 1546 triplam,
699 1477 863 1547 quantitate
885 1473 945 1532 iere
968 1482 1062 1548 tanta,
1093 1471 1204 1553 quadta
1226 1488 1272 1539 est
1294 1482 1418 1543 Veneris
1445 1492 1580 1564 propria3

223 1570 253 1620 et
275 1559 445 1620 tantundem
475 1558 533 1618 iere
557 1558 659 1617 deesse
683 1562 829 1618 communi
857 1561 959 1635 majori
984 1560 1088 1621 Martia
1111 1574 1141 1622 et
1162 1564 1304 1641 Telluris,
1335 1579 1578 1648 converguntium

222 1656 253 1708 et
275 1646 497 1723 divergentinm.
543 1646 665 1704 Notabis
689 1651 783 1718 tertio,
808 1648 866 1706 lere
888 1650 917 1704 iu
940 1652 1139 1724 superioribus
1161 1670 1226 1714 esse
1247 1654 1414 1718 harmonias
1431 1660 1580 1724 stabilitas

221 1737 297 1794 inter
318 1742 546 1809 convergeutas,
569 1742 600 1791 at
630 1736 659 1790 iu
691 1736 874 1795 interioribus
903 1739 976 1794 inter
998 1746 1093 1797 motus
1124 1740 1256 1814 ejusdem
1282 1744 1399 1819 plagae,
1447 1748 1527 1807 Nora
1550 1760 1581 1810 et

220 1831 335 1899 quarto,
358 1824 434 1880 inter
454 1820 573 1879 Saturni
596 1828 624 1879 et
648 1821 774 1880 Telluris
798 1822 930 1898 aphelios
953 1842 1018 1884 esse
1032 1829 1163 1901 proxime
1178 1831 1307 1906 quinque
1324 1833 1485 1910 diapason3
1508 1854 1579 1900 nam

218 1927 288 1986 pars
318 1912 466 1969 tricesima
495 1906 625 1966 secunda
656 1908 691 1967 de
722 1912 774 1967 57¹
798 1913 840 1967 30
872 1921 916 1969 est
951 1915 979 1970 l‘
1002 1913 1082 1985 W,
1116 1931 1182 1972 eum
1212 1917 1346 1994 aphelius
1369 1921 1489 1980 Saturni
1521 1924 1578 1984 ha-

221 1998 291 2057 baet
316 2001 345 2055 1‘
368 1999 442 2055 46”.
996 2040 999 2046 .
1554 2043 1558 2049 ,

306 2084 397 2143 Porro
420 2097 558 2158 magnum
581 2081 734 2141 discrimen
759 2085 878 2144 interest
905 2086 982 2143 inter
1003 2086 1164 2161 explicatas
1186 2091 1367 2164 singulorum
1391 2095 1578 2170 planetarum

218 2171 385 2231 harmonias
415 2181 444 2230 et
471 2173 545 2229 inter
571 2170 748 2245 Juuctorum.
794 2171 869 2229 Nam
899 2172 968 2231 illae
993 2174 1109 2247 quidem
1132 2175 1235 2234 eodem
1263 2184 1402 2256 temporis
1422 2197 1578 2247 momento

218 2261 344 2319 existere
367 2276 425 2316 non
448 2266 585 2333 possunt,
615 2257 670 2316 hae
693 2260 762 2317 velo
786 2262 905 2317 omniuo
922 2269 1067 2337 possunt,
1091 2264 1161 2337 quia
1190 2263 1267 2323 idam
1292 2268 1430 2347 planeta,
1455 2290 1578 2332 versans

218 2348 249 2403 iu
271 2365 325 2406 suo
350 2346 484 2423 aphelio,
515 2361 572 2403 non
602 2345 688 2403 simul
710 2353 814 2423 'potest
832 2363 906 2406 esse
934 2356 964 2406 et
991 2349 1018 2405 in
1044 2352 1179 2424 opposito
1207 2353 1364 2428 peribelio,
1396 2358 1577 2421 arduorum

217 2434 401 2511 planetarum
429 2433 504 2491 alter
525 2434 553 2488 in
575 2449 630 2490 suo
654 2433 785 2509 aphelio‚
815 2434 888 2513 alter
918 2436 947 2492 in
971 2452 1024 2493 suo
1054 2436 1193 2512 perihelio
1216 2450 1341 2513 possunt
1370 2460 1436 2503 esse
1469 2448 1576 2507 eodem

217 2506 356 2598 tempdris
380 2528 536 2582 momento.
582 2518 725 2598 Adeoque
749 2537 824 2596 qnae
847 2524 996 2598 proportio
1027 2533 1072 2581 est
1094 2533 1196 2582 cautus
1220 2528 1361 2603 simplicis
1390 2548 1443 2589 seu
1467 2551 1575 2595 mono·-

218 2608 299 2684 diae,
330 2628 418 2687 quam
451 2605 597 2667 choralem
621 2611 763 2667 musicam
788 2607 911 2667 dicimus
944 2618 973 2667 et
996 2627 1072 2684 quae
1095 2610 1160 2669 sola
1189 2615 1337 2673 veteribus
1367 2617 1423 2676 luit
1446 2627 1576 2695 cognita,

217 2696 260 2757 sd
278 2706 395 2757 cautum
419 2696 545 2773 plurium
561 2712 676 2770 vocum,
699 2696 852 2772 figuratum
869 2697 998 2769 dictum:
1013 2700 1161 2756 inventum
1181 2704 1378 2774 proximorum
1393 2709 1574 2782 seculorum,

217 2784 319 2845 eadem
342 2794 387 2844 est
410 2786 557 2862 proportio
580 2782 812 2857 harmoniarum,
844 2802 918 2861 quas
941 2784 1048 2858 singuli
1063 2783 1226 2861 'designant
1249 2789 1404 2865 planetae,
1439 2795 1477 2852 ad
1503 2797 1574 2856 har-

215 2878 330 2933 monias
348 2875 526 2949 junctorum.
571 2871 675 2946 Itaque
696 2873 757 2948 Jam
779 2889 865 2947 porro
889 2888 953 2947 cap.
973 2876 1000 2928 5.
1024 2880 1053 2929 et
1070 2873 1097 2930 6.
1126 2875 1233 2948 singuli
1256 2877 1393 2950 planetae
1416 2897 1575 2958 compara.

215 2960 323 3020 huntur
345 2979 411 3020 cum
433 2964 545 3019 musica
568 2960 678 3019 chorali
700 2970 832 3019 veterem
855 2961 977 3037 ejusque
999 2963 1191 3034 proprietates
1215 2965 1248 3019 in
1272 2963 1456 3037 planetarum
1479 2976 1573 3030 moti.

122 3097 126 3110 .
214 3048 270 3107 bus
300 3048 502 3122 ostendentur3
534 3055 565 3107 at
591 3049 737 3124 capitibus
768 3048 959 3122 sequentibus
977 3047 1072 3121 juncti
1096 3046 1231 3122 planetae
1268 3068 1332 3110 cnm
1356 3054 1482 3128 figurata
1500 3069 1573 3118 'mo-

131 3183 134 3188 .
215 3134 304 3197 derna
326 3139 438 3196 musica
460 3137 544 3211 paria
565 3136 660 3194 iacere
684 3134 967 3194 demonstrabuntur.

788 3368 930 3439 CAPUT
960 3368 995 3437 V.

139 3520 141 3524 ’
213 3511 249 3568 Iu
268 3516 555 3584 proportionibus
573 3522 721 3590 motuum
739 3489 1014 3581 planetariorum
1032 3510 1275 3581 apparentium
1293 3516 1438 3581 (exsole
1452 3522 1568 3577 veluti

213 3602 466 3672 spectantibus)
490 3619 655 3672 expressa
681 3618 755 3655 esse
774 3599 859 3654 'loca
886 3599 1107 3682 systematis,⁸
1131 3614 1189 3652 seu
1216 3592 1332 3657 claues
1361 3606 1477 3661 scalae
1503 3626 1569 3663 mu·

521 3689 626 3755 sicae,
645 3695 677 3743 et
695 3702 820 3758 genera
838 3682 973 3756 cantus,
993 3686 1065 3739 duri
1084 3695 1116 3739 et
1134 3684 1253 3741 mollis.

277 3835 387 3911 'Quod
416 3835 504 3911 igitur
533 3837 608 3894 iuter
637 3833 691 3892 hos
723 3830 877 3890 duodecim
909 3835 1047 3899 terminos
1079 3848 1130 3889 seu
1161 3841 1256 3891 motus
1287 3833 1474 3909 planetarum
1507 3858 1569 3913 ser,

212 3920 311 3982 Solem
336 3925 630 3994 circumcurrentium,
653 3938 767 3979 sursum
791 3919 926 3978 deorsum
950 3929 978 3978 et
1000 3935 1235 3994 quaquaversum
1261 3930 1341 3979 stent
1364 3927 1570 4001 proportiones

214 4009 416 4081 harmonicae,
441 4018 493 4069 aut
517 4008 626 4068 talibus
649 4010 725 4065 intra
740 4007 906 4068 insensilem
924 4017 1033 4084 partem
1047 4008 1179 4064 concinni
1194 4010 1303 4065 minimi
1320 4013 1479 4087 proximae,
1503 4034 1574 4092 pro-

211 4098 313 4156 batum
336 4107 380 4157 ast
402 4097 544 4157 hactenus
566 4114 619 4174 per
641 4113 776 4153 numeros
800 4095 866 4153 hinc
891 4112 927 4152 ex
950 4096 1140 4168 astronomia,
1169 4093 1236 4152 inde
1260 4113 1295 4154 er
1318 4095 1489 4160 harmonica
1512 4121 1570 4179 pe-

210 4186 291 4243 titos.
338 4183 592 4260 Quemadmodum
616 4200 685 4242 vero
709 4182 784 4242 libro
808 4183 892 4241 tertio
916 4184 1039 4256 primum
1063 4180 1246 4269 harmonicas
1258 4188 1462 4258 proportiones
1485 4207 1570 4249 seor-

210 4273 266 4331 sim
288 4272 421 4348 singulas
445 4275 572 4332 eruimus
595 4273 692 4345 capite
714 4273 824 4346 primo,
855 4280 925 4327 tunc
954 4269 1070 4327 demum
1099 4270 1195 4343 capite
1217 4271 1346 4330 secundo
1380 4290 1431 4333 eas
1455 4293 1568 4348 omnes,
1642 4280 1644 4283 ’

100 4350 105 4372 ’
210 4370 357 4436 quotquot
374 4368 469 4432 erant,
495 4363 524 4418 in
547 4376 637 4416 uuum
660 4363 813 4416 commune
835 4363 965 4432 systema
986 4372 1038 4415 seu
1061 4355 1172 4415 scalam
1192 4360 1333 4417 musicam
1356 4367 1568 4439 compegimus,

210 4449 269 4506 imo
291 4450 390 4523 potius
415 4464 503 4506 unam
534 4463 632 4504 earum
657 4444 815 4523 diapason,
847 4461 924 4519 quae
954 4450 1064 4502 ceteras
1095 4450 1240 4518 potestate
1269 4446 1486 4523 complectitur,
1516 4471 1569 4529 par

209 4534 277 4594 illas
301 4545 411 4594 ceteras
435 4537 463 4592 in
486 4534 594 4612 gradus
617 4550 670 4592 seu
693 4532 758 4590 loca
774 4549 827 4590 sua
851 4532 1013 4603 divisimus,
1038 4547 1130 4606 eaque
1154 4548 1192 4602 re,
1221 4540 1254 4590 ut
1276 4534 1356 4592 acala
1378 4548 1470 4609 esset,
1495 4540 1568 4601 elie-

208 4624 316 4696 oimus,
351 4625 393 4681 sle
415 4639 493 4682 nunc
516 4637 654 4698 quoquo,
687 4622 813 4679 inventis
837 4619 1011 4691 harmoniis,
1043 4634 1117 4693 quas
1141 4619 1222 4677 Deus
1245 4623 1307 4697 ipse
1331 4624 1359 4678 iu
1383 4624 1493 4684 mundo
1518 4630 1567 4685 in-

207 4713 388 4789 corporavit,
412 4712 545 4785 sequitur
567 4716 601 4766 ut
622 4708 792 4780 videamus,
817 4708 951 4765 num-ita
973 4705 1106 4781 singulae
1129 4713 1207 4765 stent
1228 4710 1365 4782 seorsim,
1395 4721 1429 4770 ut
1452 4714 1565 4773 nullam

207 4814 274 4859 oum
297 4799 417 4873 reliquis
433 4800 638 4873 cognationem
661 4793 798 4868 habeant,
822 4812 860 4852 au
877 4809 947 4852 vero
963 4810 1063 4852 omues
1087 4794 1161 4854 inter
1175 4792 1209 4853 se'
1222 4798 1419 4864 consentiant,
1460 4799 1565 4875 Quan.

102 4883 154 4985 q
205 4903 294 4964 quam
310 4886 396 4945 facile
412 4893 457 4943 est
481 4885 528 4964 rel
543 4887 607 4943 sine
622 4882 753 4941 ulteriori
768 4879 958 4957 inquisitione
970 4880 1155 4953 concludere,
1177 4882 1344 4942 harmonias
1361 4887 1434 4945 istas
1446 4904 1565 4960 summo

210 4968 336 5033 comilio
359 4974 402 5032 sic
417 4974 543 5031 invicem
566 4974 683 5047 aptatas
706 4985 779 5043 esse,
804 4975 835 5026 ut
859 4972 935 5028 intra
957 4985 1044 5043 unam
1068 4967 1159 5026 veluti
1180 4984 1349 5046 compagem
1373 4987 1440 5033 seso
1462 4986 1565 5037 mutuo

204 5044 313 5132 ierant,
338 5075 392 5119 nec
414 5077 474 5119 una
496 5060 583 5119 aliam
608 5058 715 5131 elidat3
746 5059 854 5133 quippo
876 5069 949 5114 cum
965 5053 1140 5128 rideamus,
1166 5058 1196 5113 in
1219 5066 1278 5115 tam
1302 5058 1457 5136 multiplici
1481 5082 1564 5123 eorn-

204 5152 357 5223 paratione
379 5148 538 5207 eorundem
561 5136 748 5206 terminorum
771 5146 906 5218 nuspiam
929 5160 986 5200 non
1010 5160 1158 5202 occurrere
1174 5144 1350 5207 harmonias.
1396 5148 1462 5209 Nisi
1478 5155 1562 5211 -oriim

205 5250 306 5295 omnes
330 5236 466 5295 omnibus
491 5244 610 5311 aptatae
633 5241 731 5293 essent
754 5234 782 5289 in
805 5249 894 5289 unam
917 5230 1046 5299 scalam,
1070 5231 1155 5290 lacile
1178 5234 1240 5289 lieri
1262 5236 1408 5308 potuisset
1431 5232 1478 5318 (et
1497 5240 1563 5300 iac-

204 5328 266 5381 tum
297 5331 341 5383 est
363 5326 488 5399 passim,
519 5324 693 5383 necessitate
720 5321 764 5378 sic
794 5314 947 5400 urgente),
980 5326 1011 5376 ut
1039 5318 1136 5397 plures
1160 5318 1359 5381 dissonantiae
1391 5326 1562 5388 existerent.

205 5405 246 5470 Ut
266 5414 292 5470 si
315 5413 381 5486 quis
405 5413 480 5471 iuter
502 5413 626 5489 primum
650 5417 679 5469 et
700 5407 861 5467 secundnm
883 5407 1038 5466 terminum
1062 5408 1254 5466 constitueret
1274 5415 1388 5490 sextam
1408 5413 1560 5489 maJ'orem,

203 5498 277 5557 inter
299 5497 467 5557 secundum·
483 5506 512 5557 et
536 5501 652 5566 tertium
676 5496 790 5553 tertiam
813 5495 912 5554 itidem
936 5494 1095 5569 majorem·
1121 5498 1184 5553 stne
1207 5504 1340 5573 respectu
1363 5500 1486 5577 prioris,
1509 5502 1558 5562 hio

203 5584 278 5645 inter
291 5575 416 5662 primum
430 5596 459 5646 at
475 5589 591 5645 tertium
607 5585 772 5645 admitteret
786 5582 999 5642 dissonantiam
1014 5591 1044 5640 et
1058 5580 1244 5641 intervallum
1254 5584 1460 5646 inconcinnum
1479 5583 1521 5672 ¹²)

290 5676 355 5749 Age
377 5689 447 5733 varo
471 5672 633 5746 videamus,
656 5686 694 5731 an
718 5669 796 5743 quod
816 5669 879 5745 jam
901 5668 1104 5728 ratiocinando
1126 5668 1307 5747 collegimus,
1330 5672 1361 5733 id
1381 5676 1496 5754 reipsa
1517 5631 1561 5738 do
