3684 7259
801 1195 1040 1275 remancre.
1380 1282 1386 1295 ,
1527 1216 1590 1280 ιιι

246 1393 316 1442 tione
334 1407 438 1456 corpora
455 1397 508 1456 ejus
525 1395 685 1455 uuogmaru
702 1407 789 1443 souare
807 1394 915 1443 debeant
933 1407 988 1444 cum
1006 1395 1089 1457 planis
1107 1394 1212 1442 aliarum
1230 1391 1389 1460 specierum),
1408 1392 1546 1442 sedetiam
1565 1392 1591 1439 in
1609 1427 1611 1430 .

249 1477 355 1512 errorem
382 1467 539 1513 exsertiorem
558 1465 665 1513 incidere
682 1465 773 1525 gestiat
790 1466 971 1525 asseverando,
999 1470 1112 1528 tempora
1129 1477 1247 1514 sonorum
1264 1465 1398 1514 arbitraria
1416 1475 1470 1511 esse
1488 1466 1513 1510 et
1531 1476 1590 1524 cau-

247 1546 330 1582 sarum
348 1536 508 1598 inquisitione
527 1537 628 1584 minima
645 1536 761 1595 indigere.
797 1535 925 1600 ludigant,
950 1537 1067 1600 inquam,
1090 1536 1187 1595 ingenti
1205 1549 1334 1584 ιιιιιιιιιι
1352 1533 1530 1598 inquisitione,
1554 1532 1591 1579 uti

246 1605 347 1666 quidam
365 1620 394 1652 ex
414 1605 528 1665 diligenti
541 1605 724 1665 'triangulorum
742 1618 852 1654 meorum
870 1606 1044 1667 temporalium
1062 1605 1215 1666 inspectione
1232 1604 1355 1653 facillime
1367 1602 1507 1667 apparebit.

336 1708 378 1773 37)
397 1723 453 1771 pag.
474 1712 523 1757 titt
568 1709 637 1757 Haec
654 1710 743 1771 allegat
760 1709 895 1758 Jsmbiichi
913 1712 988 1759 verbe
1006 1710 1178 1759 Flnddiue:
1202 1711 1292 1758 Anima
1309 1711 1336 1758 iu
1355 1707 1448 1757 mundo
1470 1704 1591 1767 intelllgi-

205 1828 207 1831 ,
245 1780 291 1826 bili
314 1780 409 1827 audivit
434 1781 585 1827 harmoniam
609 1779 730 1844 divinam,
757 1783 829 1841 cujus
852 1781 893 1828 bic
911 1782 1093 1847 reminiscitur,
1119 1781 1217 1844 quando
1244 1779 1317 1829 audit
1334 1779 1456 1828 melodias
1474 1777 1593 1825 habentes

247 1849 345 1898 divinae
364 1851 508 1909 vestigium
535 1851 692 1897 reminiscens
710 1864 767 1898 vero
785 1850 816 1897 ad
835 1863 889 1897 eam
906 1851 1063 1900 vehementer
1086 1850 1206 1913 afficitur,
1230 1851 1252 1900 sl
1271 1855 1308 1898 est
1331 1851 1359 1898 in
1376 1861 1479 1897 numero
1497 1847 1593 1895 anima-

249 1933 327 1985 rum„
338 1934 401 1985 quae
420 1921 499 1980 ipsam
516 1920 658 1968 harmoniae
680 1920 761 1968 ideam
778 1920 912 1984 praecipua
931 1921 1110 1983 contemplatae
1129 1922 1230 1969 suntin
1248 1921 1337 1983 patria.

335 2022 378 2084 38)
402 2036 457 2087 pag.
476 2025 535 2073 tto.
571 2023 729 2073 Fluddiua
754 2021 790 2087 (iu
812 2023 1006 2091 Replicaticue)r
1032 2026 1087 2073 Nou
1110 2024 1170 2073 ludo
1193 2024 1413 2088 aequivocatione,
1438 2034 1495 2069 cum
1518 2024 1594 2067 tonus

248 2099 324 2155 atam
349 2096 421 2143 etiam
445 2090 602 2142 intervallum
622 2094 672 2141 aiut
694 2096 767 2142 ambo
791 2096 846 2143 acui
869 2102 895 2143 at
917 2095 950 2144 ad
968 2096 1075 2144 invitam
1098 2100 1248 2152 ιιιιοιιιι·
1272 2107 1332 2154 uam
1349 2094 1423 2141 aliter
1440 2098 1515 2140 tonus
1533 2102 1595 2137 aon-

248 2161 363 2211 sonantia
381 2179 430 2212 uon
450 2165 584 2226 diceretur,
603 2165 639 2212 sic
657 2169 731 2213 tonus
749 2178 804 2212 aum
822 2171 882 2213 ιοιι
905 2165 1042 2214 identidem
1059 2171 1157 2215 ιοιιιιιι.
1192 2164 1244 2212 Nec
1264 2161 1341 2224 arguo
1359 2177 1419 2228 egc,
1447 2174 1499 2211 esse
1516 2158 1594 2208 inter·

247 2231 307 2281 valli
326 2238 408 2295 specie
428 2234 590 2283 differentiam
613 2235 678 2281 inter
695 2241 781 2282 tonum
805 2239 830 2282 et
848 2240 949 2302 tonum,
976 2250 1031 2285 cum
1051 2235 1169 2297 dixerim,
1195 2236 1271 2282 unius
1289 2233 1395 2283 obcrdae
1418 2238 1504 2281 tonum
1523 2229 1595 2277 alteri

246 2306 415 2363 proportionis
433 2305 561 2352 identitate
580 2304 811 2367 correspondentem
834 2305 1008 2367 symphoniam
1026 2307 1173 2354 uuiacnam
1180 2305 1303 2369 effecisse,
1328 2304 1371 2353 sed
1389 2314 1504 2365 numero,
1528 2299 1595 2348 unde
1654 2308 1659 2320 ·

246 2373 382 2441 affirmavi,
406 2376 490 2436 ipsum
507 2388 559 2422 assa
577 2388 712 2422 consonum
729 2375 888 2425 intervallum
907 2389 957 2423 uuo
974 2380 1115 2441 respectu,
1127 2376 1185 2424 licet
1202 2375 1252 2423 alio
1270 2372 1383 2437 respectu
1405 2374 1439 2421 ιιι
1456 2371 1593 2424 dissonum

340 2475 384 2542 39)
402 2491 460 2539 ιιι.
478 2479 536 2526 tto.
572 2476 725 2526 Fluddiua
743 2474 847 2542 (ibid.):
869 2479 902 2527 Et
918 2478 1041 2541 profacto,
1065 2477 1188 2544 Joanurs,
1212 2480 1301 2541 tuqui
1322 2483 1372 2527 tam
1391 2482 1519 2541 ιιιιιιιιιι,
1544 2486 1595 2522 ιιι

250 2547 331 2595 dicam
350 2547 462 2596 misellus
481 2562 506 2596 as
524 2547 699 2611 philosophus,
726 2555 777 2595 tam
793 2551 882 2608 iugens
899 2550 1105 2610 mathematicus,
1129 2548 1190 2611 quid
1215 2550 1241 2597 in
1258 2549 1360 2598 uomina
1378 2547 1426 2595 Dei
1444 2546 1533 2596 creasti
1550 2547 1595 2592 tui

246 2617 335 2666 Scisue
353 2625 380 2665 tu
400 2632 425 2666 ra
443 2631 514 2679 vera,
537 2616 598 2681 quid
616 2618 649 2665 ιιι
667 2619 758 2665 erratio
777 2622 842 2668 etc?
878 2620 928 2667 Aut
949 2613 1090 2683 ιιιιιιίιι,
1115 2619 1177 2682 quid
1196 2620 1319 2668 liebertus
1337 2619 1433 2680 possiti
1468 2614 1595 2677 Quantum

246 2689 275 2735 iu
293 2702 351 2736 vera
369 2688 501 2735 creationis
519 2689 591 2749 praxi
610 2691 736 2735 vereatur?
770 2688 846 2736 Putas
864 2694 899 2738 tu.
919 2689 1049 2740 solentiam
1066 2691 1121 2749 eius
1139 2701 1192 2737 asse
1204 2689 1377 2750 imaginariam
1395 2692 1438 2735 ιιι
1455 2699 1523 2735 more
1542 2698 1595 2734 sua·

249 2758 327 2806 thesis
346 2758 456 2817 vulgaris
474 2759 608 2805 incertam?
643 2757 756 2821 Falleris,
776 2759 878 2821 falleris,
896 2759 1016 2820 Jcauusa,
1035 2764 1059 2807 st
1070 2763 1122 2807 tcta
1136 2759 1205 2814 cocio
1222 2763 1266 2807 tue
1285 2762 1387 2806 externo
1405 2769 1479 2820 erras,
1497 2754 1610 2804 tametsi

246 2827 405 2889 planetarum
429 2828 491 2874 situs
514 2836 645 2890 motusque
668 2828 824 2875 harmonicae
846 2835 872 2876 te
891 2829 921 2876 de
939 2830 1077 2892 longinquo
1100 2829 1250 2890 perspicillls
1268 2829 1319 2876 tuis
1344 2829 1434 2889 optlcis
1455 2826 1597 2889 perspicere

246 2898 335 2946 credis
373 2898 410 2945 Dc
438 2899 533 2944 interna
560 2898 667 2944 bominis
693 2903 776 2945 mente
803 2903 846 2946 aut
869 2899 1048 2947 occultioribus
1075 2899 1185 2960 ejusdem
1207 2900 1348 2947 actionibus
1372 2897 1484 2959 judicare
1506 2895 1595 2944 nescis.

251 2967 379 3015 Audacter
401 2980 459 3031 ergo
478 2967 567 3033 dicam,
592 2965 698 3029 quodsi
716 2966 826 3017 Joanues
845 2970 871 3017 lu
890 2983 937 3017 sua
954 2973 1007 3017 arte
1025 2972 1094 3024 ttuta
1111 2969 1201 3031 peritia
1224 2968 1370 3032 abundaret,
1396 2971 1491 3031 quanta
1507 2967 1533 3012 iu
1552 2975 1598 3013 sua

247 3037 384 3097 Robsrtur,
412 3039 437 3086 io
455 3038 550 3085 meliori
560 3005 595 3085 ιι
612 3036 710 3085 rectiori
728 3036 871 3086 harmoniae
889 3039 1029 3086 mundanae
1047 3042 1113 3087 statu
1131 3032 1269 3103 insisteret,
1296 3051 1371 3102 qnam
1390 3036 1472 3085 adhuc
1489 3035 1595 3097 exstitit,

249 3109 380 3171 fateorque
397 3121 437 3155 me
455 3108 480 3155 iu
500 3120 527 3155 ec
546 3108 672 3170 exultare,
696 3107 762 3167 quod
786 3121 840 3163 sum
859 3106 949 3168 dignus
972 3109 1035 3168 inter
1052 3105 1150 3169 ldcysas
1174 3107 1311 3170 discipulus
1332 3106 1470 3171 numerari,
1493 3106 1602 3165 ιιιιιιιι

247 3182 301 3225 arte
320 3177 479 3238 theosophiae
498 3183 522 3225 et
540 3175 712 3238 philosophica
731 3190 816 3226 omues
833 3178 897 3227 aliae
914 3177 1033 3227 scientiae
1051 3177 1201 3229 derivantur.
1237 3176 1320 3239 Quare
1337 3191 1369 3226 ne
1386 3177 1521 3242 exclames,
1544 3188 1596 3239 oro,

246 3254 336 3295 contra
354 3248 464 3295 homiues
482 3248 529 3294 tibi
548 3260 598 3295 non
616 3245 677 3294 adeo
696 3248 822 3313 cognitos,
840 3249 908 3309 ipsos
927 3246 1090 3310 philosophos
1107 3245 1218 3297 misellos
1236 3247 1363 3314 vocando,
1386 3262 1414 3295 ac
1432 3245 1454 3295 si
1471 3245 1596 3296 neminem

248 3318 298 3365 tibi
319 3316 507 3378 comparandum
527 3315 741 3366 conservasse
760 3317 874 3381 equidem
893 3324 918 3366 st
935 3319 1022 3382 fateor,
1041 3324 1066 3366 te
1083 3318 1147 3365 bene
1164 3323 1288 3366 versatum
1306 3319 1333 3366 iu
1349 3316 1522 3367 mathematica
1539 3315 1596 3362 vul-

247 3388 312 3449 gari,
332 3379 448 3434 collaudo
465 3387 626 3452 industriam,
653 3388 785 3447 magnifico
801 3388 978 3437 inventionem
1014 3387 1063 3438 Sed
1089 3382 1171 3436 tamen
1193 3388 1241 3436 boc
1266 3388 1294 3437 ιι
1311 3392 1357 3435 tua
1374 3386 1496 3460 acquisita
1517 3384 1597 3446 gloria
1641 3431 1644 3438 ,

249 3457 394 3504 ludaeorum
413 3464 451 3504 ast
467 3456 637 3522 sentiendum,
664 3457 733 3520 quod
750 3457 862 3506 homines
879 3458 928 3505 tibi
946 3459 1044 3519 ignotos
1062 3462 1090 3507 tu
1109 3458 1140 3505 da
1157 3458 1312 3518 ignorantiae
1330 3458 1432 3551 crimine
1454 3451 1506 3504 tam
1524 3454 1597 3504 facile

248 3525 413 3575 condemnare
431 3541 480 3575 nou
498 3528 613 3575 haesites

337 3632 379 3691 40)
399 3644 454 3691 pag
473 3633 532 3678 ιιι.
570 3629 724 3680 Fluddius
744 3633 782 3685 (iu
801 3633 946 3690 Discursul·
924 3638 946 3690 ).
965 3631 1039 3692 Quod
1057 3639 1140 3682 autam
1159 3632 1192 3681 ad
1210 3633 1321 3681 musicae
1338 3631 1452 3680 coelestis
1471 3643 1528 3679 cum
1546 3633 1596 3678 tar·

246 3714 308 3747 ιιιι
328 3714 472 3747 consensum
491 3702 593 3765 attinet,
619 3716 664 3749 nos
683 3717 739 3749 enm
758 3703 830 3751 docet
847 3704 965 3765 perfectio
983 3703 1044 3769 illa,
1063 3696 1177 3766 Apollini
1195 3703 1316 3750 attributa
1334 3699 1523 3764 cautilenaque,
1548 3712 1597 3761 qua

247 3770 388 3820 Mercurius
406 3769 530 3817 mediante
548 3769 631 3819 fistula
650 3773 742 3833 Argum
760 3778 926 3821 monstrosum
944 3785 1031 3821 somno
1050 3774 1169 3838 subjecit,
1189 3771 1327 3833 Medosque
1346 3770 1449 3833 pbysica
1466 3772 1597 3818 herbarum

248 3840 402 3900 symphonia
420 3839 550 3887 druconrm
569 3840 788 3901 vigilantissimum
807 3842 954 3905 consopivit.
990 3842 1039 3891 Sed
1057 3841 1202 3903 hujusmodi
1218 3842 1325 3891 musices
1342 3842 1438 3904 species
1456 3853 1507 3889 uon
1525 3840 1599 3888 datur

245 3911 395 3958 astronomis
414 3909 560 3969 vulgaribus
578 3910 718 3971 intelligere
737 3917 782 3960 stc.
802 3910 872 3979 (vide
890 3913 967 3974 praef.
987 3905 1042 3975 pag
1064 3914 1095 3960 it
1113 3913 1141 3961 iu
1159 3908 1250 3977 calca)
1313 3926 1316 3932 ·
1633 3919 1636 3925 '

333 4013 378 4074 tl)
396 4029 451 4077 pag
471 4017 528 4065 423
565 4014 719 4064 sinucius
739 4015 779 4083 (in
802 4014 1001 4099 Replicatlcne):
1034 4013 1109 4075 Quod
1130 4012 1255 4064 Robertua
1278 4027 1338 4063 voca
1360 3970 1489 4063 harmonia
1514 4018 1598 4062 utatur

245 4099 320 4133 aenan
345 4084 480 4144 latissimo,
506 4100 556 4133 nou
580 4088 712 4148 erubesco,
738 4100 794 4135 cum
812 4087 912 4135 uniam
936 4098 1071 4146 agnoscam
1095 4084 1182 4132 muudi
1200 4086 1312 4132 enimam
1338 4084 1432 4145 ubique
1454 4097 1596 4147 expansam,

246 4169 311 4218 quaa
331 4155 444 4214 chordam
463 4155 607 4203 harmoniae
626 4156 722 4219 muudi,
741 4170 805 4219 quae
823 4157 861 4212 eat
878 4156 982 4218 spiritus
1001 4153 1156 4215 universalis,
1174 4151 1272 4215 pulsare
1290 4154 1395 4213 videtur,
1413 4157 1484 4216 cujus
1501 4157 1596 4203 iustru-

245 4227 357 4273 mentum
376 4231 414 4272 cst
430 4227 484 4286 ipsa
501 4225 587 4273 mundi
606 4228 733 4285 corigeries
752 4228 875 4277 universa.
911 4225 967 4274 lton
979 4230 1016 4274 ιιι
1025 4225 1088 4273 mihi
1098 4238 1163 4273 error
1172 4222 1274 4289 aliquis,
1292 4224 1360 4287 quod
1373 4225 1437 4272 inter
1454 4234 1520 4274 artas
1533 4222 1596 4273 liba-

245 4293 311 4342 rales
321 4296 448 4357 musicam,
467 4293 525 4342 licet
537 4297 570 4343 sit
582 4309 652 4342 verae
670 4296 780 4343 musicae
789 4296 900 4345 formalis
912 4299 997 4343 cortex
1010 4299 1034 4342 et
1046 4296 1142 4353 umbra,
1160 4291 1342 4343 collocaverim.
1372 4292 1436 4356 Quis
1444 4299 1547 4344 n..rscts
1557 4293 1596 4343 af-

245 4367 365 4427 ilrmabit,
391 4366 512 4413 exteriora
535 4366 695 4414 interioribus
720 4379 772 4414 esse
796 4364 968 4429 praeferenda,
992 4370 1036 4412 aut
1057 4363 1280 4414 circumferentiam
1298 4369 1395 4426 contro,
1418 4369 1461 4412 aut
1479 4373 1598 4428 corporea
1666 4368 1670 4375 '

246 4435 436 4497 spiritualibus,
461 4441 504 4481 aut
523 4449 603 4482 crassa
622 4434 774 4483 subtilibus?
809 4435 864 4483 Non
883 4436 1014 4496 acquiesce
1032 4448 1078 4495 ego
1096 4435 1122 4482 in
1140 4433 1235 4483 musica
1252 4432 1378 4495 sensibili,
1400 4434 1450 4482 ιι
1442 4448 1468 4481 ιι
1487 4436 1596 4484 elemen-

246 4506 341 4552 taribus
360 4506 468 4568 omnmo,
489 4507 582 4569 qnippe
601 4506 626 4552 iu
644 4506 737 4572 quibus
755 4506 851 4553 habitat
868 4501 954 4553 forma
964 4502 1076 4567 pulsans,
1097 4510 1178 4553 tamen
1197 4504 1317 4553 musicam
1335 4502 1461 4553 formalem
1479 4502 1596 4553 formales

245 4580 270 4623 et
288 4577 397 4621 internos
416 4575 505 4622 babere
524 4588 606 4639 sonos,
624 4580 653 4622 ut
671 4576 826 4623 materialem
845 4578 968 4639 externos,
987 4574 1101 4625 dicimus.
1136 4573 1200 4623 liam
1218 4569 1271 4621 alia
1288 4578 1327 4622 est
1343 4588 1392 4621 voa
1411 4574 1522 4639 spiritus,
1541 4574 1595 4621 alia

245 4645 364 4706 eorporis,
383 4644 434 4691 alia
451 4645 505 4707 Dei,
533 4643 586 4692 alia
604 4645 684 4705 angeli
703 4650 728 4693 at
745 4646 796 4692 alla
813 4644 930 4694 bominis.
967 4643 996 4691 ln
1015 4643 1062 4692 hcc
1080 4657 1126 4692 uec
1144 4658 1159 4692 a
1176 4643 1319 4692 Jamblichc
1336 4656 1406 4700 meo,
1429 4655 1476 4692 nec
1492 4643 1596 4713 quidem

245 4728 262 4763 a
288 4714 422 4774 scriptoria
448 4715 524 4762 sacris
548 4713 639 4763 distare
661 4714 755 4766 videor.
791 4714 922 4762 Rationem
945 4713 1177 4762 concordantiamm
1202 4718 1227 4761 et
1251 4713 1475 4762 discordantiarurn
1498 4707 1597 4762 ridebit
1623 4760 1625 4764 .

244 4784 333 4846 (spero)
353 4784 502 4832 mundusiu
476 4790 648 4845 mpcstarum
666 4798 706 4833 ms
717 4798 768 4833 uon
781 4784 840 4847 pius
853 4785 972 4844 ignorare,
990 4797 1065 4848 qaam
1077 4798 1161 4846 ipsum
1173 4783 1304 4845 Josunem
1322 4783 1392 4832 ιιι
1385 4795 1411 4831 ιι
1424 4779 1543 4836 Platonis
1549 4788 1595 4831 etc
1672 4826 1677 4837 ,
1714 4833 1719 4843 ,

244 4855 374 4906 harmonia
396 4855 477 4901 minus
502 4860 635 4902 versatum.
670 4853 780 4902 Eandem
803 4854 924 4902 musicam
950 4867 976 4902 re
993 4867 1053 4904 vera
1077 4855 1103 4902 lu
1121 4850 1238 4904 omnibus
1257 4852 1329 4916 dico,
1354 4857 1383 4901 ut
1406 4852 1492 4902 eadem
1511 4854 1596 4911 anima

243 4924 331 4973 mundi
349 4924 494 4984 generaliter
511 4922 649 4987 loquendo:
673 4928 699 4971 at
716 4926 778 4991 scis,
801 4923 867 4988 quod
887 4937 960 4971 vocas
979 4928 1023 4971 aut
1049 4924 1104 4973 soni
1122 4925 1229 4974 eduntur
1253 4922 1345 4973 diversi
1368 4923 1504 4986 secundum
1522 4927 1594 4972 actus

243 4996 341 5053 ιιιιιιι
359 4996 543 5075 proportionem
566 4995 593 5041 ιι
611 4995 733 5057 patiente,
758 5000 787 5043 ut
810 4994 876 5042 idem
898 4995 964 5041 lctus
988 4993 1111 5042 diversum
1136 5008 1224 5043 sonum
1248 4992 1309 5041 fault
1332 4994 1357 5041 in
1382 5005 1471 5055 cupro,
1494 4997 1593 5053 stanno,

244 5062 348 5125 plumbo
367 5065 416 5111 ιι
408 5077 435 5111 ιιι
452 5069 525 5127 terra,
543 5070 569 5111 ιι
587 5078 644 5111 varo
666 5065 692 5111 lu
716 5067 774 5113 aire
795 5065 838 5112 vir
861 5063 971 5114 auditur
1006 5063 1083 5113 Porro
1102 5065 1178 5114 etiam
1204 5064 1276 5112 fertis
1306 5065 1371 5113 ictus
1394 5061 1521 5112 fortiorem
1551 5063 1596 5111 dat

244 5148 334 5182 acuum
362 5135 389 5181 in
418 5133 503 5181 eodem
521 5135 648 5197 subiecto,
673 5132 781 5183 debilior
798 5131 958 5197 debiliorem,
983 5134 1062 5195 magis
1077 5135 1144 5184 euim
1163 5132 1282 5183 obediens
1299 5123 1403 5195 spiritus
1428 5133 1546 5183 leviorem
1570 5141 1596 5182 et

247 5205 330 5263 magis
344 5203 516 5252 insensibilem
533 5203 616 5252 reddit
632 5217 729 5267 sonum,
749 5205 784 5253 ita
801 5209 831 5252 ιιι
841 5202 980 5265 corporalia
992 5203 1172 5266 corporalibus.
1190 5202 1331 5264 spirltualta
1342 5199 1516 5265 spiritualibus
1528 5206 1595 5252 rorte

245 5275 403 5321 conveniant.
439 5273 525 5322 Omnis
543 5275 641 5322 musica
657 5275 773 5322 consistit
790 5288 821 5322 ex
838 5275 916 5334 acuis,
933 5271 994 5322 licet
1010 5271 1057 5321 alii
1074 5274 1127 5322 sint
1143 5273 1288 5339 sensibiles,
1307 5273 1353 5322 alii
1371 5286 1429 5334 varo
1447 5273 1531 5323 sensui
1547 5286 1593 5321 ue-

244 5357 372 5408 quaqucm
391 5344 504 5401 subiecti.
540 5344 572 5391 Et
589 5344 702 5407 quamvis
721 5344 863 5406 concedam,
883 5343 928 5391 has
946 5355 1018 5391 rocas
1036 5343 1217 5391 mathematicis
1229 5342 1433 5405 proportionibus
1453 5344 1513 5398 satis
1531 5343 1594 5391 brus

197 5424 200 5432 ·
244 5412 409 5462 demonstrari
434 5427 519 5475 posse,
543 5419 627 5461 ιιιιιιι
649 5411 710 5461 talis
731 5414 852 5461 iudicatio
876 5416 914 5461 sat
939 5412 1019 5472 ιιιςιι
1038 5413 1183 5474 analogica,
1209 5412 1346 5474 symbolica
1371 5419 1397 5462 ιι
1413 5412 1593 5477 accidenttalls,

244 5495 331 5547 quam
339 5483 572 5546 estillapirysica,
595 5484 748 5548 incuteres
766 5486 820 5544 lpse
842 5484 869 5531 iu
887 5487 1050 5542 amusium,
1073 5487 1149 5545 prout
1171 5486 1222 5546 est,
1248 5481 1402 5546 explicatur,
1428 5495 1484 5532 cum
1496 5481 1594 5534 natura

243 5555 278 5602 sit
293 5567 355 5603 suae
372 5560 474 5601 naturae
492 5554 687 5617 propterquam
704 5552 801 5619 aliena,
827 5561 865 5603 et
869 5552 932 5602 reali
949 5552 1090 5602 substantia
1108 5552 1190 5613 magis
1206 5564 1281 5617 quam
1303 5552 1458 5615 imaginariis
1475 5549 1592 5604 assiden-

238 5624 312 5673 tibus
330 5623 442 5673 laetetur.
