3684 7259
293 1221 353 1281 112
732 1220 773 1275 De
789 1219 949 1290 Figuramm
970 1219 1191 1278 Harmonicarum

288 1389 390 1452 tricem,
409 1390 504 1458 halica,
523 1391 710 1446 couchoidea?
739 1393 802 1463 lpse
819 1395 927 1464 quidem
941 1396 1101 1464 Campanus,
1114 1397 1296 1452 triaectiouem
1315 1402 1432 1465 tentans,
1449 1413 1503 1452 uon
1519 1397 1638 1453 animad-

288 1471 383 1535 vertit,
406 1485 436 1523 se.
454 1485 561 1526 sumere
578 1472 687 1526 tertiam
712 1474 803 1541 anguli
822 1486 926 1544 partem
947 1474 1029 1529 veluti
1043 1476 1100 1543 jam
1115 1484 1232 1534 certam.
1261 1491 1330 1545 quae
1349 1484 1407 1531 erat
1431 1475 1538 1531 demum
1556 1493 1639 1548 quae·

288 1544 616 1682 ffimssffitlssrcus
637 1550 665 1605 in
682 1567 745 1606 meo
763 1552 911 1622 exemplari
935 1555 969 1608 ad
994 1555 1074 1609 linem
1099 1557 1188 1625 operis
1207 1555 1330 1611 Euclidei
1347 1556 1396 1611 iol.
1415 1558 1475 1614 586.
1501 1557 1639 1624 pertinens

450 1644 458 1680 ι
560 1671 565 1682 .

340 1713 344 1720 ’
374 1702 545 1761 Jordanua
563 1709 700 1764 Bruuus
722 1710 845 1767 Nolanus
872 1713 899 1766 iu
923 1712 1063 1780 sexanguli
1082 1712 1233 1766 ABGDEF·
1254 1713 1381 1781 opposita
1398 1713 1485 1768 latera
1509 1715 1567 1772 Bc.
1590 1715 1638 1769 EF

422 1838 464 1888 m
485 1836 511 1879 ¹9
650 1789 810 1844 continuata
832 1792 960 1859 utrinque
982 1791 1057 1846 ducit
1081 1790 1320 1860 perpendiculares
1341 1791 1406 1859 GH,
1433 1791 1485 1859 lli,
1509 1792 1639 1847 clrculum

465 1866 471 1876 '
512 1870 519 1881 ‘
650 1867 677 1921 in
697 1869 729 1935 A,
749 1869 771 1921 o
791 1871 997 1937 contIngeutes3
1022 1869 1104 1946 ducta
1123 1870 1206 1938 igitur
1228 1871 1293 1925 iacti
1311 1871 1559 1939 parallelogrammi
1583 1871 1639 1926 dia·

647 1948 727 2014 gonio
745 1947 800 2002 Ill.
818 1948 948 2001 clrculum
967 1949 1085 2017 putabat
1104 1951 1189 2003 secari
1210 1950 1264 2018 sic,
1291 1959 1324 2004 ut
1341 1952 1413 2004 inter
1431 1954 1473 2016 A,
1495 1952 1521 2006 D
1537 1947 1640 2020 puncta

647 2033 820 2080 contactuum
843 2034 871 2080 et
894 2028 1030 2081 sectiones
1047 2029 1087 2094 N,
1115 2031 1141 2082 ll
1175 2030 1293 2084 canunt
1317 2045 1405 2086 nonae
1431 2036 1523 2099 partes
1546 2029 1640 2084 cinnii

446 2149 448 2157 .
648 2104 705 2171 AN,
725 2104 786 2158 nu.
818 2106 901 2174 Atqui
914 2104 1118 2161 demonstratur
1132 2124 1166 2161 ex
1180 2109 1382 2180 diagrammate,
1402 2109 1474 2179 quod
1487 2125 1548 2180 cum
1561 2111 1639 2164 semi-

444 2173 449 2258 3'
647 2182 764 2251 diagouii
783 2182 854 2252 illias
873 2183 923 2235 LII
942 2183 1103 2253 quadratum
1123 2188 1160 2240 sit
1177 2187 1300 2255 effabile,
1323 2190 1380 2244 scil.
1400 2190 1433 2260 ᾗ
1452 2188 1486 2243 de
1504 2189 1638 2259 quadrato
1748 2245 1752 2251 ,

444 2278 466 2329 ,u
647 2260 770 2315 diametri
787 2263 839 2328 (est
857 2261 928 2314 enirn
948 2262 1020 2314 ΑΒΗ
1034 2265 1092 2318 60⁰.
1113 2281 1177 2334 ergo
1204 2268 1253 2320 ΒΗ
1273 2268 1393 2323 semissis
1412 2269 1446 2322 de
1458 2269 1507 2322 AB
1524 2270 1567 2323 rel
1580 2269 1636 2335 AL,

444 2351 447 2394 :
565 2385 568 2408 ,
648 2342 756 2408 atejus
778 2342 901 2409 potentiis
925 2342 1006 2410 Igitur
1025 2345 1161 2409 quadrans
1189 2343 1222 2399 de
1252 2348 1376 2415 potentia
1396 2349 1459 2414 AL,
1489 2349 1572 2416 igitur
1588 2348 1639 2402 All

308 2414 360 2484 ῑχ-
377 2473 395 2498 ,Ι
444 2441 447 2488 ς
503 2418 585 2510 suff
647 2419 768 2487 potentia
789 2417 907 2473 dodrans
933 2418 967 2472 de
991 2423 1114 2488 potentia
1139 2423 1198 2477 AL.
1238 2425 1292 2478 Sed
1316 2417 1438 2494 potentIa
1461 2427 1512 2481 LII
1540 2435 1640 2495 aequat

304 2477 591 2596 *IQQK
646 2499 782 2568 potentias
802 2499 863 2561 LA,
883 2498 954 2564 Alit,
973 2499 1049 2551 siuns
1068 2501 1150 2568 igitur
1167 2503 1297 2569 graduum
1315 2505 1363 2574 dd,
1387 2506 1438 2560 lroc
1456 2514 1498 2561 est
1530 2504 1639 2560 dimidia

438 2569 471 2642 ⁰,
646 2577 775 2633 subtensa
798 2576 910 2640 duarum
935 2592 1065 2631 nonarum
1092 2580 1203 2648 circuli,
1228 2586 1339 2639 tuturus
1357 2584 1439 2639 fuerit
1460 2585 1574 2640 effabilis
1592 2601 1639 2654 po-

287 2662 388 2732 tentia,
414 2662 519 2718 scilicet
536 2661 614 2716 radix
640 2659 674 2714 de
692 2659 723 2727 ξ,
745 2655 869 2725 quadrati
894 2655 1024 2710 diametri.
1060 2657 1185 2712 Demissa
1212 2662 1282 2713 enim
1300 2664 1519 2732 perpendiculari
1536 2664 1583 2718 AO
1605 2680 1638 2717 ex

288 2742 352 2797 diu
364 2742 423 2809 LII,
441 2742 493 2796 erit
512 2740 582 2796 sicat
594 2738 645 2793 LII
663 2736 792 2806 potentia,
815 2736 853 2806 ff„
872 2735 905 2787 ad
921 2734 969 2786 ΗΑ
980 2735 1138 2804 potentiam,
1158 2738 1200 2808 ἦ,
1220 2740 1259 2793 sic
1271 2742 1318 2796 LA
1333 2742 1464 2809 potentia,
1485 2741 1524 2813 ἡ,
1544 2742 1578 2796 ad
1592 2742 1638 2795 ΑΟ

288 2821 444 2890 potentiam,
468 2820 497 2889 Ψ
516 2818 550 2874 de
572 2816 658 2890 ,¹„id
677 2823 719 2869 est
737 2814 769 2882 ἦ
781 2815 823 2880 ¹¹).
861 2815 902 2866 Ita
919 2813 988 2867 llaec
1005 2815 1198 2881 nonangnlaris
1216 2820 1308 2887 anguli
1325 2815 1456 2875 subte'usa
1473 2829 1546 2876 esset
1564 2823 1639 2876 nobi·

287 2899 339 2954 lior
356 2898 491 2969 aliquibus
511 2896 666 2966 praemissis
686 2902 713 2949 at
731 2892 933 2948 communicans
951 2892 996 2956 ils,
1022 2909 1083 2947 cum
1102 2903 1192 2951 mmeu
1211 2898 1246 2952 sit
1265 2915 1378 2954 numero
1402 2900 1516 2954 laterum
1535 2897 1638 2967 impari.

289 2977 392 3033 scdket
410 2993 521 3032 numero
540 2975 639 3044 aliquo,
658 2973 737 3042 primi
755 2974 771 3027 3
790 2971 929 3041 quadrato,
950 2971 1016 3025 nihil
1036 2976 1237 3031 eommunIcans
1256 2995 1317 3033 cum
1328 2985 1472 3048 tetragono
1492 2985 1519 3032 et
1531 2979 1638 3046 trigono

289 3073 338 3127 per
355 3056 530 3112 bisectlonem
549 3070 669 3122 arcuum,
688 3059 801 3130 quarum
819 3050 966 3120 figurarum
984 3053 1112 3119 proprius
1131 3062 1173 3109 est
1191 3054 1236 3111 bic
1254 3057 1403 3112 uobssitatia
1421 3056 1530 3125 gradus.

375 3164 519 3224 XLVIII.
543 3162 805 3222 Corollarin'm.¹
847 3160 986 3237 Sequitur
1008 3165 1104 3239 igitur,
1127 3166 1264 3238 notionis,
1288 3168 1436 3238 solentiac,
1461 3164 1637 3224 determina-

289 3255 390 3326 tionis,
422 3252 624 3328 descriptionis
648 3258 677 3309 et
699 3248 955 3312 demonstrationis
985 3258 1079 3309 metas
1108 3255 1184 3310 Intra
1213 3255 1322 3329 primos
1345 3254 1499 3329 tigrnarum
1522 3252 1638 3311 ordines

289 3343 460 3401 consistere:
485 3348 517 3414 ut
538 3341 597 3399 sint
620 3336 730 3396 classes
753 3336 909 3411 figurarum
933 3337 1078 3396 scibilium
1106 3355 1163 3397 non
1182 3339 1279 3416 plures
1309 3357 1398 3416 quam
1414 3349 1556 3416 quatuor:
1580 3349 1639 3399 tres

288 3431 420 3512 proprias
435 3427 697 3486 demonstrationes
713 3425 892 3487 habentium.
915 3426 1067 3499 inquibus
1084 3429 1182 3503 capita
1203 3437 1270 3488 aurit
1285 3428 1470 3501 familiarum,
1493 3430 1523 3486 iu
1545 3413 1639 3504 pritua

289 3524 475 3593 tetragonus,
508 3506 576 3591 po'st
598 3512 770 3572 dlametrum
794 3510 905 3583 clrculi,
939 3512 1022 3587 cujus
1053 3512 1203 3574 character
1231 3533 1367 3576 uumerus
1392 3518 1427 3588 2,
1458 3519 1487 3574 iu
1509 3516 1639 3574 secunda

285 3606 430 3681 'trigonus
455 3602 538 3679 cujus
554 3601 710 3661 character
732 3601 761 3671 3,
784 3602 813 3656 iu
837 3604 922 3657 tertia
944 3607 1136 3675 pentagonus,
1160 3603 1325 3662 charactere
1350 3605 1384 3676 53
1408 3621 1467 3661 una
1488 3620 1558 3663 vero
1582 3606 1639 3661 im-

289 3694 471 3769 propriarum
500 3689 795 3759 demonstrationum,
825 3687 908 3761 cujus
942 3704 1077 3746 trumerus
1108 3698 1151 3747 est
1183 3689 1334 3766 multiplex
1369 3690 1490 3750 duorum
1514 3693 1533 3749 ³
1556 3698 1588 3750 ct
1610 3692 1638 3762 5,

289 3780 402 3839 scilicet
428 3780 481 3838 15:
505 3780 597 3854 prima
620 3778 697 3834 enlm
719 3774 784 3849 ejus
808 3773 910 3832 classis
933 3773 1025 3849 figura
1049 3785 1094 3834 est
1115 3778 1439 3853 pentelraedecagonus.

375 3891 492 3952 XLIX.
516 3891 741 3965 Propositio.
788 3887 861 3945 Cum
890 3895 989 3947 autern
1020 3889 1141 3948 bisectio
1172 3886 1247 3970 (qua
1275 3895 1391 3969 propria
1420 3894 1510 3951 utitur
1538 3890 1640 3950 classis

289 3975 399 4061 prima)
423 3980 584 4039 communis
598 3980 646 4035 sit
668 3984 727 4034 tarn
743 3975 994 4050 secundaequam
1010 3979 1113 4035 tertiae
1136 3976 1231 4050 classi,
1260 3987 1351 4055 patet,
1375 3979 1434 4038 alio
1454 3980 1519 4055 jure
1535 3977 1640 4055 degere

290 4066 412 4127 classem
436 4070 568 4143 priunum,
592 4064 651 4123 alio
675 4062 912 4138 duasrcliquas:
938 4063 978 4121 ita
1001 4071 1033 4121 nt
1054 4065 1148 4140 prima
1160 4066 1382 4126 tamillaritatem
1398 4066 1507 4126 lrabeat
1529 4065 1566 4124 ad
1590 4073 1639 4125 ut-

290 4171 410 4231 ramque
431 4153 617 4229 reliquarum,
649 4157 679 4209 at
708 4151 776 4209 illae
805 4150 1029 4224 figurationibus
1058 4160 1158 4211 contra
1188 4170 1219 4212 se
1249 4153 1478 4230 distinguuntur,
1506 4154 1580 4213 adeo
1609 4163 1640 4212 ut

290 4259 403 4317 earum,
435 4259 511 4318 quae
532 4240 665 4317 proprias
688 4236 950 4298 demonstrationes
973 4236 1095 4313 habent,
1126 4239 1341 4328 quodammodo
1364 4242 1423 4300 duo
1446 4249 1558 4300 tanturn
1582 4244 1640 4300 sint

288 4347 406 4407 genera.

310 4495 312 4500 ¹
375 4431 445 4487 Nam
464 4435 621 4497 tetragonus
641 4432 668 4481 et
685 4432 837 4497 octogonus
856 4424 947 4482 statim
970 4439 999 4484 se
1018 4426 1096 4494 quusi
1113 4431 1186 4482 totas
1204 4426 1351 4495 triqouicae
1375 4433 1465 4482 sectae
1491 4427 1638 4497 applicant,

289 4512 353 4583 quia
369 4511 433 4581 pars
452 4507 545 4565 circuli
564 4514 643 4562 sexta
660 4515 688 4561 et
706 4504 866 4562 duodecIma
879 4505 993 4573 junctae
1011 4505 1114 4560 iaciunt
1132 4515 1268 4575 quartam,
1291 4522 1354 4576 pars
1373 4505 1531 4562 duodecIma
1554 4515 1584 4562 et
1601 4508 1639 4562 ni·

289 4590 389 4646 coelura
415 4595 511 4660 quarta
534 4587 704 4659 compositae
722 4585 824 4641 iaciunt
849 4592 954 4655 partam
980 4592 1109 4639 octauam.
1147 4584 1184 4638 Et
1205 4592 1363 4653 tetragonus
1391 4600 1421 4638 se
1443 4583 1639 4654 pentaqouicae

288 4677 380 4726 sectae
398 4667 595 4737 quadamtenus
613 4665 806 4730 accommodat,
826 4665 889 4732 quia
911 4663 1006 4734 quinta
1024 4663 1118 4718 clrculi
1135 4681 1207 4733 pars,
1227 4664 1318 4720 additu
1329 4664 1480 4729 sicesImae,
1499 4663 1640 4718 constituit

288 4754 393 4818 partem
411 4752 542 4817 quartam.
579 4746 670 4801 Causa
692 4752 747 4813 est,
772 4744 835 4813 qnia
851 4745 956 4800 numeri
975 4745 990 4800 3
1010 4752 1037 4799 et
1055 4747 1070 4798 b
1089 4743 1169 4797 dividi
1189 4749 1304 4812 possunt
1326 4741 1353 4796 iu
1376 4749 1504 4798 numeros¹
1526 4759 1638 4812 propor-

288 4826 370 4883 ti0uis
388 4824 515 4880 continue
533 4823 644 4894 duplae:
664 4840 724 4879 uam
743 4829 835 4892 partes
854 4824 939 4892 ipsius
959 4825 974 4877 3
993 4831 1056 4879 sunt
1077 4827 1098 4890 l,
1118 4824 1142 4891 2,
1161 4830 1253 4892 partes
1272 4822 1358 4891 ipsius
1377 4825 1392 4877 5
1411 4823 1511 4889 suntI,
1530 4821 1555 4875 4.
1587 4821 1638 4874 Ta·

288 4903 322 4960 lit
340 4919 404 4958 rero
422 4904 573 4959 commuuio
591 4920 646 4958 nou
664 4911 706 4957 est
724 4905 795 4958 inter
813 4902 914 4957 classes
933 4903 1077 4958 ternariam
1097 4907 1123 4953 et
1141 4900 1298 4969 quinariam.
1334 4900 1403 4955 Nam
1422 4900 1473 4954 etsi
1486 4907 1564 4952 sexta
1576 4915 1640 4967 pars

288 4982 382 5040 emuli
401 4981 493 5037 addita
510 4980 663 5037 tricesimae
681 4980 822 5036 constituit
840 4982 973 5051 quintam,
999 4987 1027 5035 at
1045 4978 1181 5033 tricesima
1200 4986 1242 5034 est
1260 4978 1355 5033 classis
1380 4977 1635 5049 pentelrbedecago»

289 5062 374 5133 nicae,
394 5076 463 5132 quae
481 5077 534 5116 nou
553 5060 636 5118 babet
652 5060 789 5130 propriam
808 5059 1088 5124 demonstratIonema
1110 5057 1214 5111 Eodem
1240 5056 1319 5111 modo
1343 5058 1447 5113 decima
1469 5056 1562 5112 circuli
1592 5058 1637 5111 ad-

289 5139 347 5197 dita
362 5140 548 5211 quindecimae
571 5144 646 5207 (ecce
671 5138 862 5193 admixtionem
891 5137 986 5192 classIs
1010 5144 1134 5208 quartae)
1161 5138 1264 5191 faciunt
1281 5144 1394 5193 sextam.
1430 5137 1546 5205 Propter
1567 5135 1639 5188 banc

288 5218 447 5275 dualitatem
465 5234 593 5289 generum
611 5217 716 5272 numeri
734 5215 947 5271 characteristici
965 5222 1041 5282 sunt,
1061 5216 1088 5268 in
1106 5216 1193 5283 prImo
1214 5215 1254 5284 12,
1281 5216 1308 5270 in
1327 5215 1445 5271 secundo
1461 5215 1496 5270 20
1518 5214 1560 5268 vel
1580 5213 1638 5281 ejus

289 5297 428 5354 dimidium
445 5300 487 5353 10.
523 5300 599 5353 Haec
617 5297 699 5366 igitur
716 5297 786 5351 infra
804 5296 863 5350 libr.
883 5296 931 5349 ΙΙΙ.
951 5293 1096 5349 referenda
1114 5302 1141 5349 et
1158 5294 1337 5349 adscribenda
1354 5301 1418 5350 sunt
1437 5292 1472 5348 ad
1490 5293 1638 5347 dIstiuctio·

288 5391 351 5434 nem
369 5392 497 5445 generum
513 5382 618 5433 cautus.

375 5479 409 5538 1..
434 5479 669 5556 Comparatio
692 5477 893 5553 ilgurarum
917 5492 979 5533 seu
1003 5472 1224 5533 divisionum
1246 5473 1382 5534 circuli.
1420 5472 1533 5531 Primae
1556 5481 1638 5532 tenet

290 5565 443 5639 diameter3
471 5572 517 5625 est
542 5566 620 5625 euim
649 5565 773 5623 effabilis
802 5561 1006 5639 longitudlne.'
1039 5560 1202 5621 Secundum
1237 5570 1281 5621 est
1309 5562 1387 5621 latus
1415 5560 1637 5636 hexagouicum,

289 5653 414 5733 aequale
436 5651 650 5715 semidiametro
673 5660 702 5711 et
723 5655 765 5711 sic
789 5650 903 5711 ctiabile
926 5647 1117 5725 longitudine.
1162 5650 1263 5736 Tertio
1278 5649 1344 5711 loco
1366 5656 1445 5709 stant
1467 5655 1637 5725 tetragonus
