3684 7259
743 1199 1088 1273 Qmmm.
1404 1197 1588 1284 „m

328 1377 403 1432 Haec
429 1378 464 1432 ud
482 1375 664 1432 Ptolemaicae
691 1376 880 1446 philosophiae
907 1376 981 1431 filum
1009 1376 1121 1444 educta,
1148 1382 1284 1444 utcunque
1307 1374 1431 1442 jncunda
1454 1372 1591 1430 attonsae

241 1455 322 1510 etiam
350 1457 423 1514 utilis
449 1459 479 1511 in
504 1457 651 1525 astrologia
678 1456 872 1524 consideratio,
898 1457 965 1511 nihil
983 1466 1074 1511 tamen
1097 1455 1226 1510 attineret
1243 1454 1485 1510 conformationem
1502 1454 1589 1524 ip‘sina

242 1534 378 1664 miseni,
406 1535 454 1591 sed
482 1535 678 1603 intelligeretur
703 1544 809 1590 tanturn
835 1535 1038 1604 comparatione
1062 1534 1167 1591 zodiaci
1194 1533 1363 1616 apparentis.
1376 1539 1404 1587 ot
1422 1549 1512 1589 rernm
1529 1531 1592 1590 sub·'

254 1625 385 1667 unaarum.
1020 1635 1024 1644 ·

330 1702 402 1762 Not'a
420 1709 469 1763 ΠΙ.
505 1710 608 1779 Negat,
636 1710 795 1786 transitione
823 1713 857 1768 de
883 1718 950 1766 tono
977 1712 1005 1765 in
1028 1718 1122 1766 tonum
1147 1709 1256 1765 manniri
1274 1708 1307 1765 de
1334 1723 1433 1778 genere
1450 1708 1479 1762 in
1497 1722 1594 1777 genua

243 1788 312 1841 Mihi
331 1796 426 1842 cantus
444 1789 497 1843 ista
516 1805 616 1858 genem
634 1798 698 1843 sunt
716 1788 883 1846 differentiae
901 1797 1042 1858 tenorum,
1060 1790 1153 1858 itaque
1171 1788 1236 1843 mihi
1253 1788 1388 1845 interdum
1406 1787 1519 1843 mutabo
1537 1788 1594 1843 toni

245 1874 332 1921 mutat
350 1885 444 1937 genna,
465 1877 494 1923 ut
512 1885 595 1938 supra
612 1869 748 1945 annotari.

331 1963 404 2017 Nota
421 1963 467 2017 lV.
505 1963 583 2030 Quod
602 1971 695 2033 negat,
722 1967 826 2035 percipi
845 1967 1000 2021 sensibilem
1026 1966 1246 2036 inaequalitatem
1271 1980 1399 2019 cursuum
1422 1966 1534 2032 propter
1552 1976 1594 2016 sc·

245 2041 382 2096 cessiones
400 2040 428 2094 in
446 2040 542 2106 latum,
560 2042 587 2096 id
607 2042 740 2111 duplicem
758 2054 850 2113 potest
867 2046 969 2101 habere
987 2063 1105 2102 sensum.
1141 2045 1220 2100 Prior
1237 2042 1281 2099 bic
1299 2049 1355 2110 est,
1375 2040 1448 2097 verbi
1467 2054 1550 2095 cansa
1567 2041 1595 2093 in
1660 2105 1664 2110 ⁴

244 2120 337 2181 Luna,
356 2121 433 2189 eujus
453 2121 576 2191 evagatio
594 2121 621 2175 iu
640 2124 725 2176 latum
740 2132 783 2178 est
801 2125 851 2193 5⁰;
880 2133 992 2194 propter
1009 2126 1081 2181 hanc
1098 2124 1143 2194 fit,
1172 2130 1203 2177 ut
1220 2122 1302 2177 certis
1320 2121 1388 2176 locis
1406 2120 1483 2175 locus
1501 2118 1595 2173 Lunae

244 2199 277 2253 7⁴
295 2201 321 2254 in
341 2201 465 2269 ecliptica
491 2204 527 2257 sit
552 2201 704 2271 promotior
729 2202 770 2256 rel
796 2204 923 2259 anterior.
960 2206 1012 2259 Hic
1030 2221 1085 2259 non
1103 2209 1145 2259 est
1162 2209 1243 2271 aptus
1257 2201 1320 2254 huic
1337 2199 1398 2254 loeo
1418 2211 1524 2264 sensns,
1542 2213 1596 2251 non

245 2279 302 2348 agit
319 2295 415 2349 nempe
434 2282 477 2336 hic
497 2283 530 2336 de
548 2292 622 2337 motu
641 2282 791 2338 latitudinis
811 2282 979 2350 singulorum
997 2283 1117 2353 proprio,
1136 2282 1185 2336 sed
1204 2280 1237 2335 de
1257 2278 1407 2334 deflexione
1426 2275 1544 2331 omnium
1562 2274 1596 2329 ab

246 2368 404 2429 aequatura,
424 2370 451 2415 et
469 2379 565 2417 sensus
584 2371 626 2418 est
643 2362 743 2430 venor,
770 2364 842 2417 inter
860 2364 941 2418 nnius
959 2363 1087 2437 planetae
1105 2359 1219 2417 circulos
1237 2357 1384 2430 parallelos
1403 2356 1517 2411 duorum
1535 2370 1596 2423 pro-

247 2436 387 2508 ximorum,
407 2458 476 2510 quos
495 2443 597 2496 habent
614 2442 655 2497 illi
671 2442 699 2495 in
717 2443 804 2511 primo
822 2449 911 2511 motu,
930 2458 984 2497 non
1004 2454 1064 2497 esse
1083 2453 1166 2497 sensu
1183 2435 1386 2508 perceptibilem
1405 2433 1596 2488 diversitatem.

333 2536 406 2594 Nota
424 2539 455 2592 V.
492 2538 666 2594 Ptolemaeus
685 2555 718 2592 ne
736 2539 875 2594 zodiacum
898 2538 1007 2608 quidem
1030 2539 1076 2594 hic
1093 2538 1227 2603 intuetur,
1255 2531 1328 2605 qnod
1353 2538 1444 2585 tamen
1463 2536 1491 2582 et
1507 2527 1597 2596 ipsum

210 2654 214 2660 .
247 2610 325 2667 vilius
345 2624 426 2686 esset,
446 2616 494 2670 scd
511 2615 563 2671 hoc
582 2617 671 2672 etiam
682 2618 770 2685 capite
790 2618 824 2672 ad
843 2623 947 2671 motum
965 2619 1080 2686 primum
1099 2616 1170 2671 redit
1187 2612 1367 2679 adsciscitqne
1383 2608 1553 2663 horizontem
1570 2615 1599 2664 et
1639 2653 1643 2662 .

247 2692 326 2758 polos
345 2693 445 2762 mundi,
466 2696 642 2765 conspicuum
662 2697 770 2765 quidem
788 2699 941 2753 attribuens
960 2698 1033 2754 tonis
1051 2696 1149 2763 aeuus,
1167 2693 1203 2748 ad
1220 2705 1341 2745 normam
1360 2686 1457 2756 capitia
1477 2687 1517 2750 10,
1536 2687 1597 2755 'gra-

248 2770 326 2826 vibus
344 2767 430 2826 latera
447 2773 503 2840 poli
520 2775 689 2844 inconspioui
707 2783 735 2831 et
753 2779 804 2832 sub
821 2777 990 2832 horizontem
1009 2775 1140 2841 demersi;
1160 2769 1304 2839 cumqno'l
1323 2774 1403 2820 tonos
1420 2763 1554 2849 invenerit
1571 2764 1599 2818 in

248 2847 301 2904 boc
320 2867 418 2918 opere,
445 2853 512 2907 'liis
531 2853 678 2922 parallelos
696 2871 745 2923 per
762 2855 839 2909 initia
856 2854 995 2923 signorum
1014 2854 1110 2909 ductos
1129 2848 1314 2905 accommodat
1331 2863 1386 2901 nou
1404 2844 1487 2916 paulo
1505 2844 1599 2912 pulch·

248 2927 312 2983 riori
331 2947 471 2999 successu,
501 2949 582 3001 quam
599 2934 675 3002 prius
692 2941 747 2988 tres
765 2934 968 2989 intervallorum
987 2932 1093 3004 speeies
1116 2931 1203 2986 tribus
1221 2933 1317 2983 cantus
1335 2924 1486 2996 generibus
1524 2924 1601 2993 Quas

250 3007 339 3061 omnia
358 3010 396 3064 sic
415 3027 464 3077 ego
483 3013 624 3080 praedico,
653 3011 763 3081 utplus
782 3012 845 3067 inde
862 3013 985 3069 videatur
1002 3010 1132 3067 accedere
1150 3006 1300 3063 nobilitatis
1318 3004 1425 3072 ingenio
1444 3002 1600 3085 Ptolemaei,

249 3082 317 3140 haec
336 3096 391 3140 tarn
410 3099 472 3157 apte
491 3092 717 3165 comminiscentis
736 3099 763 3145 et
782 3108 815 3145 ex
835 3106 881 3160 eo,
909 3090 983 3160 quod
1002 3091 1068 3146 nihil
1088 3095 1146 3157 est,
1165 3084 1267 3165 aliquid
1285 3082 1437 3150 efficientis,
1456 3096 1537 3150 qnam
1555 3095 1601 3136 na·

250 3171 328 3217 turae
347 3167 429 3233 coeli,
457 3172 500 3223 cui
519 3170 586 3224 haec
605 3180 678 3226 certe
697 3170 873 3242 congruentia
892 3179 934 3224 est
951 3169 1073 3224 inunita.
1110 3168 1233 3236 Apparet
1251 3179 1316 3219 sane
1335 3178 1368 3215 ex
1388 3160 1511 3216 omnibus
1529 3177 1601 3217 com·

243 3245 450 3316 'putationibus
470 3248 626 3305 Ptolemaeo
645 3249 780 3320 placuisse
798 3265 939 3317 numeros,
959 3249 1113 3315 ubicunque
1131 3242 1241 3300 eosdem
1259 3242 1386 3310 utrinque
1403 3239 1494 3308 potuit
1512 3246 1602 3294 ostan-

250 3317 321 3374 dere.
358 3325 393 3378 At
411 3327 530 3380 absurda
556 3337 599 3382 est
622 3345 795 3384 numerorum
817 3330 844 3382 in
863 3328 1061 3398 quantitatibus
1086 3322 1266 3394 comparatio,
1294 3322 1318 3374 si
1335 3319 1469 3374 unitatum
1486 3332 1543 3373 nou
1560 3321 1604 3384 est

251 3400 345 3454 eadem
366 3405 509 3474 utrobique
527 3408 609 3476 ratio,
638 3409 732 3463 eadem
751 3409 896 3464 distinctio.
933 3408 1000 3477 lam,
1020 3422 1084 3462 vero
1109 3402 1278 3473 septenarius
1301 3408 1429 3455 tonorum
1447 3397 1534 3455 oritur
1551 3398 1604 3453 a?

251 3483 389 3535 consuetis
408 3484 556 3539 intervallis
577 3487 656 3541 unius
675 3494 801 3557 octavae,
820 3495 849 3541 at
867 3486 1037 3555 septenarius
1055 3483 1246 3555 parallelorum
1264 3480 1384 3534 oritura
1402 3476 1436 3531 12
1454 3477 1539 3544 signia
1557 3492 1602 3532 zo·

252 3557 320 3612 dinei
339 3572 434 3629 estque
452 3574 589 3632 potestate
608 3568 789 3622 duodenarius
807 3566 907 3636 potins.
943 3566 1097 3633 Praeterea,
1117 3561 1183 3631 quid
1201 3559 1288 3616 simile
1306 3563 1348 3613 est
1366 3554 1467 3626 speciei
1483 3554 1550 3625 toni,
1568 3572 1603 3611 ax

251 3637 332 3691 variis
351 3640 497 3696 intervallis
516 3644 609 3700 ordine
627 3654 702 3702 certo
730 3644 881 3715 compositi.
900 3660 962 3699 cnm
981 3643 1114 3713 parallelo
1142 3640 1211 3697 coeli
1235 3636 1450 3708 simplicissimo,
1479 3639 1527 3693 aut
1545 3633 1603 3689 toni

252 3714 387 3770 altitudini
407 3738 468 3774 eum
486 3722 626 3779 altitudine
645 3725 768 3795 paralleli
786 3725 894 3793 generis
912 3723 1096 3790 diversissimi,
1116 3729 1144 3778 et
1162 3721 1278 3791 positiva
1295 3724 1400 3773 murm
1419 3723 1447 3770 et
1464 3729 1526 3768 cnm
1543 3712 1604 3783 ipsa

253 3792 371 3850 locorum
391 3801 519 3857 varietate
539 3806 630 3858 varia?
667 3808 738 3859 Dato
756 3820 834 3870 vcro,
860 3801 933 3871 qnod
951 3801 1021 3856 ratio
1040 3799 1282 3871 comparandorum
1301 3794 1428 3864 utrinque
1447 3792 1482 3847 sit
1500 3789 1603 3859 eadem,

211 3941 213 3945 Ι
253 3873 276 3926 si
295 3883 384 3929 tanrcu
405 3879 431 3931 id
451 3889 492 3935 est
510 3882 578 3935 citra
596 3901 694 3939 canisae
714 3893 741 3938 et
759 3883 872 3938 effectus
890 3882 1101 3947 connexionem,
1127 3888 1158 3935 ut
1176 3885 1249 3934 certe
1268 3884 1310 3932 est
1327 3875 1380 3930 hoc
1397 3873 1472 3939 loco,
1495 3887 1603 3940 compa·
1674 3874 1678 3883 '

253 3954 322 4008 ratio
342 3957 422 4023 vulgo
440 3960 532 4026 liutius
549 3965 725 4017 accomodata
743 3969 786 4016 est
803 3960 976 4015 fortuitorum
995 3958 1137 4027 captatori,
1157 3974 1237 4026 quam
1255 3952 1427 4025 philosopho.

343 4036 436 4105 Longe
455 4054 505 4106 ego
524 4042 746 4109 praestantiorem
759 4042 865 4094 invenio
877 4048 1004 4095 tonorum
1018 4036 1220 4108 expressionem
1239 4051 1287 4090 seu
1298 4029 1473 4088 imitationem
1491 4027 1519 4081 in
1537 4028 1604 4098 ipsis

254 4110 422 4180 planetarum
442 4121 611 4185 superiorum
629 4120 710 4172 tunm
729 4120 847 4174 motibus
874 4118 1005 4187 propriis,
1034 4126 1064 4173 ut
1083 4118 1101 4171 ii
1120 4132 1153 4170 ex
1172 4115 1235 4171 Sole
1263 4115 1407 4181 apparent,
1436 4106 1483 4160 ubi
1509 4118 1605 4174 graves

254 4192 311 4244 toni
330 4193 364 4244 ab
383 4193 533 4263 hypodorio
551 4215 601 4267 per
618 4198 805 4253 Saturniorum
825 4206 945 4253 motuum
964 4195 1136 4252 intervallum
1155 4192 1341 4249 harmonicum
1359 4195 1387 4242 et
1404 4201 1454 4255 per
1472 4185 1606 4240 concinna

254 4269 442 4326 intercidentia
461 4284 655 4347 monstrantur,
675 4275 767 4331 dorius
788 4287 816 4331 et
835 4277 1044 4331 circumstantes
1062 4288 1111 4344 per
1130 4273 1233 4340 Jovioa,
1252 4266 1415 4336 mixolydius
1434 4262 1606 4318 acutissimus

210 4355 215 4363 '
255 4350 395 4403 ahlartiis
413 4353 538 4409 motibus.
575 4356 645 4410 Nam
663 4356 686 4409 si
705 4354 815 4409 Saturni
832 4360 922 4408 motus
941 4353 1066 4422 aphelius
1091 4351 1155 4406 facit
1172 4350 1250 4406 basin
1273 4343 1428 4417 systematis
1447 4340 1606 4397 universalis
1709 4386 1714 4395 .

235 4487 237 4491 ,
255 4439 283 4484 et
301 4431 384 4483 imum
403 4431 532 4500 diapason
552 4434 675 4487 sonitum
688 4441 883 4503 repraesentat,
901 4433 978 4487 Jovis
997 4440 1086 4485 motus
1105 4431 1230 4500 aphelius
1243 4443 1259 4483 a
1271 4442 1338 4482 sono
1355 4444 1382 4496 q,
1400 4422 1497 4477 Martis
1510 4436 1527 4475 Β
1538 4437 1605 4476 80110

253 4511 274 4578 s,
293 4514 406 4564 octavae
425 4527 561 4581 supremo,
582 4516 728 4583 consurgit.
765 4513 860 4581 Itaque
879 4512 1067 4580 Ptolemaeus,
1087 4511 1209 4580 allegans
1227 4516 1331 4563 motum
1350 4505 1477 4574 primum,
1495 4502 1607 4563 ²0ffl00·

254 4586 341 4641 larum
361 4590 546 4659 phantasiam,
574 4593 741 4648 Terrestreur
768 4593 855 4649 solutu
884 4592 969 4647 tradit
985 4590 1129 4656 musicam,
1157 4606 1208 4660 ego
1226 4588 1360 4643 Solarem:
1387 4581 1433 4635 ille
1451 4578 1607 4635 neeeflsitssfi

254 4668 448 4736 quantitativae
467 4672 611 4726 continuae
629 4674 796 4742 immersam,
824 4688 874 4741 ego
892 4676 1066 4741 procuratam
1085 4687 1102 4724 a
1119 4676 1240 4725 creatore
1258 4673 1286 4721 et
1304 4661 1475 4718 &motione
1498 4673 1607 4729 seim·

214 4805 216 4808 ,
255 4748 385 4815 tioueque
403 4751 556 4805 omnimoda
574 4753 601 4805 in
619 4752 679 4808 luce
698 4753 821 4807 locatam.
859 4749 928 4805 Vide
945 4749 1075 4804 meilibri
1093 4749 1125 4803 V.
1145 4763 1203 4816 cap.
1223 4748 1248 4801 6.

813 4973 1096 5046 CAPUlXssl·

276 5120 322 5174 De
341 5120 574 5190 proportione,
594 5138 687 5189 quam
705 5121 833 5176 habent
850 5121 939 5243 intest
957 5133 991 5242 sla
1009 5114 1229 5256 &unachorda
1246 5120 1280 5168 et
1297 5108 1591 5181 configurationes

827 5206 899 5245 cnm
945 5206 961 5243 o
985 5204 1000 5241 e
1037 5231 1042 5241 .

347 5334 479 5393 Residua
502 5335 654 5411 dispositio
677 5333 927 5397 tetrachordorum
951 5341 980 5392 ot
1002 5339 1137 5391 tonorum
1160 5331 1189 5387 in
1212 5334 1371 5406 systemate
1386 5325 1513 5405 perlecto
1537 5324 1610 5384 resi·

262 5422 337 5480 duae
361 5440 478 5498 quoque
502 5417 686 5498 dispositioni
710 5423 973 5499 configurationum
996 5436 1061 5480 cnm
1076 5417 1144 5477 Sele
1167 5416 1270 5476 similis
1294 5415 1446 5493 apparebit
1459 5411 1502 5493 ¹¹).
1534 5411 1610 5472 Nam

262 5511 323 5567 toni
347 5510 514 5585 disjunctivi
539 5510 683 5585 quadrant
704 5509 741 5569 ad
765 5512 838 5568 situs
860 5508 987 5567 siderum
1011 5509 1048 5565 ab
1072 5502 1317 5565 occultationibus
1340 5519 1433 5580 usque
1455 5501 1493 5561 ad
1515 5517 1611 5577 appa-

262 5597 382 5656 ritiones
396 5594 459 5675 ¹¹¹),
493 5606 523 5655 at
556 5601 640 5671 soni,
676 5601 726 5674 qni
755 5604 930 5660 connectunt
962 5594 1036 5654 duas
1059 5591 1308 5654 tetrachordorum
1331 5588 1467 5669 copulas,
1499 5586 1611 5651 sancet

315 5706 410 5758 Keplcrl
423 5707 498 5758 Opera
512 5709 539 5750 V.
679 5722 681 5727 ·
1412 5694 1453 5755 25
