3684 7259
614 1237 736 1308 100
1495 1229 1577 1283 De
1610 1227 1933 1301 Figuratum
1967 1229 2407 1287 Harmonicarum

619 1405 889 1475 hexagoni
935 1410 989 1459 et
1018 1379 1114 1459 FG
1150 1403 1421 1472 decagoni,
1459 1404 1563 1458 hoc
1599 1409 1685 1459 est
1719 1381 2170 1459 semidiametrnm
2204 1402 2303 1458 AG
2345 1408 2402 1458 et
2436 1408 2618 1460 sectae
2660 1362 2922 1473 majorem
2956 1404 3166 1472 partem
3202 1400 3298 1458 AO

614 1484 791 1540 simul.
863 1484 1013 1538 Haec
1058 1482 1442 1538 demonstratio
1488 1484 1544 1538 in
1581 1482 1807 1538 Euclide
1861 1481 2232 1538 difficultatem
2268 1481 2434 1537 habet
2469 1489 2687 1552 eaptus;
2732 1482 2956 1538 tentabo
3004 1481 3197 1550 igitur
3214 1480 3302 1536 hic
3350 1519 3357 1524 -

617 1562 925 1618 faciliorem.

749 1643 826 1696 .·A
862 1642 1101 1698 terminis
1137 1643 1323 1699 lateris
1359 1640 1701 1713 pentagonici
1737 1641 1804 1703 B,
1851 1640 1898 1694 D
1938 1639 2209 1695 ducantur
2251 1654 2352 1709 per
2384 1639 2432 1693 A
2471 1646 2742 1695 centrum
2755 1621 2936 1694 rectae
2971 1636 3067 1692 BG
3103 1627 3160 1692 et
3191 1634 3299 1690 DI:

1211 1725 1224 1738 '
1317 1727 1321 1732 “
1380 1727 1436 1776 ει
1471 1726 1533 1776 ιιι
1576 1718 1674 1772 DB
1709 1718 1985 1775 subtendit
2028 1712 2111 1786 ἧς,
2168 1709 2246 1774 sic
2279 1720 2524 1791 proxima
2556 1719 2654 1775 DL
2693 1725 2807 1773 tres
2840 1722 2898 1773 et
2930 1717 3034 1771 ΒΚ
3070 1717 3303 1785 quatuor

890 1784 987 1835 ¹³¹⁸·
1019 1782 1083 1826 ¹⁴·
1381 1796 1673 1861 subtendit,
1722 1805 1970 1852 secantes
2003 1795 2098 1851 BG
2137 1799 2193 1857 in
2217 1800 2270 1870 S,
2306 1799 2359 1855 R
2389 1796 2622 1868 punctis.
2692 1798 2862 1868 Igitur
2883 1786 3015 1851 LDI
3053 1793 3301 1863 angulus,

913 1941 921 1945 .
976 1879 1040 1933 Β,
1078 1941 1102 1949 Ἦ
1384 1874 1439 1929 id
1476 1883 1561 1929 est
1595 1876 1748 1943 SDA,
1784 1877 1952 1933 habet
1985 1880 2018 1953 ξ
2057 1882 2216 1936 unius
2249 1880 2410 1947 recti,
2454 1876 2581 1949 quia
2613 1875 2690 1930 LI
2725 1883 2810 1931 est
2843 1878 2880 1949 ᾗ
2913 1873 3125 1939 circuli,
3161 1870 3303 1926 sicut

1038 1949 1206 2025 goa-..4
1385 1962 1440 2009 et
1462 1953 1577 2023 ΕΗ,
1613 1962 1669 2008 ει
1703 1970 1828 2010 vero
1865 1951 2180 2027 aequalibus
2217 1958 2449 2014 arcubus
2486 1954 2679 2025 anguli
2705 1953 2775 2010 ad
2817 1949 3300 2009 circumferentiam

469 2037 474 2043 '
580 2055 584 2060 ’
745 2081 792 2097 ,.
901 1977 1250 2117 ἕῇκπςχζ,
1290 2085 1298 2093 ,
1385 2025 1643 2086 insistunt
1676 2035 1931 2102 aequales
1965 2035 2549 2106 (Eucl.111.21.27..·)
2618 2033 2724 2089 Est
2760 2029 2888 2091 vei-o
2926 2031 3086 2101 DAB,
3121 2032 3178 2086 id
3214 2035 3302 2085 est

689 2089 812 2169 Uss-ga-
857 2161 912 2186 Ἣ
1030 2063 1302 2231 -ῂζῑ-ῘἨ
1387 2111 1524 2166 DAS
1558 2113 1592 2188 ξ
1629 2114 1789 2169 unius
1824 2117 1989 2186 recti,
2028 2119 2157 2187 quia
2188 2112 2286 2172 DB
2321 2130 2447 2186 pars
2486 2113 2678 2185 quint&
2713 2121 2797 2170 08¹²
2831 2111 3042 2181 ῦπῢῑῑῙῑ
3084 2123 3298 2165 mmm·

829 2193 929 2285 ’·--Τχ
1385 2189 1556 2244 rantis
1592 2199 1824 2259 quatuor
1858 2204 2034 2251 rectos
2071 2197 2215 2251 circa
2248 2195 2329 2260 A,
2377 2192 2554 2263 juncti
2589 2193 2753 2262 igitur
2789 2193 2956 2261 SAD,
2993 2187 3132 2245 ADS
3170 2196 3301 2245 sunt

721 2153 749 2317 [a
773 2229 781 2253 ΙΙ
801 2309 809 2329 -.
877 2305 881 2313 -
989 2270 991 2275 ‘
1022 2218 1286 2350 ³133),
1386 2270 1420 2342 ξ
1454 2270 1614 2325 ιιιιιιιε
1648 2259 1801 2327 recti.
1874 2275 1948 2328 At
1983 2290 2167 2330 omnes
2218 2282 2329 2330 tres
2367 2281 2495 2330 sunt
2535 2274 2613 2367 Ψ·
2668 2287 2795 2340 ergo
2833 2270 2995 2326 etiam
3049 2268 3296 2326 residuus

797 2393 873 2433 .4.
925 2357 936 2365 “’
968 2339 1230 2441 'pff—4³³
1384 2348 1527 2404 DSA
1562 2356 1648 2405 est
1681 2352 1729 2422 ξ.
1800 2351 1906 2407 Εει
1939 2353 2103 2422 igitur
2137 2353 2278 2409 DSA
2313 2347 2583 2422 aequalis-
2578 2353 2698 2423 -ipsi
2735 2351 2901 2419 DAS,
2958 2347 3101 2404 l'atua
3135 2349 3298 2418 igitur

801 2437 833 2477 ι·
877 2449 1054 2477 aa*
1154 2433 1190 2473 ιι
1388 2428 1481 2481 DS
1520 2427 1749 2497 aequale
1786 2439 1870 2485 εει
1902 2431 2058 2488 lateri
2084 2435 2184 2489 DA
2222 2431 2634 2489 semidiametro.
2695 2429 2858 2521 Ergo.
2877 2444 2978 2498 per
3009 2428 3163 2497 print
3194 2440 3295 2494 flea

1383 2506 1702 2562 midiametri
1728 2509 1828 2563 DA
1863 2510 2338 2579 proportionaliter
2371 2515 2554 2565 sectae
2587 2525 2722 2581 pars
2750 2508 2926 2588 major
2959 2512 3159 2576 aequat
3191 2504 3296 2577 SA,

604 2593 691 2644 est
722 2586 886 2654 igitur
920 2586 1009 2641 SA
1046 2584 1287 2688 aequalis
1327 2584 1484 2642 lateri
1507 2586 1807 2704 decagoni,
1844 2605 1945 2659 per
1980 2587 2136 2645 dicta
2211 2591 2287 2644 Et
2320 2589 2421 2646 DA
2458 2594 2543 2644 est
2577 2579 2992 2653 semidiameter,
3040 2585 3185 2639 latus
3222 2598 3297 2682 sc.

602 2663 889 2734 hexagoni.

775 2744 930 2812 Dieo,
968 2741 1112 2798 latus
1135 2744 1431 2813 pentagoni
1452 2743 1551 2798 DB
1577 2758 1741 2812 posse
1761 2751 2046 2815 utramque
2071 2753 2125 2801 et
2149 2746 2237 2801 SA
2275 2753 2330 2802 et
2352 2746 2468 2801 AD.
2544 2745 2800 2799 connexo
2836 2742 2981 2798 enim
3016 2744 3060 2792 K
3100 2755 3222 2795 cum
3257 2740 3295 2796 S

603 2831 660 2879 et
696 2839 819 2880 cum
854 2823 917 2891 A,
956 2822 1086 2891 quia
1117 2822 1242 2891 DA,
1280 2822 1383 2877 ΑΚ
1419 2830 1547 2877 ειιιιι
1580 2823 1866 2894 aequales,
1906 2832 1960 2880 et
1994 2826 2114 2891 DS,
2154 2827 2244 2881 ΒΚ
2278 2824 2471 2880 iisdem
2506 2822 2792 2892 aequales,
2831 2828 2991 2878 erunt
3023 2827 3080 2875 et
3113 2826 3296 2890 partas

583 2901 708 2973 BR,
746 2902 845 2958 ΒΑ
879 2900 1178 2971 aequales,
1206 2905 1264 2956 et
1293 2902 1440 2957 DRB
1488 2911 1670 2962 rectus
1707 2910 1809 2959 εει.
1880 2904 2030 2974 Ergo
2067 2903 2163 2959 DB
2199 2909 2383 2975 potest
2417 2903 2542 2972 DR,
2598 2902 2712 2957 RB.
2781 2900 2950 2971 Atqui
2983 2900 3086 2955 DR
3118 2901 3295 2956 minus
3334 2955 3342 2963 ,

601 2990 789 3054 potest
819 2997 982 3051 quam
1018 2982 1118 3036 DA
1158 2981 1460 3050 quantitate
1496 2983 1772 3052 potentiae
1808 2983 1934 3049 RA,
1990 2991 2046 3039 ει
2080 2984 2180 3041 BR
2215 2985 2393 3039 minus
2436 2988 2620 3052 potest
2657 2996 2818 3049 quam
2853 2982 2951 3036 BA
2995 2974 3296 3072 quantitate

602 3068 662 3117 et
691 3060 991 3130 rectanguli
1024 3061 1127 3126 snb
1163 3061 1278 3129 BR,
1315 3061 1414 3115 ΒΑ
1451 3060 1562 3129 bis,
1604 3067 1660 3116 et
1694 3062 1970 3131 potentiae
2004 3063 2177 3155 ipsius
2213 3063 2310 3118 RA
2316 3059 2665 3129 ,junctorum
2733 3060 2966 3115 Jnuctae
3001 3057 3167 3127 igitur
3200 3074 3294 3129 po·
3363 3128 3368 3131 Ι

541 3179 549 3192 .
600 3139 803 3194 tentiae
836 3138 963 3206 DR,
1027 3138 1123 3193 RB
1158 3139 1393 3193 minores
1431 3145 1558 3198 sunt
1585 3140 1790 3208 jnnctis
1826 3141 2083 3210 potentiis
2108 3141 2243 3211 ·DA,
2280 3141 2375 3195 AB
2419 3138 2732 3208 rectangulo
2769 3140 2872 3195 sub
2909 3138 3025 3208 RA,
3060 3137 3156 3192 AB
3191 3136 3293 3204 bis,

601 3217 708 3272 hoc
747 3224 832 3274 est
864 3217 1178 3287 rectangulo
1216 3221 1318 3274 sub
1345 3219 1449 3286 SA,
1488 3219 1584 3273 AB
1622 3218 1804 3274 semel.
1877 3219 2042 3289 Atqui
2080 3219 2186 3275 duo
2223 3219 2542 3290 rectangula
2574 3225 2674 3275 sub
2711 3219 2814 3287 SA,
2838 3218 2936 3273 AB
2972 3224 3029 3273 et
3062 3216 3163 3273 sub
3189 3216 3293 3284 SB,

589 3297 700 3353 ·BA
738 3298 1079 3353 constituunt
1109 3304 1286 3353 totum
1322 3298 1646 3366 quadratum
1672 3300 1781 3354 BA.
1855 3300 2054 3355 Ablato
2090 3315 2218 3372 ergo
2255 3295 2566 3369 rectangulo
2602 3299 2704 3354 sub
2737 3298 2850 3368 SA,
2888 3298 3003 3366 AB,
3036 3294 3292 3363 relinqui-

541 3403 544 3407 >
601 3377 693 3430 tur
745 3376 1066 3444 quadratum
1110 3377 1283 3448 ipsius
1320 3378 1421 3433 DA
1474 3383 1530 3432 et
1573 3376 1944 3445 rectangulum
1996 3378 2100 3433 sub
2137 3378 2250 3447 SB,
2301 3379 2420 3444 BA,
2465 3380 2781 3449 ,iunctaque
2818 3382 3122 3448 aequantur
3154 3389 3291 3446 qua-

605 3456 758 3511 drato
794 3456 906 3512 DB.
981 3458 1113 3511 Cum
1148 3471 1275 3511 vero
1313 3458 1408 3512 BA
1446 3456 1838 3512 semidiameter
1892 3457 1963 3511 sit
1996 3457 2469 3526 proportionaliter
2500 3459 2667 3531 secta
2701 3457 2758 3513 in
2794 3456 2832 3512 S
2867 3465 2925 3512 et
2957 3470 3087 3526 pars
3119 3456 3294 3524 major

602 3534 715 3591 AS:
751 3534 1129 3605 rectangulum
1165 3534 1330 3604 igitur
1364 3534 1469 3606 SA,
1505 3536 1601 3591 BA
1639 3544 1723 3591 εει
1756 3535 1982 3606 aequale
2019 3535 2282 3605 quadrato
2324 3537 2425 3592 SA.
2498 3537 2644 3606 Ergo
2679 3536 2824 3593 latus
2868 3534 3162 3627 pentagoni
3196 3550 3291 3604 po-

599 3619 714 3669 test
747 3614 855 3682 duo
890 3613 1158 3683 quadrata
1192 3614 1293 3668 DA
1328 3620 1386 3668 et
1418 3614 1522 3678 AS,
1555 3614 1786 3670 laterum
1820 3613 2031 3672 scilicet
2065 3615 2336 3687 hexagoni
2371 3623 2428 3672 et
2461 3616 2742 3687 decagoni.
2753 3619 2795 3687 θ

774 3681 935 3763 Quod
986 3694 1179 3748 attinet
1214 3693 1405 3749 stellae
1446 3695 1843 3764 pentagonicae
1893 3695 2036 3752 latus
2071 3695 2191 3765 BF,
2245 3696 2380 3751 illud
2433 3704 2518 3752 est
2553 3698 2912 3767 compositum
2964 3710 3034 3751 ex
3068 3692 3168 3749 BD
3203 3691 3288 3748 vel

601 3773 712 3844 FT,
749 3774 919 3830 latere
953 3773 1263 3844 pentagoni,
1303 3780 1359 3828 et
1392 3788 1460 3828 ex
1496 3774 1605 3842 BT,
1644 3773 1761 3842 eju's
1798 3775 1934 3830 secti
1966 3775 2446 3845 proportionaliter
2484 3784 2639 3846 parte
2672 3776 2889 3845 majori,
2939 3790 3039 3845 per
3070 3773 3209 3829 XIII
3240 3774 3292 3843 8,

599 3853 747 3922 quod
783 3852 926 3908 idem
962 3852 1124 3908 etiam
1161 3850 1378 3921 probari
1412 3859 1598 3920 potest
1631 3868 1702 3907 ex
1734 3852 2006 3921 triangulo
2044 3853 2495 3924 quinquangulari
2529 3854 2702 3924 ΕΒΗ,
2738 3860 2802 3910 ιιι
2834 3868 3016 3925 supra.
3104 3871 3113 3880 ·
3142 3911 3151 3920 ,

777 3932 910 3988 Cum
943 3933 1109 4001 igitur
1142 3931 1288 3990 latus
1323 3931 1615 4001 pentagoni
1650 3932 1826 4000 possit
1860 3931 2338 3999 semidiametrum‚
2373 3948 2517 4003 quae
2552 3941 2638 3989 est
2674 3931 2903 3989 effabilis
2928 3932 3291 4004 longitudine,

487 4013 493 4022 '
599 4018 655 4066 et
689 4010 807 4081 eius
845 4019 1026 4066 sectae
1062 4010 1537 4079 proportionaliter
1572 4018 1782 4081 partem
1815 4012 2109 4080 majorem,
2159 4018 2220 4068 ut
2252 4011 2306 4065 in
2344 4011 2617 4067 schemate
2651 4011 2950 4081 praemisso
2986 4011 3292 4068 semicircu-

579 4079 704 4148 ’ῑιπι
723 4087 806 4164 (s)
829 4090 926 4144 Pe
943 4094 1139 4159 potest
1163 4089 1255 4143 PA
1293 4097 1348 4146 et
1368 4088 1484 4159 Ae,
1523 4098 1578 4144 et
1611 4096 1674 4144 ut
1695 4090 1790 4145 ΡΑ
1825 4097 1911 4145 est
1947 4091 2016 4145 ao
2050 4090 2163 4154 AG,
2201 4092 2279 4145 sic
2313 4092 2384 4147 sit
2415 4092 2511 4147 Pe
2543 4090 2689 4146 latus
2722 4090 3013 4161 pentagoni
3045 4091 3115 4147 ad
3149 4090 3295 4146 latua

600 4184 734 4225 suae
768 4168 981 4236 stellae,
1037 4168 1107 4221 sit
1141 4182 1268 4221 vero
1309 4174 1369 4223 ut
1400 4168 1493 4222 ΡΑ
1528 4167 1596 4222 ad
1634 4168 1759 4237 AG,
1804 4168 1882 4224 sic
1914 4168 2010 4224 PG
2044 4169 2116 4223 ad
2151 4170 2275 4225 GX.
2324 4183 2453 4238 ergo
2489 4170 2590 4226 Gx
2625 4177 2735 4229 est·
2746 4168 2881 4223 illud
2916 4167 3063 4225 latus
3097 4168 3292 4226 stellae

598 4254 887 4330 potestque
924 4253 980 4302 et
1018 4247 1114 4301 GA
1152 4246 1607 4315 semidiametrum
1643 4247 1831 4303 circuli
1869 4248 2014 4303 circa
2046 4249 2272 4317 figuram
2307 4247 2672 4317 decangulam,
2710 4254 2766 4303 et
2797 4247 2900 4303 AX
2937 4248 3291 4319 compositam

602 4341 671 4383 ex
704 4325 803 4383 PA
838 4335 894 4382 ει
928 4327 1043 4382 AG‘.
1118 4326 1298 4393 Quare
1332 4341 1432 4396 per
1466 4323 1540 4390 ibi
1577 4326 1947 4382 demonstrata
1983 4326 2083 4382 GX
2117 4336 2202 4384 est
2222 4330 2426 4398 mizon,
2469 4327 2562 4383 GP
2598 4327 2832 4384 elasson.
2905 4327 3161 4400 Singulae
3195 4328 3291 4406 igi-

580 4410 690 4460 ·tur
721 4411 853 4462 sunt
883 4404 941 4459 in
978 4411 1169 4460 octavo
1207 4404 1379 4474 gradu
1416 4404 1675 4460 scientiae
1709 4404 1937 4474 ejusque
1972 4408 2208 4463 secundo
2247 4406 2448 4463 ordine.
2523 4397 2664 4476 Quia
2698 4421 2824 4463 vero
2844 4406 3082 4477 junctae
3112 4407 3292 4464 lineae

575 4481 709 4548 PG,
746 4484 845 4538 ΟΧ
880 4482 1098 4538 faciunt
1122 4479 1504 4550 quadratorum
1542 4497 1800 4538 summam
1838 4482 2124 4552 affabilem,
2161 4502 2234 4543 sc.
2272 4486 2553 4556 aequalem
2584 4485 2848 4554 quadrato
2872 4486 2987 4552 PX,
3021 4483 3169 4557 quod
3204 4494 3292 4543 εει

596 4562 766 4632 ipsius
794 4564 888 4618 GA
926 4562 1154 4618 effabilis
1192 4562 1442 4630 quadrati
1477 4561 1837 4631 quintuplum,
1877 4564 2205 4634 eaedemque
2232 4567 2342 4635 PG,
2381 4567 2481 4622 GX
2515 4566 2887 4635 rectangulum
2922 4566 3160 4622 formant
3181 4581 3291 4622 me-

595 4653 725 4702 som
761 4640 867 4698 hoc
902 4642 1117 4698 nomine
1143 4641 1370 4732 junctae
1403 4641 1515 4707 PG,
1552 4642 1652 4697 GX
1690 4651 1815 4698 sunt
1851 4642 1906 4698 in
1942 4645 2112 4712 gradu
2149 4646 2407 4702 scientiae
2443 4652 2618 4715 sexto,
2656 4644 2723 4701 de
2761 4662 2866 4713 quo
2890 4654 2977 4701 est
3017 4646 3097 4702 18.
3134 4661 3290 4715 prae·

595 4719 774 4778 missa.
846 4720 1093 4789 Denique
1139 4720 1266 4789 qnia
1299 4720 1443 4775 latus
1480 4722 1771 4811 pentagoni
1827 4730 1883 4777 et
1917 4722 2063 4780 latus
2117 4725 2307 4781 stellae
2355 4731 2485 4782 sunt
2520 4730 2593 4781 ut
2604 4687 2875 4780 sectionis
2911 4724 3125 4781 divinae
3158 4723 3290 4795 pars

594 4799 769 4868 maior
803 4806 860 4853 ει
891 4805 1038 4865 tota,
1088 4798 1211 4854 ideo
1247 4805 1374 4853 sunt
1411 4798 1573 4853 etiam
1621 4800 1676 4854 in
1711 4799 1883 4867 gradu
1922 4802 2177 4859 scientiae
2212 4809 2439 4875 quarto,
2482 4803 2710 4876 junctae
2759 4804 2986 4861 invicem
3021 4805 3171 4875 (vide
3202 4805 3291 4861 29.

591 4877 1239 4946 huius).·Coi1sequitur
1291 4884 1473 4933 autem
1508 4879 1607 4933 has
1643 4880 2030 4948 proprietates,
2085 4890 2146 4937 ut
2199 4885 2338 4939 sicut
2381 4883 2675 4952 pentagoni
2726 4882 2868 4939 latus
2920 4892 3008 4939 est
3056 4882 3293 4948 classen,

593 4954 789 5013 stellae
823 4955 1015 5025 mizon,
1053 4957 1132 5012 sic
1167 4956 1330 5011 etiam
1368 4958 1665 5026 composita
1701 4974 1771 5013 ex
1806 4967 2039 5028 utroque
2076 4962 2147 5017 sit
2181 4963 2374 5017 iterum
2402 4962 2597 5031 mizon5
2634 4968 2690 5017 et
2720 4960 2866 5017 latus
2890 4962 3187 5032 pentagoni
3214 4961 3293 5017 sit

593 5034 759 5125 hujus
783 5036 1130 5116 compositae,
1169 5043 1228 5091 ut
1263 5036 1504 5107 miconis,
1543 5037 1866 5095 elementum
1901 5041 2095 5106 minus,
2126 5040 2272 5097 latus
2310 5057 2435 5098 vero
2462 5040 2655 5097 stellae
2689 5041 2762 5097 sit
2793 5038 2942 5095 illius
2967 5036 3290 5098 elementum

594 5114 799 5183 majus3
835 5120 892 5167 et
925 5121 986 5169 ut
1023 5115 1184 5170 etiam
1220 5112 1523 5173 differentia
1556 5118 1702 5174 inter
1745 5127 2034 5188 utrumque
2069 5119 2214 5176 latus
2246 5122 2322 5178 sit
2358 5120 2542 5190 aliqua
2566 5120 2799 5189 elasson,
2836 5113 3045 5198 scillcet
3067 5119 3169 5189 DQ
3206 5120 3293 5175 vel
3402 5139 3418 5144 ·

496 5280 506 5289 ι
595 5190 718 5263 QF,
755 5207 854 5262 per
891 5189 1115 5249 eandem
1152 5194 1237 5249 29.
1275 5196 1459 5265 huius.

763 5283 995 5344 XLIII.
1042 5284 1515 5362 Propositio.
1606 5289 1795 5349 Plana
1861 5288 2144 5366 decagoni
2204 5298 2264 5349 et
2313 5243 2630 5368 pentagoni
2688 5289 2905 5351 cadunt
2962 5291 3020 5348 in
3076 5288 3292 5367 gradus

559 5335 900 5446 scientiae·
919 5374 1294 5448 remotiores,
1354 5384 1417 5435 ut
1478 5385 1538 5436 et
1580 5375 1736 5437 latus
1781 5378 2067 5453 icosigoni
2113 5384 2189 5435 et·
2214 5376 2443 5455 reliqua
2487 5378 2661 5455 hujus
2708 5377 2910 5437 classis
2953 5369 3288 5458 figurarum.

761 5453 903 5511 Nam
938 5456 1081 5510 latus
1117 5459 1408 5525 pentagoni
1434 5459 1535 5513 FH
1570 5459 1687 5529 (fig.
1723 5460 1818 5516 13)
1857 5460 2078 5515 ductum
2112 5459 2168 5513 in
2188 5460 2280 5514 AN
2315 5460 2445 5515 facit
2463 5461 2688 5530 duplum
2711 5460 2877 5528 FAH,
2914 5460 3138 5529 quintae
3161 5474 3283 5529 par·

590 5531 662 5587 tis
697 5548 855 5589 areae
892 5535 1296 5602 pentagonicae.
1369 5536 1473 5590 Est
1509 5550 1637 5591 vero
1673 5537 1773 5592 FH
1812 5537 2052 5603 elasson‚
2109 5545 2167 5592 et
2201 5534 2325 5593 AN
2354 5547 2439 5594 εει
2474 5538 2627 5607 talis,
2681 5553 2821 5606 quae
2855 5546 3039 5608 potest
3074 5536 3291 5595 effabile

590 5595 704 5686 AF,
741 5612 1061 5669 diminutum
1094 5615 1341 5682 potentia
1373 5611 1638 5674 classonis
1673 5616 1789 5671 FN.
1862 5616 1920 5670 Si
1947 5622 2153 5682 ⁴,autem
2190 5617 2335 5687 quod
2374 5624 2459 5673 est
2493 5617 2563 5672 ab
2600 5614 2863 5684 classone,
2906 5615 3188 5680 auferatur
3221 5616 3289 5671 ab

590 5704 681 5761 eo,
738 5692 885 5761 quod
922 5698 1008 5747 est
1031 5689 1111 5745 ab
1146 5690 1386 5759 effabili,-
1419 5691 1743 5792 relinquitur
1776 5707 1920 5750 nova
1955 5695 2165 5765 species
2203 5693 2409 5765 lineae,
2464 5708 2606 5763 quae
2638 5701 2823 5765 potest
2853 5694 2965 5750 tale
2994 5694 3284 5754 residuum.
