3684 7259
290 1224 331 1285 so
665 1174 937 1309 missaper
953 1211 1249 1285 memorem

287 1397 368 1449 tioudi
384 1392 483 1457 aliquid
499 1395 560 1445 nori
577 1396 753 1457 depressorum
777 1397 877 1444 tuorum
894 1408 1011 1458 operum,
1037 1395 1183 1456 praesertim
1208 1392 1287 1444 libros
1310 1394 1404 1458 primos
1421 1392 1637 1451 Harmonieorum.

287 1468 392 1518 haberes
411 1464 575 1531 dlscipulum,
601 1464 647 1525 qui
673 1465 723 1512 tulo
740 1467 908 1514 monumentis
931 1466 1041 1513 maxime
1064 1468 1164 1514 vacaret
1187 1464 1325 1526 horumque
1348 1462 1463 1527 plurimis
1487 1464 1638 1514 desiderium

257 1565 261 1574 ·
287 1536 445 1600 accenderet3
465 1540 491 1583 et
507 1536 646 1596 cuicunque
663 1532 822 1582 mmdeesrts
838 1533 1031 1597 persolvendum
1050 1549 1116 1593 esse,
1134 1534 1203 1594 quod
1222 1534 1338 1600 debuero,
1360 1548 1445 1583 omues
1462 1540 1558 1584 sumtus
1576 1548 1639 1583 con-

287 1610 358 1657 tiuuo
376 1603 516 1655 reddentur.
552 1604 600 1655 ssd
619 1603 681 1652 mibi
698 1603 785 1652 videor
801 1605 877 1653 nimis
895 1603 1009 1667 prolixus
1032 1602 1110 1653 fuisse
1133 1609 1159 1653 et
1176 1606 1282 1655 tortusue
1299 1598 1375 1653 nimis
1397 1608 1526 1667 appetens.
1552 1603 1639 1668 Parce,

288 1679 402 1741 obsecro,
429 1673 533 1726 emma
568 1674 650 1726 ardor
667 1674 734 1722 enim
757 1675 806 1723 mei
825 1688 883 1735 arga
900 1674 936 1723 'l'e
954 1675 1034 1722 enimi
1051 1673 1156 1723 ulterim
1180 1688 1220 1724 ms
1238 1675 1334 1740 rapuit,
1360 1688 1436 1736 quam
1453 1687 1511 1723 cum
1532 1674 1640 1723 seribere

288 1748 359 1809 scapi
378 1745 508 1808 opinabar.
543 1745 571 1795 si
589 1745 628 1793 rie
645 1744 708 1793 scire
725 1744 829 1804 quinam
847 1758 891 1805 ego
910 1745 967 1808 eim,
983 1746 1044 1806 jube
1061 1755 1101 1793 me
1113 1742 1212 1804 aliquid
1229 1746 1315 1804 magui
1332 1748 1378 1793 tue
1393 1755 1470 1793 cauea
1481 1745 1563 1793 obire:
1580 1757 1639 1793 mox

287 1818 320 1867 ab
339 1812 468 1871 Μὴν
485 1815 653 1864 conditionem
670 1826 793 1873 agucmes
810 1812 997 1875 qualitatesque
1022 1827 1100 1867 meas.
1136 1814 1249 1864 venetiis
1268 1813 1336 1864 xm.
1355 1812 1408 1863 Oai
1426 1813 1492 1863 llebr
1511 1810 1587 1867 16¹9.

373 1887 421 1937 nis
437 1879 519 1936 orere
536 1884 732 1948 supervdnerunt
747 1881 815 1933 aliea
832 1881 938 1932 Elancbi
957 1882 1046 1933 literas
1064 1880 1098 1949 (d.
1118 1882 1171 1933 Gal
1184 1883 1273 1947 Febr),
1291 1885 1318 1932 in
1337 1885 1428 1946 qulbus
1446 1884 1517 1947 petit,
1535 1887 1564 1933 ut
1581 1881 1640 1933 libri

183 1981 185 1986 ·
288 1954 392 2021 Kspleri
408 1952 460 2002 sibi
475 1955 609 2005 mantnt
625 1967 670 2017 per
686 1955 847 2003 mercatorem
865 1952 943 2002 Andr.
963 1953 1051 2016 Super.

373 2019 501 2085 Rspleri
518 2025 646 2087 responsio
657 2036 750 2083 magua
761 2037 792 2071 ex
804 2028 875 2086 parts
893 2022 1052 2089 astrologiae,
1072 2022 1176 2073 delicias
1191 2022 1310 2083 blandii,
1326 2026 1419 2071 esest
1435 2025 1461 2074 st
1483 2023 1516 2072 ad
1527 2022 1640 2072 Harmo-

286 2105 356 2155 niam
373 2117 445 2156 nam
467 2103 507 2153 its
524 2103 629 2152 neceto
654 2093 816 2155 Ptolemaei
830 2092 1012 2155 Harmonice
1023 2111 1090 2155 cum
1106 2094 1289 2154 Aristoxenis
1304 2093 1409 2168 babeo,
1425 2095 1565 2173 impresse
1575 2094 1640 2155 Vc·

287 2184 375 2249 estiis
390 2182 471 2262 apud
480 2182 668 2243 Vincendum
678 2171 898 2260 Vaigrisiome'
911 2183 1005 2256 tota,
1021 2184 1177 2260 interprete
1189 2182 1258 2242 Ant
1271 2180 1436 2259 Gogeviuo.
1460 2181 1640 2259 Interpreta—
1719 2247 1722 2252 ,

287 2272 397 2334 siccem
419 2289 457 2333 ex
471 2270 668 2347 manuscripto
690 2265 806 2352 Graeco
820 2286 929 2329 novem
943 2270 1006 2347 ipss
1021 2269 1108 2344 eddo,
1129 2271 1227 2351 minus
1250 2270 1323 2329 iorta
1344 2267 1488 2341 Latinam,
1510 2265 1641 2330 sedne-

287 2360 342 2437 gts,
365 2365 399 2420 ut
419 2375 524 2437 spero,
549 2358 751 2435 conspicuam
773 2356 906 2435 intelligo
928 2357 985 2417 boc
1007 2356 1044 2419 de
1065 2365 1149 2436 parte
1171 2356 1237 2418 iibri
1260 2356 1333 2430 llL,
1360 2351 1553 2434 quem'operi
1573 2374 1640 2417 meo

287 2445 444 2525 subjungo.
482 2443 595 2531 Quodsi
618 2460 695 2521 qnae
716 2443 845 2505 indicavi
858 2444 927 2504 loce
942 2447 1037 2523 operis
1052 2462 1204 2506 consuram
1224 2461 1283 2505 non
1298 2449 1426 2504 metuere
1441 2441 1557 2517 debent,
1576 2444 1640 2521 jam

289 2535 343 2595 abs
374 2542 403 2595 te
431 2531 566 2611 judionis
596 2534 670 2592 ratio
699 2538 761 2606 est,
790 2549 850 2610 qua
877 2548 944 2592 cum
972 2531 1029 2593 boe
1058 2549 1148 2610 opos,
1171 2538 1237 2591 tum-
1259 2530 1468 2609 prameridae
1489 2530 1639 2607 Venetiae,

290 2630 400 2702 quanto
423 2618 526 2683 censos
548 2636 679 2695 numero,
702 2622 826 2682 mittem.
871 2618 948 2680 Nam
975 2619 1056 2681 illius
1078 2622 1248 2697 mercatoris
1270 2617 1366 2696 Super
1389 2613 1536 2700 (Seboper
1560 2618 1639 2681 Ger·

288 2704 436 2791 menica),
460 2708 544 2785 cujus
565 2708 596 2766 in
618 2707 828 2785 posterioribus
850 2709 1022 2783 meministi,
1052 2716 1194 2786 patronus
1216 2724 1269 2768 scu
1290 2704 1463 2783 principalia
1484 2706 1640 2768 Jobsnuas

288 2796 346 2859 Sec
367 2796 483 2857 habitet
503 2794 625 2857 Walsaa
647 2794 756 2874 oppido
778 2795 864 2856 nobis
885 2789 1001 2870 viciuo;
1028 2813 1114 2872 quem
1137 2793 1318 2873 Seboperum
1340 2795 1365 2853 si
1384 2793 1492 2871 jubeas
1513 2794 1640 2855 scribere

289 2892 415 2963 petrono
437 2899 507 2959 suo,
535 2888 569 2941 ut
590 2884 616 2941 is
637 2883 709 2943 mibi
732 2881 875 2960 spondeat
896 2899 951 2960 pro
973 2884 1066 2960 pretio
1088 2883 1243 2956 librorum,
1275 2884 1302 2943 ei
1325 2897 1381 2959 ego
1402 2879 1494 2942 libros
1515 2881 1640 2958 nedem,

292 2988 367 3050 quos
388 2973 485 3031 mittet
506 2969 661 3044 Venetiae,
688 2969 845 3056 linteorum
868 2969 1075 3046 voluminibus,
1099 2968 1273 3047 quibuscum
1303 2968 1487 3046 negotiatur,
1517 2970 1548 3028 in
1571 2983 1641 3031 aas·

291 3058 357 3122 dem
379 3060 509 3119 saraim
537 3065 715 3136 compactos.
759 3057 856 3119 Video
879 3075 934 3119 vos
957 3057 1134 3135 exprobrare
1156 3057 1227 3116 mibi
1248 3058 1393 3134 promissa
1414 3073 1503 3133 saepe
1525 3054 1576 3117 diu
1598 3059 1641 3115 ir·

289 3147 360 3207 rite:
391 3148 492 3223 itaque
521 3143 688 3222 exemplum
714 3147 800 3206 mitto
823 3162 937 3219 eorum,
968 3161 1046 3223 quae
1074 3145 1226 3222 bucusque
1254 3146 1284 3203 in
1307 3144 1492 3204 Harmonicis
1513 3139 1542 3204 ¹a
1563 3143 1639 3204 libro

290 3233 347 3296 111.
371 3241 441 3294 sunt
463 3249 580 3294 excuse
624 3231 701 3293 llam
723 3250 789 3294 cum
820 3231 857 3293 ed
879 3232 1015 3293 Rhenum
1038 3229 1179 3294 excudere
1206 3234 1376 3293 statuissem
1398 3248 1486 3309 opus,
1518 3228 1639 3293 dimise·

290 3337 354 3382 rem
376 3320 451 3382 duos
472 3323 581 3398 primos
602 3319 693 3382 libros
715 3337 735 3381 e
756 3337 819 3395 me,
842 3321 893 3399 qui
911 3321 992 3398 jem,
1015 3327 1172 3400 postquem
1194 3322 1360 3382 institutum
1381 3318 1508 3394 mutavi,
1531 3317 1569 3381 ad
1590 3337 1638 3380 me
1750 3312 1754 3322 '

291 3407 406 3472 remissi
427 3397 515 3483 annt,'
529 3408 613 3469 initio
631 3409 694 3485 jam
715 3407 794 3473 iacto
817 3408 932 3468 alibro
955 3407 1010 3469 ΠΙ.
1049 3407 1133 3484 Quae
1155 3409 1299 3486 igiturex
1315 3405 1470 3484 multiplici
1491 3416 1543 3466 tua
1565 3406 1638 3468 doe·

267 3498 368 3577 ,trina
389 3494 426 3557 de
449 3498 622 3573 quaestione
643 3495 697 3556 illa
717 3497 810 3557 mixte
831 3494 954 3557 candide
983 3502 1013 3556 et
1033 3512 1113 3557 more
1135 3496 1207 3556 mibi
1228 3497 1339 3556 usitato
1362 3510 1477 3555 mecum
1504 3509 1637 3562 commn-

278 3576 412 3660 'rdcasti,
445 3584 554 3644 bonam
580 3582 652 3644 mibi
676 3600 758 3661 spem
778 3583 936 3660 praebant:
964 3600 1020 3644 nec
1041 3585 1119 3644 cuim
1142 3600 1272 3662 eousque
1300 3600 1366 3643 sum
1386 3586 1557 3660 provectus,
1585 3580 1640 3644 sed

292 3672 374 3733 irrito
396 3672 490 3748 magis
512 3670 667 3749 theologos
690 3669 833 3749 quosdam
854 3672 885 3731 iu
909 3670 1067 3733 Germania
1089 3667 1163 3754 (non
1185 3688 1257 3736 sene
1278 3671 1468 3750 praecipuos,
1497 3667 1550 3730 sed
1570 3668 1638 3748 ple·

292 3759 377 3838 bejcs
399 3753 596 3841 plerumque),
620 3759 681 3836 qui,
703 3756 785 3818 suus
807 3757 959 3835 dignitatis
981 3760 1067 3821 cilicii
1089 3759 1192 3820 bebite
1212 3760 1334 3833 ratione,
1356 3758 1551 3835 prognostica·
1565 3759 1640 3818 scri·
1666 3779 1673 3787 ·
1711 3776 1712 3779 ¹

293 3847 367 3908 bunt
388 3853 418 3906 et
440 3843 616 3926 Celenderis
637 3846 821 3924 ineptissime
842 3852 872 3905 ct
892 3863 1016 3950 geneses
1038 3847 1267 3923 superstitiosas.
1303 3844 1427 3907 Videbis
1450 3850 1488 3919 et,
1510 3843 1641 3922 siquod

291 3932 452 4013 perieulum
475 3940 505 3994 et
527 3932 606 4009 quid.
621 3948 756 3994 censores
779 3934 893 4011 possint
915 3950 1070 4013 opponere,
1094 3932 1350 4012 particulariesime
1371 3931 1523 4007 rescribes,
1546 3931 1641 3994 rebe·

292 4028 404 4094 mentm
427 4036 488 4095 oro.
533 4019 580 4081 De
602 4028 685 4082 motu
707 4021 815 4082 Terrae
836 4020 932 4097 major
953 4020 1124 4096 difficultas,
1155 4039 1221 4083 cnm
1240 4018 1376 4097 ⁴videno,
1400 4036 1554 4082 cemurem
1574 4019 1641 4083 odi·

293 4117 355 4171 tam
376 4115 406 4169 ot
426 4107 608 4185 publicatam
630 4111 719 4170 etiam
740 4127 759 4170 a
780 4115 810 4170 te
832 4110 897 4186 ipso
918 4108 1079 4192 perhiberi,
1103 4126 1189 4186 quem
1210 4107 1284 4168 nihil
1304 4109 1407 4170 borum
1427 4107 1519 4169 latere
1532 4114 1641 4187 potest.

293 4197 386 4275 Atqui
408 4211 494 4256 secus
521 4211 578 4273 ago
601 4196 790 4272 credideram,
812 4195 910 4257 adbuc
931 4195 1012 4256 illem
1036 4198 1065 4256 in
1082 4194 1289 4258 deliberatione
1303 4213 1368 4258 esec
1389 4194 1515 4257 necdum
1529 4195 1642 4257 Summi

295 4281 447 4346 Pontificio
469 4284 644 4346 auctoritate
673 4284 849 4345 roboratam.
893 4282 999 4361 Itaque
1030 4282 1230 4363 suppeditavit
1255 4283 1330 4346 brec
1350 4300 1481 4350 meorum
1501 4282 1644 4345 librorum

292 4389 345 4452 per
364 4370 483 4431 ltaliam
512 4369 665 4432 calamitas
697 4373 880 4434 occmionem
909 4369 989 4432 lusui
1015 4372 1141 4449 ingenii:
1172 4369 1244 4449 quid
1271 4370 1497 4434 siedrocatum
1524 4388 1644 4450 egerem

236 4496 238 4500 ,
300 4458 454 4538 Coporniei
477 4456 516 4517 ed
538 4474 692 4536 censores,
722 4458 900 4520 advowum
922 4461 1011 4520 etiem
1034 4460 1098 4537 ojus
1121 4459 1343 4539 discipulorum
1371 4476 1430 4522 uon
1456 4476 1553 4520 meum
1575 4460 1644 4537 qui·

297 4546 364 4608 dem
385 4553 437 4606 sut
459 4543 680 4621 Germanorum,
694 4550 755 4624 qui
776 4546 942 4607 Romanam
965 4545 1118 4609 ecclesiam
1140 4564 1197 4609 uon
1220 4554 1395 4625 sequuntur,
1417 4546 1470 4608 sed
1492 4546 1643 4625 Italorum,

227 4706 234 4721 .
295 4632 419 4724 quiqalii
440 4631 592 4695 Romarm
614 4633 762 4711 subsunt,
781 4633 912 4712 quidsi
935 4639 1106 4714 exceptione
1128 4642 1194 4697 utar
1215 4651 1274 4696 uon
1296 4636 1427 4710 actione,
1450 4650 1510 4695 nou
1531 4634 1645 4697 seilicet

295 4723 428 4786 criminer
457 4720 598 4799 injustam
623 4720 674 4783 rei
703 4722 935 4800 impertinentem
963 4741 1114 4785 censuram
1144 4722 1321 4785 naturalium
1349 4740 1369 4783 a
1397 4721 1557 4799 theologis,
1589 4740 1645 4785 nec

296 4809 392 4872 dcam
413 4824 474 4869 uon
495 4809 569 4870 satis
591 4810 663 4887 ipsis
685 4825 751 4871 esse
772 4811 920 4889 cognitam
943 4829 1079 4887 causam,
1103 4813 1188 4887 quasi
1209 4828 1264 4872 sua
1284 4808 1463 4888 negligentia
1484 4804 1557 4891 (etsi
1578 4828 1646 4872 mee

297 4897 514 4961 Commentario
536 4894 574 4958 de
595 4895 701 4957 Martis
723 4898 852 4959 motibus
880 4896 940 4977 legi
969 4901 1050 4978 prius
1072 4900 1237 4976 potuissent
1266 4904 1296 4959 et
1322 4905 1400 4959 certe
1427 4897 1568 4977 perpendi
1590 4896 1646 4961 de·

295 4987 429 5049 buissent
455 4990 508 5044 eut
537 4983 643 5048 saltem
665 5001 767 5046 eorum
787 4988 936 5049 sententia
966 4983 1004 5050 de
1025 4985 1221 5063 possibilitate
1251 4984 1302 5047 rel
1322 4984 1559 5066 impossibilitate
1591 5002 1646 5046 er·

294 5074 437 5153 spectari,
468 5072 575 5149 quibus
602 5072 754 5150 negotium
782 5072 883 5134 datum
905 5069 1079 5136 emendandi
1102 5072 1293 5152 Ceperpioum
1327 5091 1420 5151 eoque
1448 5080 1477 5134 et
1505 5071 1557 5134 illa
1579 5083 1647 5135 mea

296 5161 529 5237 Commentarie3
560 5160 767 5223 excerebreudi
796 5160 908 5222 scilicet
936 5158 1053 5222 ademto
1082 5167 1163 5221 motu
1194 5158 1335 5244 Terrae),
1367 5159 1421 5220 sed
1448 5159 1505 5220 boc
1534 5159 1644 5222 dicem:

296 5247 428 5310 noudum
449 5245 560 5325 liquore
581 5248 714 5326 potuisse
735 5248 822 5309 nobis
845 5249 930 5326 ipsis,
960 5264 1037 5308 nunc
1059 5246 1174 5308 demum
1195 5266 1275 5309 nova
1297 5249 1434 5323 inveniri,
1457 5264 1534 5324 quaa
1557 5250 1647 5310 etiam

296 5338 357 5399 sint
377 5333 612 5397 consideranda?
655 5334 700 5394 Eu
722 5336 819 5397 lusum
841 5336 954 5413 ipsum,
982 5336 1009 5395 si
1029 5351 1112 5413 spem
1132 5335 1205 5397 iacis
1233 5336 1440 5410 restitutionis,
1469 5335 1647 5415 subjungam

296 5426 356 5487 tale
379 5422 449 5502 quid
479 5425 510 5483 iu
532 5423 613 5486 omae
644 5421 728 5500 libri,
758 5432 810 5485 eut
838 5420 994 5500 epistolam
1021 5423 1143 5483 scomim
1171 5425 1346 5503 imprimam,
1378 5425 1423 5483 sin
1449 5422 1648 5485 inconsultum

296 5520 394 5592 putee
437 5509 591 5573 Hactenus
611 5511 702 5590 igitur'
730 5510 827 5573 lusum
848 5516 929 5572 estor
959 5516 1045 5571 exeat
1073 5511 1164 5587 igitur·
1183 5510 1368 5572 dissimulata
1396 5526 1531 5585 censura,
1549 5511 1649 5573 salut

299 5603 401 5679 ignaro
425 5599 490 5677 ejus
512 5605 642 5671 auctore.
688 5596 759 5658 Jam
779 5606 878 5659 eutem
894 5596 980 5680 iecile
1001 5597 1134 5671 troierit,
1157 5599 1258 5659 audite
1280 5599 1367 5658 unius
1380 5597 1562 5675 bibliopolae
1576 5615 1649 5661 sen·

297 5692 391 5752 nutis
412 5686 556 5762 scribere,
586 5692 659 5764 quot
679 5683 859 5766 exemplaria
879 5684 1022 5747 Venetiae
1043 5683 1186 5748 mittenda
1211 5688 1281 5749 siut
1324 5684 1435 5772 Verum
1457 5687 1547 5748 oritur
1567 5703 1649 5748 nore
