3684 7259
718 1222 963 1288 ommmoone.
997 1191 1080 1277 trio
1094 1220 1140 1277 ι.’
1303 1275 1306 1280 ,
1530 1227 1590 1289 105

244 1420 332 1475 unus,
351 1403 405 1462 scd
427 1406 457 1461 in
481 1394 797 1479 quinquangulo'duo‚
821 1406 851 1460 in
873 1401 1049 1480 septangula
1072 1409 1147 1475 tres,
1171 1403 1201 1458 in
1224 1402 1391 1479 nenangulo
1415 1410 1542 1479 quatuor
1563 1412 1597 1463 et

246 1493 288 1548 sie
311 1502 542 1565 consequenter:
567 1508 643 1549 unns
665 1493 741 1550 enim
764 1489 853 1567 ealon,
871 1490 999 1568 caralit),
1024 1490 1099 1549 alter
1120 1489 1184 1562 BD,
1208 1492 1310 1549 tertius
1325 1490 1386 1549 Bo.

332 1575 488 1653 Ut‘igitur
519 1586 672 1654 appareat,
703 1578 759 1637 boc
789 1596 883 1653 genus
913 1576 1108 1653 investigandi
1136 1576 1228 1636 latera
1260 1577 1370 1652 ligurae
1400 1578 1489 1653 plane
1520 1577 1593 1636 nibil

246 1671 398 1725 commune
426 1665 534 1726 babere
566 1682 632 1724 curn
659 1665 874 1724 delinitionibus
904 1668 1024 1738 nostris,
1056 1680 1175 1728 numero
1203 1663 1233 1733 Ι,
1256 1663 1302 1737 ΙΙ,
1325 1664 1381 1722 ΙΠ.
1404 1666 1589 1741 praemissis,
1658 1660 1662 1670 '

247 1752 363 1822 notabis
384 1754 493 1827 primo,
525 1752 594 1828 quid
616 1752 785 1829 profiteatur
807 1754 881 1828 haeq
903 1755 1016 1812 cossica
1043 1754 1184 1833 subteneo
1206 1751 1329 1827 Byrgii?
1374 1752 1516 1811 Nimirum
1538 1752 1594 1811 hoc

248 1840 299 1897 illa
320 1840 487 1928 profitetur,
518 1842 542 1898 sl
566 1842 789 1912 constituantur
800 1851 912 1931 septem
943 1843 1016 1898 inter
1038 1856 1069 1898 se
1093 1841 1229 1897 continue
1251 1839 1514 1915 proportionales
1506 1856 1535 1897 ιιι
1558 1856 1595 1898 ea

247 1930 458 2003 proportione,
481 1944 567 2002 quam
590 1927 680 1988 babet
700 1928 779 1987 latus
801 1911 966 2006 septanguli
995 1926 1032 1985 ed
1055 1927 1303 1986 semidiametrum
1325 1926 1439 1999 circuli,
1470 1943 1593 2003 quarum

248 2014 508 2091 proportionalium
538 2017 635 2090 prima·
661 2018 699 2073 sit
726 2018 822 2091 ipsum
849 2014 1016 2092 septanguli
1044 2013 1137 2072 latua.
1166 2023 1236 2073 tunc
1262 2023 1374 2090 septem
1397 2016 1505 2090 primas
1528 2031 1594 2073 cnm

247 2101 359 2178 septem
382 2104 491 2178 quintis
515 2101 685 2161 tantundem
709 2102 831 2174 efficere,
854 2111 994 2178 qnantum
1014 2104 1053 2160 14
1076 2103 1178 2161 tertias
1200 2115 1268 2162 cnm
1289 2118 1355 2189 nna
1370 2104 1503 2178 septima.
1525 2099 1593 2192 ῌοο

248 2191 437 2249 enunciatum
463 2188 580 2265 quidem
612 2197 657 2249 est
688 2191 895 2264 geometricum
922 2198 963 2250 ct
983 2171 1236 2267 demonstrabile,
1227 2179 1326 2252 ιἰιοιι
1335 2191 1430 2255 minua
1453 2206 1542 2265 quam
1564 2190 1594 2246 in

248 2277 461 2352 superioribus,
496 2276 613 2352 quando
636 2276 864 2336 demonstratum
887 2278 957 2348 luit,
991 2276 1123 2355 planum·
1135 2276 1285 2351 oetanpull
1308 2293 1372 2338 esse
1395 2293 1511 2349 meson,
1543 2283 1595 2334 ant

249 2364 325 2422 latus
348 2364 529 2438 dodecagoni
552 2381 617 2423 esse
639 2363 764 2439 alicujus
794 2365 889 2424 lineae
912 2362 1080 2441 apotomen.
1115 2364 1192 2432 illic
1215 2366 1300 2448 enipi
1315 2362 1462 2456 tletplano
1485 2372 1536 2421 aut
1559 2362 1594 2423 de

249 2452 326 2511 linea
354 2435 483 2526 dliquid
495 2452 717 2523 menciebatur,
752 2451 801 2512 lric
832 2451 867 2511 de
898 2454 1096 2527 proportione
1112 2435 1270 2543 linearum
1265 2431 1411 2530 aliquid
1414 2453 1593 2511 enunciatur.

249 2537 289 2597 At
310 2541 387 2597 sicut
409 2556 467 2597 nen
491 2538 599 2597 suflicit
620 2537 691 2597 mibi
714 2539 752 2597 ad
775 2541 925 2598 scientiam
942 2545 971 2598 et
986 2538 1025 2598 ed
1047 2533 1294 2610 mensurationem
1299 2538 1406 2624 plnpi,
1428 2541 1501 2598 scire
1523 2536 1594 2597 illud

250 2643 314 2684 esse
336 2643 445 2697 meson,
470 2642 528 2683 non
542 2625 580 2685 ad
596 2625 690 2686 lineae
706 2629 969 2699 mensurationem,
984 2628 1057 2686 scire
1072 2626 1151 2703 quod
1166 2615 1236 2685 illa
1241 2630 1281 2685 sit
1296 2620 1421 2701 ιιΙΙΙιΙΙιιι
1444 2615 1594 2702 apotome.

249 2731 315 2772 cum
344 2722 374 2771 et
401 2712 509 2771 multae
538 2716 596 2772 sint
623 2713 806 2789 hujusmodi,
837 2723 865 2774 et
893 2714 1048 2790 descriptio
1080 2732 1133 2774 ex
1144 2714 1199 2773 bac
1221 2715 1327 2780 notitia
1345 2713 1484 2787 genmali
1506 2711 1594 2785 nulla,

250 2805 397 2875 quantitas
419 2799 499 2877 plani
523 2799 570 2858 vel
593 2799 687 2860 lineae
710 2800 791 2860 nulla
805 2812 884 2860 certa
907 2810 937 2861 et
952 2803 1144 2861 determinata
1159 2805 1284 2874 eruatur,
1308 2800 1360 2861 sed
1383 2807 1597 2877 consequentur

250 2888 450 2970 tantammodo
478 2888 535 2946 bae
543 2888 730 2964 ,affectiones
759 2897 846 2948 antea
877 2892 1050 2948 constitutas
1082 2897 1112 2948 et
1139 2887 1300 2967 descriptas
1329 2890 1520 2971 quantitates:
1553 2888 1597 2948 sio

251 2978 338 3033 etiam
361 2975 409 3033 hic
432 2991 489 3033 nen
511 2975 626 3045 suflicit,
650 2984 682 3032 ut
705 2978 805 3046 sciam,
829 2976 899 3051 quid
914 2978 953 3036 sit
966 2977 1104 3050 loturum,
1128 2977 1212 3036 lactis
1234 2982 1345 3053 septem
1368 2978 1504 3035 continue
1525 2991 1596 3051 pro-

252 3062 464 3137 portionalibus
487 3064 515 3117 in
539 3065 733 3138 proportione,
759 3082 846 3139 quam
869 3063 1010 3129 desidero,
1034 3063 1085 3122 sed
1109 3080 1174 3122 cnm
1197 3082 1262 3125 eam
1285 3055 1501 3140 proportionem
1522 3079 1597 3121 non·

251 3150 318 3209 dum
342 3150 468 3209 habeam
497 3147 557 3208 ullo
585 3153 760 3224 geometrico
792 3158 859 3209 actu
888 3150 1078 3228 descriptam,
1108 3150 1180 3209 illud
1203 3153 1292 3228 igitur
1314 3150 1533 3227 exspectabam,
1566 3156 1598 3207 ut

252 3239 385 3313 quisme‘
409 3236 526 3295 doceret
556 3237 742 3312 priusillam
770 3240 987 3313 proportionem
1011 3240 1194 3299 constituere.
1240 3238 1289 3298 Sic
1311 3240 1388 3298 enim
1411 3239 1440 3295 in
1463 3237 1599 3295 omnibus

252 3325 419 3401 praemissis
441 3324 541 3399 figuris
563 3324 758 3399 praecedebat
781 3321 951 3401 descriptio,
973 3327 1133 3401 inscriptio,
1158 3325 1361 3385 determinatio
1382 3332 1478 3385 certae
1502 3341 1598 3401 qnan-

252 3415 344 3471 titatis
367 3419 520 3486 certusque
543 3420 626 3470 actus
647 3415 851 3486 geometricus,
874 3430 934 3488 quo
958 3412 1229 3489 perficereturbaec
1248 3413 1468 3497 determinatio,
1490 3426 1599 3488 seque·

252 3503 337 3559 batrrr
360 3499 489 3557 demum
499 3500 621 3559 scientia
643 3501 851 3574 proprietatum
875 3499 999 3574 illarum,
1024 3517 1100 3576 qnae
1123 3500 1270 3560 iaciebant
1291 3501 1329 3561 od
1352 3501 1599 3577 comparationem
1710 3498 1714 3509 '

252 3591 325 3647 inter
347 3605 378 3645 se
400 3586 566 3661 figurarum

339 3672 379 3733 Ut
401 3673 506 3731 clarius
529 3683 670 3749 appareat
693 3652 846 3733 discrimen
869 3675 1020 3750 utriusque
1042 3678 1099 3748 rei,
1127 3674 1280 3738 videamus
1302 3674 1529 3750 pentagonicum
1550 3672 1597 3733 la·

253 3772 308 3834 tus,
333 3761 427 3836 eujus
439 3759 620 3819 describendi
642 3760 775 3819 modus
768 3779 798 3817 ιιι
820 3762 1019 3863 superioribus
1042 3762 1089 3821 bic
1111 3771 1194 3835 erat,
1206 3770 1239 3822 ut
1261 3760 1425 3836 conjunctis
1449 3742 1599 3837 quadratis

253 3849 377 3921 duobus,
399 3864 458 3907 uno
480 3848 701 3921 semidiametri,
724 3848 815 3908 altero
838 3849 902 3924 ejus
925 3848 1070 3909 dimidiae
1086 3852 1195 3926 partis,
1218 3852 1248 3908 in
1271 3849 1393 3908 lormem
1416 3848 1602 3925 quadratam,
1668 3843 1671 3853 '

242 3937 288 3996 ‘ab
312 3935 400 4012 hujus
423 3934 556 4015 quadrati
589 3936 679 3995 latere
702 3936 880 4013 aulerrcmua
909 3921 1058 3996 dimidiam
1085 3947 1198 4013 partem
1227 3937 1449 4008 semidiametri,
1479 3935 1598 3997 relictae
1640 3950 1642 3954 ’

253 4025 362 4083 lineae
371 4015 544 4097 quadratum
567 4037 680 4082 rursum
710 4041 774 4082 cunr
806 4022 948 4099 quadrato
979 4023 1187 4083 semidiametri
1210 4025 1401 4101 compositum
1424 4026 1459 4081 Ιιι
1476 4013 1597 4083 sormam

252 4111 447 4185 redigeremus
470 4110 661 4187 quadratam,
688 4111 777 4186 liujus
809 4130 836 4170 ιι.
861 4110 996 4187 quadrati
1018 4110 1096 4170 latus
1118 4113 1180 4171 lore
1203 4109 1280 4171 latua
1301 4113 1469 4188 pentagoni.
1513 4111 1598 4170 Haec

252 4201 348 4258 omnia
371 4204 454 4257 erant
477 4197 555 4256 iactu
570 4208 600 4257 ct
614 4198 767 4273 possibilia
789 4207 818 4257 et
840 4198 972 4258 faciliora
988 4216 1076 4274 quarn
1098 4198 1185 4270 dictu,
1209 4206 1247 4257 nt
1263 4208 1378 4272 norunt,
1396 4200 1452 4275 qui
1476 4200 1613 4257 circinos

252 4293 387 4345 tractant.
432 4283 510 4357 Quid
534 4304 561 4343 ιι.
586 4285 711 4356 facilius,
743 4304 830 4361 quam
858 4295 968 4345 rectum
989 4285 1130 4362 angulum
1153 4285 1243 4345 GAM
1265 4282 1346 4367 (lig.
1371 4283 1406 4368 8)
1428 4286 1539 4358 lacere,
1570 4291 1599 4344 et

253 4376 280 4440 in
303 4374 370 4448 ejus
393 4372 524 4430 cruribus
555 4376 672 4448 signare
700 4381 744 4431 ut·
762 4372 844 4432 lubet
868 4373 928 4432 AM
951 4372 1073 4450 ejusque
1096 4372 1311 4450 duplam-AG.
1341 4381 1371 4433 et
1399 4376 1495 4449 posito
1523 4372 1598 4449 pede

253 4453 359 4528 circini'
374 4476 433 4517 uno
457 4462 485 4516 in
509 4457 552 4535 M,
574 4459 666 4519 altero
690 4463 717 4517 Ιιι
742 4459 769 4519 G
793 4470 927 4533 extenso,
951 4461 1076 4520 scribere
1099 4461 1238 4521 circulum
1261 4461 1323 4535 GP,
1347 4464 1515 4520 continuata
1537 4460 1597 4519 MA

252 4548 352 4620 ΙιιΡ,
362 4546 486 4621 denique
510 4544 563 4603 GP
585 4547 692 4607 cirlino
715 4546 969 4625 comprehendere,
992 4554 1022 4607 et
1043 4549 1074 4606 iu
1096 4548 1185 4609 alium
1208 4548 1355 4621 circulum,
1379 4548 1462 4624 cujus
1477 4546 1533 4609 Gn
1549 4565 1598 4608 se-

251 4635 440 4704 midiametcr,
464 4634 591 4694 inferre?

335 4724 378 4780 At
401 4720 468 4779 vide
490 4738 579 4793 nunc,
614 4720 685 4795 qnid
707 4721 792 4778 nobis
822 4719 857 4778 de
885 4718 976 4780 latere
1008 4725 1203 4797 pentagonico
1233 4722 1312 4781 dicat
1334 4739 1418 4781 cossa
1440 4722 1597 4799 Byrgiaua
1722 4741 1724 4745 ·

251 4809 306 4869 llla
320 4807 458 4868 methodo
481 4811 560 4884 priua
576 4808 703 4867 deducta
701 4807 813 4889 prodit
828 4824 978 4868 numerum
1002 4804 1075 4866 t¹-
1079 4804 1182 4880 5¹¹¹÷
1206 4807 1242 4869 1v
1264 4809 1418 4886 aequalem
1440 4809 1599 4874 subteosae

251 4896 338 4971 nnlliJ
369 4895 417 4953 id
428 4904 473 4953 est
511 4898 534 4952 si
559 4900 687 4970 quinque
710 4896 780 4953 liant
803 4894 904 4954 ordine
928 4897 1066 4955 contiuuo
1089 4896 1336 4974 proportionales,
1359 4913 1483 4972 quarum
1504 4898 1599 4972 prima

251 4984 389 5046 sirletus
411 4987 585 5063 pentagoni,
616 4986 765 5059 proportio
789 5000 860 5044 vero
892 4986 932 5042 sit
952 4982 1018 5057 illa,
1048 5001 1125 5061 qnae
1152 4994 1197 5045 est
1224 4984 1322 5044 lateris
1350 4986 1537 5060 pentagoniei
1560 4983 1601 5043 ad

250 5072 512 5144 semidiametrum,
543 5081 612 5128 tunc
644 5073 772 5145 quinque
800 5073 907 5146 primas
937 5088 1001 5130 com
1030 5089 1088 5131 una
1117 5075 1220 5147 quinta
1249 5072 1310 5132 lore
1340 5070 1480 5147 aequales
1510 5073 1599 5147 qoin-

251 5177 307 5235 qne
328 5161 432 5217 tertiis.

336 5246 472 5315 Rursum,
496 5252 528 5302 ut
550 5246 577 5299 in
600 5243 783 5319 septangula,
806 5263 864 5304 non
887 5244 973 5305 docet
995 5245 1169 5305 conantuere
1183 5246 1349 5304 continuam
1371 5246 1597 5321 proportionem,

251 5337 278 5391 in
300 5351 361 5409 qua
383 5334 439 5393 hoc
461 5332 521 5403 fiat,
545 5349 599 5390 nec
621 5334 759 5407 exprimit
762 5332 981 5408 longitudinem
1003 5332 1263 5408 proportionalium
1285 5340 1419 5409 perante
1440 5340 1524 5413 nota,
1545 5333 1597 5392 sed

251 5421 342 5492 docet,
366 5439 405 5479 ea
427 5421 593 5490 constituta,
618 5436 693 5494 quoe
715 5430 854 5495 sequatur
877 5420 1001 5479 allectio.
1032 5416 1146 5478 Jubccr
1161 5421 1248 5496 igitur
1268 5429 1486 5497 repraesentare
1507 5421 1598 5481 allec·

251 5510 372 5581 tionem',
405 5507 466 5566 lore
490 5509 582 5576 enim,
617 5516 648 5565 ut
671 5506 812 5565 babeam
818 5516 848 5566 et
870 5506 1094 5583 proportionem.
1140 5506 1180 5565 At
1202 5508 1349 5583 quomodo
1370 5508 1596 5584 repraesentabo

251 5597 452 5674 allcctionem,
476 5610 534 5669 quo
557 5604 623 5652 actu
645 5594 847 5668 geometrico?
890 5591 978 5652 Nullo
1000 5591 1059 5652 alio
1082 5591 1112 5651 id
1135 5593 1242 5654 doceor
1264 5596 1375 5669 iacere,
1398 5611 1487 5690 quam
1509 5613 1596 5655 usur-

250 5684 347 5759 pando
369 5683 596 5759 proportionem,
621 5698 709 5756 quam
723 5698 860 5759 quaere;
872 5680 1045 5757 principium
1066 5681 1175 5758 petitur
1188 5689 1219 5745 et
1240 5686 1326 5745 miser
1344 5679 1516 5758 aalenletm,
1541 5682 1596 5743 de·
