3684 7259
329 1218 393 1278 414
793 1208 959 1280 Appendicis
977 1207 1200 1298 Harmonicorum

328 1388 455 1449 Materia
488 1385 695 1447 declarationis
728 1397 795 1447 tuae
825 1406 986 1465 sensusque
1014 1400 1083 1448 sunt
1113 1390 1289 1465 increpantis
1322 1390 1439 1464 potius,
1476 1398 1509 1447 ut
1536 1390 1561 1445 si
1589 1404 1672 1463 quem

327 1478 414 1552 juxta
440 1485 470 1535 te
493 1478 698 1534 consistentem
722 1477 751 1531 in
774 1476 907 1551 publico,
939 1494 993 1535 nec
1016 1478 1137 1537 verbum
1160 1477 1369 1555 proferentem,
1400 1476 1499 1535 verbis
1521 1475 1673 1551 profligare

327 1564 452 1640 locoque
474 1563 583 1638 pellere
606 1562 873 1621 stomachabundus
900 1568 1078 1630 annitereris.
1116 1552 1157 1621 'ln
1181 1563 1295 1639 pulpito
1327 1581 1372 1621 me
1395 1566 1585 1622 constitutum
1607 1565 1670 1620 exi·

328 1651 493 1721 stimabam,
517 1650 585 1709 dum
609 1666 682 1725 opus
704 1649 914 1709 Harmonicum
936 1653 1032 1710 scribo
1055 1654 1361 1727 comparationemque
1386 1653 1414 1707 in
1436 1650 1492 1709 fine
1515 1650 1670 1725 subjungo,

327 1747 359 1797 tu
382 1755 450 1797 ecce
471 1755 518 1796 me
541 1736 578 1795 ad
601 1754 713 1795 morsm
736 1755 887 1796 censuram
912 1756 1009 1799 vocas.
1055 1738 1250 1818 Resdondebo
1267 1738 1401 1814 equidem
1418 1737 1455 1796 ad
1473 1738 1598 1813 objecta,
1622 1735 1672 1795 s'ed

237 1891 242 1899 ,
328 1825 364 1884 dc
386 1825 515 1902 pulpito,
546 1822 616 1882 illud
645 1824 783 1882 honestas
814 1825 957 1902 postulat,
990 1826 1046 1884 hoc
1068 1828 1203 1901 aequitas
1231 1828 1380 1901 permittit
1426 1824 1535 1883 Censes
1565 1841 1672 1883 errores

330 1930 476 1988 quemque
498 1929 568 1971 suos
590 1929 647 1970 non
671 1920 749 1971 recte
771 1912 916 1972 obducere
941 1912 1071 1971 colorum
1095 1914 1275 1973 diversorum
1299 1914 1493 1985 obscuritate;
1520 1911 1623 1969 duram
1645 1914 1672 1968 in
1705 1969 1710 1979 ,

325 1999 387 2071 bis,
418 2002 469 2076 qui
490 1999 563 2058 talia
584 1998 707 2072 audent,
735 2002 871 2073 agnoscis
894 2000 1017 2058 frontem
1039 2009 1128 2075 atque
1150 2000 1302 2059 audacem.
1347 1999 1509 2058 Laudabile
1539 2001 1672 2056 nimirum

328 2088 384 2146 boc
413 2096 457 2146 est
485 2089 600 2145 initium
630 2102 769 2146 censurae
791 2096 875 2158 tuae,
909 2098 1041 2163 promtus
1070 2104 1177 2147 annuo.
1224 2088 1316 2146 Facta
1343 2084 1393 2146 'vel
1421 2089 1529 2164 scripta
1556 2088 1672 2163 propria

329 2192 420 2249 negas
442 2172 610 2233 extollenda
631 2190 683 2249 per
705 2173 878 2250 philantiam
903 2192 1068 2249 vanamque
1090 2175 1230 2250 gloriam:
1255 2175 1411 2234 adsentior.
1457 2174 1540 2231 Vitia
1555 2173 1673 2249 publica

330 2279 395 2320 cum
426 2264 599 2320 auctoritate
629 2270 726 2318 taxas:
761 2262 880 2348 interept
910 2262 1044 2339 publice,
1078 2272 1111 2320 ut
1133 2270 1161 2321 te
1187 2279 1253 2320 cum
1282 2263 1423 2336 juventus
1446 2259 1580 2319 studiosa
1612 2271 1671 2318 turn

328 2351 483 2426 scriptores
513 2365 614 2407 omnes
641 2347 771 2408 audiant.
817 2347 953 2424 iniquum
978 2367 1093 2420 censes,
1123 2367 1298 2425 quemquam
1325 2366 1357 2407 se
1379 2349 1489 2425 populo
1522 2346 1671 2407 venditare

252 2505 258 2514 ι
326 2454 378 2513 per
408 2436 505 2494 laudis
534 2436 654 2495 altanus
685 2433 888 2494 detrimentum
925 2437 1124 2512 honestaeque
1156 2437 1250 2496 lamae
1283 2435 1514 2512 depressionem,
1549 2451 1667 2510 operum
1702 2467 1707 2478 .

325 2526 483 2600 praeconia
505 2539 624 2582 suorum
646 2539 697 2597 per
718 2521 843 2581 aliorum
866 2524 987 2598 injurias
1010 2534 1039 2582 et
1062 2522 1188 2583 dedecus
1214 2539 1264 2582 ore
1279 2524 1388 2596 iniusto
1403 2523 1591 2581 ebuccinare:
1616 2524 1671 2579 ini·

326 2613 498 2686 quissimnm
539 2611 596 2669 hoc
625 2611 742 2667 omnino
773 2620 802 2669 et
825 2613 987 2688 praeceptis
1014 2611 1122 2670 divinis
1151 2611 1342 2691 humanisque
1369 2612 1554 2670 contrarium.
1602 2609 1671 2669 h'on

324 2698 578 2774 prosapiasdam
596 2696 762 2766 vtertoribus
783 2698 937 2769 maetam
967 2698 1004 2755 de
1031 2699 1116 2756 libris
1136 2698 1222 2757 editis
1250 2716 1271 2756 c
1300 2698 1550 2773 disceptantibus:
1585 2696 1671 2773 plane

326 2789 447 2861 inquam
476 2785 533 2844 hoc
556 2794 654 2844 vetare
680 2786 793 2860 justum
821 2796 1013 2861 sanctumque
1041 2795 1093 2845 est.
1139 2785 1295 2862 Scripsisse
1318 2795 1364 2855 te,
1398 2787 1456 2858 ais,
1490 2782 1669 2860 simpliciter,

325 2876 452 2944 sincere,
484 2873 614 2931 voluisse
642 2871 757 2949 placere
784 2871 910 2949 populo:
938 2870 1039 2949 indo.
1083 2871 1182 2948 Negas
1210 2884 1239 2931 te
1262 2889 1429 2949 quenquam
1458 2871 1592 2930 clanculo
1623 2870 1669 2929 nel

327 2970 427 3035 aperte
450 2963 647 3037 vituperasse:
671 2969 824 3019 contentus
838 2965 915 3020 sum.
957 2957 1040 3019 Halo
1061 2963 1207 3019 naninem
1219 2960 1363 3031 affecisse,
1387 2958 1500 3018 nullum
1525 2961 1553 3016 in
1578 2976 1671 3033 quen-

325 3064 414 3123 quam
436 3045 567 3107 dicacule
589 3048 727 3124 probrum
750 3045 873 3121 dixisse,
901 3046 1010 3105 nullius
1033 3048 1142 3105 samam
1164 3048 1292 3124 invidiae
1313 3049 1488 3122 aeruginoso
1512 3046 1599 3104 dente
1621 3064 1670 3104 ar-

324 3137 446 3207 rosisse,
490 3136 601 3211 cynicis
637 3135 766 3193 moribus
796 3134 1008 3209 calumniisque
1039 3136 1231 3195 abstinuisse:
1270 3145 1377 3206 macte,
1411 3132 1611 3192 Christianum
1638 3143 1668 3191 te

324 3231 472 3298 praestas,
501 3239 589 3298 perge
612 3223 670 3296 itai
715 3220 813 3297 Negas
836 3236 864 3281 te
886 3239 1019 3281 sermone
1050 3226 1202 3281 temerario
1237 3239 1336 3279 usum:
1370 3239 1508 3297 magnum
1531 3230 1559 3279 te
1582 3238 1669 3296 prae·

326 3309 409 3382 dico,
439 3313 464 3367 si
487 3308 543 3367 hoc
564 3323 659 3385 usqne
680 3305 797 3383 quaque
820 3310 942 3382 cavisti3
963 3325 1029 3366 rara
1052 3307 1169 3384 linguae
1177 3352 1185 3383 ,
1211 3325 1278 3367 rara
1301 3307 1404 3366 calami
1426 3307 1550 3367 felicitas
1575 3310 1670 3365 omni·

326 3397 439 3472 busque
454 3398 600 3455 encomiis
614 3393 819 3478 praedicanda.
866 3395 965 3471 Atque
978 3396 1055 3467 binc,
1078 3397 1131 3467 ais,
1155 3405 1183 3454 te
1204 3397 1399 3470 constituisse,
1423 3398 1670 3472 comparationem

325 3501 422 3543 meam
445 3485 585 3561 replicare
608 3481 801 3542 amaritudine
822 3485 966 3561 seposita:
1000 3483 1079 3543 bona
1101 3500 1190 3542 causa
1212 3482 1382 3559 impellens,
1410 3483 1551 3559 propositi
1578 3484 1669 3541 torma

326 3572 556 3647 speciosissima,
588 3589 639 3648 spe
667 3569 770 3647 plenus
801 3587 875 3629 sum.
922 3568 1150 3629 Animadvertit
1177 3588 1198 3627 c
1225 3588 1273 3628 me
1302 3570 1356 3628 tibi
1383 3569 1496 3642 objecto
1518 3570 1670 3628 maalle

327 3658 491 3731 arbidius,
515 3659 650 3735 agnoscis
673 3668 768 3716 tamen
791 3674 930 3715 serenam
952 3659 986 3714 in
1008 3661 1046 3715 iis
1076 3657 1299 3732 quodammodo
1319 3659 1469 3733 frenum:
1503 3673 1560 3715 uon
1584 3656 1669 3729 male,

327 3753 360 3803 ut
382 3744 480 3817 video,
502 3761 597 3823 neque
620 3755 650 3805 tn
674 3743 710 3803 de
733 3762 779 3803 me
801 3743 991 3821 speras,'nisi
1013 3747 1038 3802 si
1062 3746 1090 3802 in
1106 3761 1178 3803 voce
1201 3744 1347 3802 subtiliter
1369 3742 1561 3802 subtilissima
1579 3742 1670 3802 lateat

327 3835 515 3908 querimonia
559 3833 624 3907 Ego
647 3832 732 3903 mibi,
756 3832 898 3903 Roberte,
921 3834 995 3891 meis
1018 3830 1111 3890 veluti
1133 3830 1314 3911 auditoribus
1339 3828 1374 3890 de
1397 3831 1511 3906 pulpito
1534 3848 1601 3889 sum
1624 3830 1669 3889 lo-

325 3930 409 3978 cutus
432 3918 468 3979 de
483 3919 654 3980 Ptolemaeo
677 3936 770 3994 aeque
793 3928 882 3994 atque
905 3918 942 3978 de
962 3917 1101 3992 Roberto,
1126 3928 1266 3993 quantuni
1289 3918 1327 3977 ad
1350 3915 1524 3977 enidiendos
1545 3917 1669 3977 lectores

325 4008 488 4067 conducere
524 4025 588 4065 sum
619 4008 792 4077 arbitratus,
824 4006 987 4064 subtilitate
1016 4024 1085 4065 usus
1114 4006 1181 4076 illa,
1216 4024 1291 4082 qaae
1321 4005 1359 4064 ad
1383 4003 1574 4064 dividendum
1597 4007 1670 4064 inter

325 4097 497 4171 scriptiones
526 4094 628 4153 aitines
655 4095 873 4170 requirebatur,
903 4095 1038 4169 ignarus,
1069 4095 1208 4152 interesse
1231 4093 1390 4152 Robertum
1418 4094 1524 4169 ipsum.
1572 4091 1669 4167 Quare

309 4176 406 4241 ¹nihil.
420 4198 534 4253 eorum,
566 4199 642 4257 qpae
664 4181 701 4241 de
723 4182 787 4256 ejus
811 4196 897 4257 opere
920 4182 1036 4258 scripsi,
1067 4169 1356 4257 tanquam⁷austeri
1377 4180 1524 4251 obiectum
1555 4182 1668 4256 scripsi.

325 4267 384 4329 Sed
407 4271 477 4346 quia
498 4269 625 4329 cooritur
646 4285 662 4330 c
684 4268 771 4330 turba
792 4267 938 4327 Robertus
961 4267 1024 4345 ipse
1046 4268 1230 4344 improvisus,
1254 4284 1381 4343 aequum
1401 4264 1537 4343 equidem
1553 4272 1668 4339 censeo,

326 4365 410 4417 utet
434 4359 497 4434 ipse
527 4351 564 4416 da
586 4374 618 4416 se
640 4356 778 4433 loquatur
800 4354 898 4431 dequo'
924 4353 999 4413 libro
1022 4371 1094 4429 suo;
1124 4355 1150 4413 si
1178 4353 1249 4429 quid
1272 4372 1327 4431 ego
1355 4354 1431 4413 libro
1462 4352 1526 4430 ejus
1555 4363 1669 4431 praeter

325 4454 450 4503 mentem
480 4444 627 4522 scriptoris
659 4442 815 4520 adscripsi,
850 4439 957 4513 diluat,
992 4444 1167 4500 contrarium
1194 4450 1351 4513 monstret,
1388 4440 1523 4500 audiatur
1554 4444 1584 4498 in
1614 4441 1669 4500 boe

326 4531 426 4591 mundi
449 4530 576 4590 theatro:
605 4533 714 4609 primus
737 4546 792 4605 ego
814 4531 872 4588 mei
890 4528 996 4604 judicii
1026 4546 1113 4608 snper
1134 4530 1199 4605 ejus
1221 4527 1295 4589 libro
1318 4545 1429 4589 encres
1460 4546 1620 4603 agnoscam
1641 4537 1669 4588 et

326 4618 456 4691 fatebor,
485 4620 511 4676 si
534 4635 586 4678 eos
613 4621 676 4695 ipse
697 4616 768 4676 mihi
791 4616 943 4676 detexerit
988 4616 1151 4691 Torquere,
1182 4614 1322 4687 Roberte,
1357 4626 1453 4687 tecum
1475 4620 1510 4674 in
1530 4633 1669 4676 meacm

324 4707 458 4783 frontem
480 4710 578 4783 potes,
600 4713 772 4781 retorquere
793 4720 852 4764 non
874 4711 975 4783 potes,
998 4706 1054 4761 nisi
1076 4706 1108 4762 in
1128 4703 1287 4762 ferientem.

413 4791 468 4852 Ad
491 4792 676 4872 Analysin
698 4792 724 4853 I.
768 4790 879 4850 Videor
900 4798 930 4850 te
957 4808 1095 4850 accusare
1118 4792 1267 4864 inscitiae,
1301 4792 1421 4863 acriter,
1452 4789 1521 4849 licet
1545 4789 1668 4849 occulte.

323 4879 398 4941 'l'am
419 4881 477 4941 hoc
498 4889 545 4939 est
566 4880 722 4952 occultum,
745 4878 884 4954 Roberte,
905 4888 938 4937 ut
955 4887 1017 4937 toto
1039 4875 1121 4937 coelo
1144 4884 1231 4937 errcs'.
1277 4876 1354 4953 Quid
1371 4880 1484 4937 intersit
1506 4880 1582 4937 inter
1605 4887 1669 4936 tuas

322 4985 462 5044 measque
484 4966 665 5040 harmonias,
694 4966 823 5027 edissero
846 4964 983 5035 fideliter,
1012 4963 1092 5023 nulla
1116 4966 1284 5024 circuitione
1302 4983 1387 5026 usus.
1432 4963 1512 5023 Nihil
1543 4974 1573 5024 to
1597 4968 1686 5023 inter

324 5064 353 5115 et
374 5054 574 5115 Ptolemaeum
597 5053 770 5115 discriminis
793 5061 853 5128 est,
883 5055 939 5110 nisi
963 5052 1043 5129 quod
1065 5062 1096 5111 tu
1119 5069 1254 5128 superes,
1285 5052 1335 5110 ille
1356 5069 1409 5110 nos
1431 5051 1600 5130 quindecim
1618 5070 1668 5111 se·

323 5141 397 5204 culis
425 5145 590 5203 antecessit.
644 5141 709 5218 Quo
740 5143 859 5201 nomine
888 5141 942 5200 tibi
970 5134 1147 5216 parcendum
1162 5140 1362 5211 censuissem,
1396 5140 1470 5211 nisi,
1500 5140 1530 5196 in
1553 5137 1666 5216 pulpito

324 5234 513 5302 constitutus,
537 5230 676 5306 majorem
698 5229 845 5305 proiectus
867 5223 1047 5300 auditorum,
1072 5229 1225 5308 quam-tui
1248 5228 1391 5286 rationem
1413 5225 1594 5285 habuissem.

409 5317 463 5377 Ad
487 5317 671 5395 hnalysin
695 5316 735 5376 11.
779 5314 852 5375 Jure
874 5323 925 5373 tuo
949 5316 1046 5385 uteris,
1070 5312 1149 5391 quod
1173 5330 1251 5392 vere,
1272 5313 1324 5374 sed
1348 5314 1464 5373 concise
1487 5329 1568 5373 ame
1591 5312 1668 5372 dicta

323 5401 401 5484 (nam
425 5404 510 5481 plura
532 5404 568 5464 de
591 5406 649 5463 tnis
672 5401 851 5464 editionibus
866 5420 926 5461 non
940 5399 1091 5481 noveram)
1113 5411 1146 5461 tu
1165 5400 1294 5479 explicas
1310 5401 1406 5460 latius.
1451 5400 1554 5460 Patior
1568 5403 1666 5473 etiam,

324 5502 357 5549 ut
379 5489 500 5550 accedat
522 5492 560 5551 ad
583 5488 815 5567 comparationes
838 5507 920 5549 meas
942 5492 1010 5569 ista,
1033 5489 1111 5566 quod
1133 5490 1236 5563 plnres
1257 5506 1309 5564 eqo
1332 5492 1366 5547 in
1387 5505 1453 5547 meo
1468 5505 1557 5562 opere
1571 5504 1668 5548 annot

327 5579 523 5649 taunasim,
557 5595 645 5656 qnam
673 5589 704 5637 tn
734 5581 762 5635 in
786 5587 837 5636 tuo
865 5576 1073 5656 hebdomadas.
1118 5577 1198 5636 Nihil
1227 5573 1324 5635 mmeu
1353 5574 1505 5649 adrogabo
1530 5578 1668 5651 temporis

310 5663 363 5737 ad
390 5663 720 5744 augendam-gloriam,
757 5682 812 5726 uec
837 5672 951 5725 textum
966 5667 1043 5760 'ipae
1071 5682 1168 5726 meum
1202 5666 1376 5725 immeritum
1406 5662 1468 5744 (lob
1499 5660 1575 5745 268)
1605 5662 1672 5723 taisi
