3684 7259
309 1221 381 1308 Μ
529 1218 531 1220 ’
563 1286 565 1289 ,
721 1219 763 1273 De
783 1208 1047 1286 configurationibus
1065 1211 1242 1274 Hatmbnicis.
1315 1207 1320 1229 ’

309 1401 463 1463 mutabilia
484 1401 565 1460 Deus
588 1398 706 1474 reliquit
728 1400 790 1454 siue
815 1398 894 1453 omni
918 1412 987 1453 eura
1010 1405 1128 1455 ornatus
1152 1397 1321 1471 harmonici,
1347 1402 1416 1475 quin
1440 1402 1538 1476 potius
1561 1411 1661 1460 eorum

220 1552 221 1560 ,
310 1492 410 1565 aliqua
432 1484 481 1569 (ut
503 1500 599 1546 motus
623 1487 806 1562 planetarum
828 1477 976 1561 proprios)
1000 1495 1192 1542 extremorum
1223 1488 1352 1562 ipsorum
1381 1489 1609 1565 praescriptione
1631 1491 1662 1545 ln

311 1578 440 1638 ordinem
463 1576 663 1633 harmonicum
686 1570 811 1646 redegit,
845 1587 920 1645 quae
950 1572 1072 1627 nrateria
1103 1571 1168 1629 libri
1193 1571 1229 1629 V.
1257 1575 1324 1648 erit3
1356 1576 1383 1631 in
1405 1574 1491 1646 aliis,
1524 1578 1574 1633 ubi
1603 1592 1671 1634 non

311 1666 416 1734 dantur
438 1672 576 1734 extrema,
599 1661 651 1719 sed
673 1662 822 1735 quantitas
844 1659 982 1714 motionis
1004 1657 1112 1716 circulo
1136 1676 1268 1718 connexa
1290 1669 1335 1719 est
1357 1679 1455 1720 secrrm
1478 1666 1559 1739 ipsa,
1590 1665 1663 1723 satis

310 1754 414 1812 habuit
437 1750 571 1819 Creator,
600 1750 643 1817 sie
666 1747 845 1804 conformare
867 1746 998 1814 animas,
1030 1749 1170 1804 creaturis
1193 1747 1347 1806 mundanis
1371 1751 1552 1825 praelectas,
1580 1760 1611 1807 ut
1634 1760 1664 1809 et

311 1845 514 1915 exspectarent
536 1845 565 1895 et
588 1838 776 1894 observarent
797 1841 826 1890 et
849 1833 1114 1891 animadverterent
1137 1832 1314 1905 harmonias,
1339 1853 1390 1913 per
1408 1845 1501 1896 totum
1524 1837 1664 1895 circulum

311 1929 372 1986 suis
397 1935 558 2001 temporum
581 1924 737 1981 momentis
760 1921 981 1998 provenientes,
1013 1929 1043 1978 et
1064 1922 1252 1996 operationes
1275 1939 1344 1981 suaa
1376 1923 1414 1982 ad
1438 1923 1553 1982 illarum
1574 1941 1664 1999 prae·
1702 1983 1705 1987 Δ

310 2017 451 2097 seriptum
473 2008 737 2070 accommodarent
782 2005 831 2066 Sic
853 2005 885 2063 fit
908 2024 973 2064 cum
996 2008 1125 2065 motibus
1147 2008 1330 2079 planetarum
1354 2010 1495 2071 ex'l'erra
1516 2027 1664 2087 apparen·
1715 2060 1723 2070 ,

310 2090 390 2160 tibus
404 2099 467 2158 sub
490 2098 627 2170 zodiaco,
650 2098 773 2156 materia
796 2093 883 2167 hujus
907 2093 960 2152 1v
983 2092 1049 2152 libri
1073 2098 1197 2169 propria.

398 2187 490 2263 Igitur
513 2203 578 2245 cum
601 2184 738 2259 operibus
761 2182 817 2240 bet
841 2181 926 2238 nobis
950 2182 1028 2239 notis
1052 2198 1097 2238 res
1120 2182 1283 2257 sichabet;
1306 2183 1437 2258 adquae
1460 2186 1485 2242 si
1504 2185 1566 2260 Jam
1582 2202 1665 2243 eom
1674 2217 1685 2258 ,ι

312 2292 446 2355 paremus
469 2290 513 2345 ea,
537 2289 614 2348 quas
637 2272 769 2329 homines
792 2268 829 2326 ad
853 2267 1037 2326 harmonicas
1061 2267 1141 2341 leges
1164 2268 1307 2360 ordinant,
1331 2274 1437 2347 partlm
1453 2271 1555 2331 eadem
1578 2274 1664 2331 nobis

313 2362 437 2423 dicenda
460 2370 552 2432 erunt,
576 2363 681 2435 partim
705 2358 830 2415 diuersa
875 2354 1004 2413 Primum
1029 2360 1056 2412 iu
1081 2358 1214 2415 cantibus
1246 2350 1311 2417 etsi
1324 2375 1383 2417 nou
1405 2362 1516 2418 minus
1524 2376 1612 2435 qnam
1635 2362 1664 2417 iu

313 2450 396 2510 coelo
425 2448 510 2522 datur
543 2449 682 2506 contiuua
711 2444 883 2520 quantitatis
914 2448 1116 2517 augmentatio
1147 2455 1175 2501 et
1204 2443 1372 2516 diminutio,
1406 2446 1480 2505 haee
1508 2453 1604 2505 umen
1634 2449 1664 2504 in

313 2537 388 2603 coeli
410 2520 538 2594 motibus
567 2536 652 2602 certis
680 2546 801 2590 naturae
829 2529 945 2604 legibus
974 2539 1018 2589 est
1046 2533 1224 2601 necessum,
1255 2536 1284 2588 in
1316 2550 1388 2592 voce
1412 2533 1540 2592 huurana
1568 2551 1665 2609 neque
1739 2545 1740 2548 ’

311 2625 478 2684 neccssaria
500 2630 547 2679 est
566 2638 663 2696 neque
686 2622 774 2679 etiam
796 2618 899 2675 sarcilia.
947 2614 1055 2677 Guttur·
1077 2635 1104 2675 ιι.
1126 2619 1311 2681 distinetione
1328 2620 1500 2679 circulorum
1523 2619 1560 2679 ad
1578 2637 1665 2681 voces

313 2712 483 2771 articulatas
505 2708 614 2766 lactum
638 2714 690 2773 est,
714 2705 888 2779 faciliusque
910 2705 951 2764 ah
975 2715 1061 2763 acuto
1085 2709 1227 2783 ingrana
1257 2717 1288 2766 et
1311 2711 1440 2768 vicissim
1461 2725 1514 2783 per
1536 2708 1664 2768 saltuum
1717 2745 1722 2754 -

314 2798 405 2859 veluti
429 2794 584 2855 intervalla
606 2797 777 2869 sonitusque
808 2791 950 2850 discretos
971 2796 1170 2866 pervenimus,
1203 2799 1338 2871 quamsi
1358 2797 1527 2871 juberemur
1551 2798 1593 2854 uti
1616 2791 1664 2853 in·

313 2890 445 2963 tensione
468 2884 615 2941 contiuua.
659 2880 740 2940 Nihil
763 2881 851 2954 igitur
873 2881 986 2950 mirum,
1011 2882 1039 2936 iu
1063 2883 1190 2939 motibus
1213 2882 1389 2942 coelestibus
1411 2900 1478 2941 eum
1500 2886 1565 2958 ipsa
1587 2900 1664 2959 aug-

297 2974 492 3033 mentatione
515 2979 544 3029 et
567 2969 756 3028 diminutione
781 2969 932 3038 continua,
964 2984 1040 3041 quae
1071 2971 1156 3026 vitari
1187 2984 1245 3026 non
1267 2973 1378 3045 potuit,
1411 2973 1553 3028 mansisse
1577 2972 1665 3029 etiaur

314 3058 469 3121 intervalla
492 3060 676 3128 inconcinna,
707 3059 799 3113 mixta
822 3055 969 3112 concinnis
993 3064 1023 3114 et
1045 3057 1195 3127 consonis,
1226 3060 1254 3115 in
1279 3068 1366 3115 cantu
1389 3056 1536 3129 humano,
1568 3057 1667 3116 elimi-

314 3150 391 3207 natis
414 3145 549 3204 omuibus
573 3146 761 3212 inconcinuis,
785 3140 850 3200 sola
873 3144 1016 3199 concinna
1039 3152 1068 3200 et
1091 3158 1220 3202 consona
1246 3138 1406 3204 observari.
1451 3144 1554 3219 Neque
1577 3145 1668 3204 habet

314 3235 400 3307 ideo,
422 3249 481 3311 quo
503 3230 641 3307 glorietur
664 3240 766 3289 carnus
789 3246 858 3306 prae
881 3229 1059 3287 motionibus
1076 3229 1265 3307 scelestibus,
1293 3233 1350 3290 illis
1373 3250 1400 3291 u.
1425 3230 1506 3289 aliud
1529 3231 1666 3303 officiam,

315 3321 395 3398 quod
417 3323 567 3397 peragant,
592 3327 635 3376 est
658 3317 879 3388 demandaturu3
904 3316 1072 3375 harmonica
1091 3322 1319 3395 contemperatio
1341 3321 1416 3395 ipsis
1439 3326 1484 3376 est
1504 3318 1680 3378 accessorla‘

315 3418 437 3479 tantum,
461 3416 563 3465 cantus
586 3414 700 3483 praeter
723 3404 888 3461 harmonias
911 3403 982 3460 nihil
1008 3404 1087 3478 qnod
1111 3414 1223 3481 spectet
1245 3407 1344 3479 habet,
1367 3405 1440 3464 nibil
1464 3414 1546 3465 extra
1568 3407 1678 3483 requi-·

315 3498 367 3569 rit,
392 3498 421 3552 in
445 3510 533 3552 uuum
556 3492 762 3550 senmurum
785 3490 986 3549 delectationis
1011 3493 1138 3551 intentus
1163 3501 1215 3551 est

403 3586 478 3640 Sunt
510 3589 539 3651 et
569 3579 629 3637 alia
660 3596 749 3656 opera
781 3577 923 3649 humana,
958 3580 986 3634 in
1018 3596 1094 3653 quaa
1125 3597 1207 3640 mens
1238 3582 1440 3658 proportiones
1473 3579 1670 3654 harmonicas,

318 3671 470 3729 obscurius
501 3675 598 3725 taruen
629 3677 658 3725 et
682 3666 783 3738 vilius,
817 3664 992 3737 introducit,
1022 3673 1055 3733 ut
1086 3684 1150 3728 cum
1174 3677 1277 3726 cantus
1306 3684 1364 3726 uon
1387 3666 1529 3742 qualitate
1554 3676 1670 3727 tantum

317 3758 458 3816 acuminis
483 3757 695 3828 etgravitatis,
719 3753 771 3810 sed
794 3754 912 3828 insuper
935 3754 1023 3811 etiam
1046 3771 1181 3813 mensura
1205 3763 1315 3831 tactus,
1343 3756 1538 3831 proportionis
1562 3754 1670 3829 duplae

226 3836 235 3859 ‘
317 3856 346 3903 et
370 3844 473 3920 triplae
496 3844 654 3919 participe,
688 3842 872 3913 inlor·rnatur;
904 3849 933 3897 et
957 3856 1068 3897 rursum
1099 3844 1126 3898 in
1152 3852 1231 3899 urotu
1254 3859 1426 3917 corporum,
1458 3859 1522 3899 curu
1545 3841 1671 3901 saltatur

317 3936 346 3989 in
371 3931 499 4002 choreis,
530 3931 657 4014 primum
680 3926 928 4002 inaequalitatis,
959 3931 1105 4000 posterius
1128 3930 1157 3985 in
1181 3927 1271 4005 dupla
1293 3932 1488 4006 proportione.
1523 3932 1606 4002 [Vide
1624 3933 1670 3988 lib.

316 4019 511 4086 liutoltatgt
553 4016 639 4091 Quod
662 4015 739 4073 idem
771 4021 800 4072 ct
823 4024 929 4089 poetae
953 4016 1102 4073 imitantur
1133 4020 1355 4076 concinnatione
1377 4017 1484 4092 pedum
1513 4033 1552 4074 'ex
1576 4017 1671 4093 sylla·

320 4107 374 4176 bis,
397 4103 488 4180 longa
510 4115 540 4165 et
561 4106 659 4176 brari,
691 4119 813 4177 quarum
843 4101 894 4158 illa
916 4103 1034 4177 ponitur
1062 4103 1239 4179 esse-dupla
1262 4104 1363 4179 hujus:
1395 4104 1446 4162 ubi
1474 4103 1594 4179 jambus
1618 4133 1669 4177 e·,

320 4191 476 4250 trochaeus
500 4224 535 4252 -t,
563 4190 609 4249 vel
633 4190 785 4248 tribrachis
810 4213 880 4246 ese
903 4187 941 4245 ad
964 4187 1144 4264 spondaeum
1168 4213 1241 4259 --,ι
1256 4190 1404 4268 dactylum
1426 4221 1508 4262 -υυ,
1538 4207 1671 4266 anapae-

211 4326 219 4334 ι
319 4288 396 4338 atum
412 4304 486 4352 ow,
510 4280 557 4340 rel
573 4276 804 4353 amphibrachyn
819 4303 901 4345 s-c,
927 4275 974 4333 vel
990 4272 1280 4351 proceleusmaticum
1296 4308 1313 4336 υ
1324 4303 1341 4337 υ
1355 4307 1398 4335 su
1421 4286 1466 4336 est
1481 4288 1514 4336 ut
1535 4280 1554 4336 3
1579 4276 1618 4336 ed
1634 4280 1672 4354 ις

320 4365 358 4424 ad
373 4365 611 4438 bacehiosen,
629 4393 713 4437 ne,
738 4365 876 4422 creticum
894 4393 962 4420 -υ-
988 4374 1292 4439 ειριωοιιιιε-υυυ,
1317 4394 1419 4438 wod,
1445 4392 1551 4436 υυ-υ,
1576 4387 1672 4424 oec-

320 4460 353 4510 ut
376 4456 393 4511 3
418 4452 457 4511 ud
482 4456 518 4527 53
540 4453 578 4513 ad
601 4452 760 4509 irreleasum
785 4481 858 4521 --—,
882 4449 1081 4509 choriambum
1097 4482 1201 4524 -υυ-,
1221 4453 1338 4527 jonicos
1365 4460 1394 4510 et
1410 4454 1586 4529 compositos
1601 4468 1672 4512 arros

320 4549 353 4597 ut
378 4543 392 4597 l
418 4540 455 4598 ad
479 4546 517 4616 23
547 4541 585 4599 ad
608 4539 725 4598 eosdem
748 4537 931 4614 spondaeus,
964 4537 1097 4614 dactylus
1121 4547 1150 4598 et
1173 4544 1223 4615 qui
1245 4539 1367 4599 totidem
1393 4558 1458 4598 eum
1480 4541 1516 4597 iis
1539 4548 1673 4615 tempora

320 4627 445 4691 habent.
476 4638 508 4686 ut
532 4631 549 4685 2
574 4625 610 4686 ad
636 4629 671 4699 33
696 4636 724 4683 et
747 4625 777 4683 hi
799 4626 888 4683 iidem
911 4625 947 4683 ad
972 4643 1115 4703 paeones,
1147 4636 1180 4684 nt
1203 4631 1221 4686 l
1246 4627 1284 4685 ad
1309 4628 1337 4685 5.
1382 4626 1515 4685 Paeones
1538 4643 1609 4685 vero
1629 4627 1671 4686 ‘ad

279 4765 281 4771 .
321 4712 521 4773 choriambum
543 4725 573 4774 et
595 4716 707 4782 socios,
733 4721 764 4769 ut
789 4714 806 4770 5
831 4712 869 4771 ad
893 4713 921 4770 6.

408 4799 551 4878 Adeoque
575 4801 756 4860 delectantur
777 4809 883 4877 poetae
907 4809 936 4857 et
952 4802 1132 4876 grammatici
1149 4803 1237 4858 etiam
1260 4801 1426 4861 nominibus
1439 4801 1672 4878 proportionum,

268 4936 271 4941 .
320 4905 376 4947 usu
399 4889 540 4965 peculiari
572 4888 661 4967 pedes
684 4886 938 4971 quadrisyllabos‚
968 4906 1027 4950 nna
1058 4888 1156 4959 brevi,
1187 4888 1336 4964 epitritos,
1366 4887 1395 4946 h.
1419 4906 1444 4948 e.
1469 4890 1673 4964 sesquitertios

321 4975 519 5054 appellantes,
552 4980 623 5053 quia
645 4984 677 5033 ut
700 4978 938 5052 inproportione
963 4978 982 5031 4
1005 4973 1042 5031 ad
1067 4977 1100 5046 3,
1132 4973 1216 5051 lineis
1246 4974 1395 5051 parallelis
1425 4992 1579 5052 expressa,
1612 4984 1672 5035 tres

287 5053 289 5058 ’
322 5063 441 5139 quidem
464 5066 575 5139 primae
598 5067 724 5121 unitates
755 5061 864 5138 duplici
888 5062 965 5120 linea
989 5071 1258 5135 repraesentantur,
1282 5072 1387 5138 quarta
1409 5072 1521 5124 tantum
1544 5064 1671 5138 simplici

322 5150 495 5222 excedente,
526 5155 569 5210 sic
600 5154 628 5208 iu
659 5151 731 5226 pede
762 5160 819 5207 trus
841 5149 975 5225 syllabae
1008 5158 1076 5206 suut
1104 5149 1225 5208 duorum
1249 5158 1426 5227 temporum,
1457 5158 1560 5226 quarta
1584 5153 1671 5210 unius

321 5245 445 5296 mntem.
491 5238 622 5313 Cumque
650 5255 709 5295 vox
735 5239 800 5312 ipsa
828 5236 935 5313 pedum
964 5236 1000 5294 ad
1025 5237 1129 5295 choros
1159 5236 1287 5308 alludat,
1320 5247 1431 5314 partem
1454 5237 1671 5298 comoediarum

322 5334 352 5383 et
379 5325 612 5401 tragoediarum,
649 5325 783 5382 videntur
810 5324 966 5383 histriones
997 5326 1085 5383 etiam
1114 5334 1194 5383 motu
1231 5325 1336 5402 pedum
1366 5328 1568 5403 proportiones
1597 5325 1671 5384 istas

323 5429 423 5471 omnes
452 5415 643 5491 expressisse,
674 5429 733 5469 nou
762 5413 857 5471 minua
887 5429 975 5486 qnam
1005 5411 1094 5471 hodie
1125 5412 1215 5488 dupla
1244 5421 1273 5470 et
1295 5410 1381 5489 tripla
1412 5414 1590 5488 exprimitur.
1635 5413 1670 5471 ln

322 5498 548 5563 architectonica
577 5515 768 5576 quaecunque
798 5501 1000 5576 proportiones
1030 5499 1221 5573 longitudinis
1250 5498 1287 5557 ad
1312 5499 1495 5558 latitudinem
1516 5500 1568 5559 vel
1588 5516 1687 5558 cras·-

310 5588 419 5665 'sitism
441 5586 597 5664 plurimum
619 5588 787 5664 probantur,
810 5590 898 5645 etiarn
920 5587 1242 5645 anon-mathematicis
1266 5588 1488 5663 spectatoribus,
1513 5604 1566 5646 eac
1580 5604 1671 5663 quarn

235 5748 241 5760 δ
323 5676 472 5750 proximae
499 5673 675 5744 harmonicis
703 5674 897 5733 inveniuntur.
948 5669 1035 5746 Quod
1064 5689 1135 5732 vero
1165 5674 1211 5733 his
1241 5675 1375 5735 omnihus
1409 5675 1671 5735 macrescat
