3684 7259
263 1228 324 1293 m
749 1209 753 1214 ¹
793 1226 836 1282 De
852 1226 1076 1297 Propertionibus

260 1403 355 1463 lacae
376 1406 516 1480 potuisse,
538 1421 605 1463 cum
627 1405 870 1480 profundissimae
893 1406 1038 1482 indaginis
1058 1404 1252 1482 philosophus
1273 1406 1327 1475 sit,
1349 1402 1405 1461 nisi
1428 1400 1510 1477 quod
1532 1401 1612 1461 verl-

259 1490 363 1563 simile,
385 1486 555 1551 difficaltate
578 1493 789 1567 perquirendae
812 1511 918 1554 causae
950 1493 1110 1567 cohibitum
1131 1494 1237 1564 luisse,
1268 1491 1445 1567 quominus
1468 1498 1611 1564 quantum

258 1577 351 1662 uellet
372 1587 552 1655 penetraret,
583 1581 734 1656 satiusque
756 1583 924 1660 putavisse,
952 1580 1063 1657 aliquid
1085 1581 1223 1657 prodere,
1255 1596 1342 1655 quam
1363 1578 1481 1653 penitus
1503 1585 1611 1652 tacere,

259 1664 339 1740 quod
360 1673 444 1741 turpe
466 1666 642 1743 philosopho
665 1685 729 1727 esse
758 1668 901 1730 dictitant.
947 1668 1022 1727 Nam
1045 1685 1121 1744 quae
1149 1684 1260 1744 quaeso
1287 1666 1439 1743 proportio
1461 1663 1611 1723 titillatio-

258 1755 303 1811 nis
325 1752 450 1826 auditus,
474 1755 516 1813 rei
544 1771 718 1831 corporeae,
738 1754 789 1814 ad
812 1754 1010 1817 incredibilem
1040 1755 1121 1815 illam
1144 1754 1339 1830 voluptatem,
1369 1769 1458 1826 quam
1481 1769 1517 1811 ex
1539 1752 1622 1810 har-⁸

258 1842 379 1899 nronicis
401 1845 599 1902 consonantiis
627 1844 705 1901 intus
728 1843 756 1902 in
779 1847 876 1903 animo
904 1845 1084 1919 penitissime
1113 1841 1309 1919 percipimus?
1353 1839 1472 1912 Nonne,
1502 1841 1526 1898 si
1550 1856 1610 1915 qua

261 1926 401 2003 voluptas
428 1937 473 1988 ert
490 1940 530 1988 ex'
553 1928 737 2008 titillatione,
769 1930 805 1990 de
834 1949 871 1991 ea
901 1930 1053 2007 voluptate
1080 1932 1189 2008 primas
1216 1937 1297 1988 tenet
1324 1926 1499 1999 membrum,
1530 1925 1609 2002 quod

257 2014 454 2075 titillationem
476 2016 623 2078 sustinet?
666 2016 716 2076 Sic
745 2020 822 2078 enim
845 2017 1025 2078 definiendus
1055 2018 1126 2076 mihi
1155 2019 1237 2077 visus
1259 2024 1304 2076 est
1334 2030 1437 2074 sensus
1459 2017 1556 2082 omnis
1579 2017 1609 2072 in

256 2101 416 2178 Dioptriois
438 2098 482 2173 (IL
502 2125 527 2173 p.
547 2108 625 2176 539),
658 2103 737 2180 quod
760 2122 796 2165 ea
819 2105 935 2166 demum
967 2108 1006 2164 sit
1035 2104 1172 2165 absoluta
1204 2105 1315 2174 sensio,
1346 2100 1528 2177 voluptatem
1557 2110 1610 2162 aut

257 2188 388 2249 dolorem
410 2192 536 2265 pariens,
560 2207 625 2250 cum
647 2194 760 2268 species
782 2189 903 2253 membri
926 2193 1055 2251 sessioni
1079 2192 1224 2263 destinati,
1248 2199 1281 2249 ut
1298 2190 1389 2249 idest
1410 2189 1546 2248 allectum
1569 2189 1608 2261 ab

256 2284 376 2336 externa
397 2295 437 2350 re,
461 2280 542 2337 veuit
563 2280 718 2338 introrsum
740 2279 778 2338 ad
802 2298 905 2341 sensus
928 2281 1091 2340 communis
1112 2279 1238 2339 tribunal
1263 2282 1427 2337 commeatu
1441 2278 1607 2352 spirituum.

256 2362 325 2423 Jam
350 2381 420 2424 vero
442 2367 471 2422 in
494 2363 645 2426 auditione
668 2370 891 2427 consonantium
913 2384 1019 2428 vocum
1042 2366 1091 2426 vel
1112 2384 1249 2426 sonorum
1277 2381 1353 2441 quae
1377 2380 1488 2439 quaeso
1509 2373 1610 2441 partes

256 2451 417 2528 voluptatis
449 2455 477 2509 in
502 2454 625 2512 auribus
654 2453 801 2533 haerenti
844 2456 950 2515 Nonne
968 2454 1110 2514 dolemus
1137 2454 1280 2517 interdum
1308 2452 1346 2510 ab
1369 2452 1507 2525 auribus,
1538 2451 1607 2511 dum

255 2531 402 2599 inhiamus
422 2539 491 2600 huic
513 2539 666 2615 auditioni,
688 2548 718 2601 et
740 2560 859 2602 manum
875 2545 1050 2620 opponimus
1065 2542 1251 2619 clangoribus
1266 2541 1371 2612 nimiis,
1394 2538 1487 2597 nihilo
1508 2546 1607 2599 mmm

254 2628 350 2686 minus
372 2630 521 2704 pergimus
543 2627 582 2686 ad
602 2630 804 2706 percipiendas
827 2633 1035 2691 consonantias
1054 2638 1092 2690 et
1120 2647 1169 2689 cor
1191 2630 1277 2688 uobis
1307 2626 1477 2686 subsultat'l
1522 2626 1607 2688 Adde

255 2714 335 2789 quod
358 2714 432 2773 haec
454 2717 571 2773 ratioa
591 2722 673 2774 motu
696 2717 823 2777 deducta
844 2720 999 2795 potissima
1021 2725 1067 2777 est
1089 2720 1117 2775 in
1134 2719 1277 2788 unisono,
1301 2716 1434 2773 suavitas
1454 2731 1524 2773 vero
1547 2733 1606 2776 nou

254 2804 412 2878 praecipua
434 2805 462 2859 ln
487 2805 620 2873 unisono,
644 2803 748 2863 sedin
771 2806 1052 2865 aliisconsonantiis
1075 2821 1233 2880 earumque
1254 2803 1474 2875 compositione.
1510 2802 1607 2862 Multa

254 2897 373 2965 possent
395 2889 489 2949 afferri
512 2889 550 2948 ad
572 2890 777 2951 destruendam
800 2893 876 2952 hanc
898 2892 1019 2951 allatam
1041 2896 1184 2952 rationem
1206 2891 1362 2950 suavitatis
1385 2905 1421 2947 ex
1437 2892 1605 2950 consonan-

148 3010 150 3012 .
253 2978 311 3048 tiis,
333 2993 410 3052 quae
433 2978 515 3035 mitto
538 2980 567 3034 in
590 2996 728 3054 praeseus
752 2983 894 3039 curiosius
916 2981 1112 3056 conscribere3
1136 2978 1210 3037 illud
1231 2981 1350 3037 unicum
1363 2975 1488 3048 inculco,
1514 2978 1603 3054 quod,

249 3064 314 3139 jam
335 3081 424 3140 snpra
438 3072 556 3123 tactum
580 3084 598 3124 a
620 3084 676 3140 me,
699 3071 794 3142 possit
817 3085 881 3128 esse
905 3068 970 3127 loco
994 3071 1132 3141 omniunt,
1157 3065 1238 3142 quod
1253 3081 1342 3142 opera
1357 3070 1513 3140 motusque
1537 3082 1604 3125 cor-

253 3167 371 3227 porum,
402 3152 511 3211 aemuli
537 3156 757 3229 proportionum
786 3154 1034 3226 harmonicorum,
1063 3157 1101 3214 ab
1131 3157 1247 3213 animae
1275 3153 1439 3226 mentisque
1471 3154 1604 3227 partibus

252 3246 339 3312 stam,
362 3241 398 3297 iis
421 3256 540 3299 cauum
563 3243 754 3320 assignantes,
779 3260 830 3302 cur
851 3245 1061 3303 consonantiae
1089 3243 1242 3303 delectent.
1286 3240 1348 3300 Neo
1370 3238 1507 3298 abhorret
1530 3259 1605 3300 auc·

253 3328 355 3386 toritas
378 3335 526 3399 veterum,
550 3330 600 3403 qui
624 3330 751 3389 animam
774 3347 851 3390 nunc
872 3337 999 3404 motum,
1029 3348 1107 3390 nuuc
1128 3330 1308 3388 harmoniam
1334 3326 1520 3402 definientes,
1543 3345 1603 3388 uon

252 3423 313 3471 tam
335 3414 463 3475 absurde
485 3413 575 3475 locuti
597 3425 674 3488 sunt,
699 3435 787 3493 quam
810 3421 907 3495 inepto
931 3422 1058 3495 excepti,
1089 3436 1155 3477 oum
1177 3420 1207 3475 in
1230 3416 1317 3475 rebus
1340 3413 1506 3473 difficilibus
1536 3434 1603 3493 my-

252 3502 318 3560 stici
340 3502 513 3578 plerumque
534 3519 637 3563 sensus
657 3503 779 3579 lateam,
801 3507 857 3565 sub
881 3506 1036 3566 verborum
1060 3507 1182 3566 cortices
1203 3502 1353 3564 reconditi.
1398 3497 1511 3561 Timaei
1535 3507 1604 3578 qui-

252 3586 326 3648 dem*
341 3588 495 3650 Locrensis
517 3589 720 3670 philosophia,
750 3593 898 3669 quomodo
921 3596 1084 3670 composita
1111 3596 1150 3653 sit
1178 3593 1276 3651 anima
1305 3608 1340 3650 ex
1364 3592 1602 3666 proportionibus

251 3675 436 3748 harmonicis,
460 3676 497 3737 de
518 3695 578 3754 qua
600 3682 630 3738 iu
653 3680 853 3757 praeambulo,
876 3681 1002 3740 refutata
1025 3682 1129 3741 catab
1153 3677 1311 3739 Aristotele
1332 3678 1361 3734 in
1384 3694 1420 3737 eo
1443 3693 1545 3750 sensu,
1570 3687 1603 3738 ut

252 3771 359 3823 sonant
382 3765 490 3840 verba,
517 3782 576 3824 non
598 3769 692 3828 ausim
724 3776 820 3828 tamen
845 3768 1007 3842 affirmare,
1039 3769 1111 3827 nihil
1141 3770 1227 3826 iniis
1250 3763 1376 3843 pagellis
1404 3763 1512 3836 latere,
1545 3768 1602 3825 nisi

251 3851 330 3927 quod
351 3861 459 3912 sonant
479 3853 591 3926 verbe,
602 3857 661 3914 imo
683 3862 856 3931 negaturum
878 3863 951 3932 puto
974 3859 1128 3927 neminem,
1151 3857 1221 3931 quin
1242 3856 1267 3912 is
1283 3861 1385 3913 auctor
1405 3851 1462 3910 hoc
1484 3852 1522 3910 ad
1544 3857 1602 3911 mi·

162 3983 164 3985 ψ
250 3940 362 3999 ulmum
384 3946 491 4014 mnam,
515 3941 594 4016 quod
616 3941 664 4001 hic
687 3952 797 4015 astruo,
820 3952 947 4004 mentem
963 3961 1027 4004 esse
1051 3941 1419 4018 animumquehumanom,
1441 3938 1525 4015 cujus
1548 3958 1601 4023 seu

247 4026 360 4101 judicio
382 4024 434 4087 sert
456 4029 594 4088 instinctu
617 4047 721 4089 seusus
745 4030 862 4091 auditus
884 4035 1087 4108 proportiones
1109 4047 1226 4101 suaves,
1249 4029 1365 4088 honest
1386 4043 1539 4101 consonas,
1562 4029 1601 4089 ab

250 4114 421 4174 insuavibus
444 4122 473 4174 et
495 4115 621 4176 dissonis
644 4117 801 4191 diecemat,
831 4121 940 4196 quippe
963 4122 1014 4194 qui
1036 4119 1094 4177 hoc
1116 4118 1269 4194 diligenter
1292 4114 1444 4192 expendit,
1475 4131 1601 4192 propor-

249 4204 344 4263 tiones
367 4219 432 4261 eese
452 4205 574 4263 ratiouis
597 4208 685 4280 entia,
708 4210 822 4266 ratione
844 4207 909 4266 sola
930 4223 989 4265 non
1012 4223 1101 4265 sensu
1115 4203 1324 4282 perceptibilia,
1347 4210 1376 4262 et
1397 4205 1601 4279 proportiones

249 4306 304 4350 ceu
325 4290 449 4349 formam
470 4309 490 4350 a
512 4308 542 4351 re
564 4295 787 4370 proportionata
809 4311 862 4354 ceu
884 4296 1008 4354 materia
1030 4292 1223 4369 distinguere,
1246 4293 1352 4351 mentis
1374 4307 1448 4367 opus
1471 4306 1545 4349 ease.

335 4376 409 4437 Cum
432 4386 531 4438 autern
553 4378 627 4439 duas
649 4380 806 4457 liguramm
828 4381 1007 4457 regularium
1039 4383 1231 4459 proprietates
1254 4378 1513 4455 explicuerimus:
1546 4379 1601 4440 de·

248 4464 521 4526 monstrabilitatem
545 4468 733 4528 scimtiilcarn
756 4468 880 4531 latemm
902 4470 931 4527 in
955 4470 1078 4539 singuiis
1108 4474 1137 4528 et
1159 4468 1378 4544 coagmentiam
1401 4467 1475 4524 inter
1496 4482 1528 4524 se
1550 4473 1600 4527 to·

248 4560 343 4611 tarum
362 4552 541 4633 juuctamm,
562 4570 624 4614 non
646 4556 780 4633 ejusdem
799 4557 887 4634 piane
909 4557 1073 4617 latitudinis
1096 4563 1265 4632 utramque,
1294 4553 1330 4613 de
1354 4552 1601 4617 demonstratione

248 4638 367 4715 quidem
399 4642 549 4701 axiomata
578 4651 678 4703 nostra
700 4638 806 4705 sonant
827 4648 1029 4722 potissimum,
1062 4646 1132 4720 quia
1159 4644 1233 4703 haec
1259 4644 1354 4717 magis
1375 4640 1533 4699 :familiaris
1555 4650 1601 4702 est

247 4729 484 4808 proportionibus
506 4735 647 4805 motuum,
672 4749 708 4791 ex
730 4734 839 4809 quibus
861 4736 949 4793 etiam
965 4735 1030 4791 soni
1046 4734 1184 4791 existunt.
1229 4730 1303 4788 Nam
1319 4729 1509 4805 congruentia
1524 4730 1600 4789 inest

246 4815 356 4892 liguria,
379 4824 412 4876 ut
433 4823 514 4878 totae
534 4825 619 4891 eunt,
634 4826 739 4879 motus
762 4836 833 4879 vero
855 4818 979 4897 (quibus
1003 4818 1139 4880 accidunt
1169 4815 1598 4896 proportiones-harmonicae)

248 4902 375 4979 figurae,
403 4922 503 4980 aqua
526 4904 702 4979 derivantur,
725 4905 818 4967 latera
844 4910 874 4965 iu
904 4915 1015 4968 rectum
1044 4905 1204 4968 extendunt
1227 4901 1309 4986 (cum
1338 4903 1470 4980 plerique
1498 4920 1601 4965 omnes

247 4998 280 5049 ut
302 4988 444 5049 rectilinei
466 4990 701 5076 considerentur)
724 5000 754 5052 et
775 4998 819 5054 sic
833 4994 956 5071 liguram
972 5013 1065 5067 suam,
1088 5002 1121 5054 ut
1134 5002 1284 5071 serpentes
1300 5000 1430 5064 matrem,
1453 4993 1598 5066 perimunt

247 5085 276 5135 et
305 5076 464 5138 destruunt.
509 5082 618 5157 Figura
648 5084 841 5158 inquantum
873 5100 1015 5159 congrua,
1047 5081 1184 5145 circulum
1217 5084 1360 5156 integrum
1388 5074 1542 5153 distinguit
1568 5081 1597 5140 iu

247 5172 360 5241 partes,
391 5171 593 5245 proportiones
625 5170 813 5231 harmonicae
847 5170 986 5230 circulum
1023 5170 1191 5230 distinctum
1223 5171 1251 5226 in
1283 5175 1392 5227 rectum
1428 5166 1596 5243 extendunt,

247 5252 442 5314 distinctionis
462 5272 483 5314 a
503 5255 598 5333 ligura
619 5258 714 5319 factae
744 5264 840 5318 actum
864 5258 986 5320 delent-
1015 5258 1065 5319 Sic
1095 5259 1303 5317 consonantiae
1334 5271 1399 5314 cum
1421 5253 1520 5328 figuris
1544 5256 1601 5315 ‹le-

246 5341 483 5402 monstrabilibus
515 5346 545 5401 in
571 5345 714 5405 inlinitum
747 5353 916 5420 excurrunt,
948 5347 1058 5423 ligurae
1089 5362 1235 5421 congruae
1265 5358 1385 5401 numero
1417 5339 1597 5404 duodenario

246 5428 393 5488 liniuntur.
437 5429 573 5507 Denique
597 5433 811 5495 distinctionem
831 5435 932 5496 circuli
956 5433 1105 5510 quaelibet
1126 5433 1219 5509 figura
1241 5432 1312 5491 lacit
1327 5432 1450 5503 unicam,
1475 5438 1505 5489 at
1526 5448 1597 5509 par-

246 5525 291 5576 tas
316 5518 344 5575 iu
367 5515 477 5577 circulo
499 5521 676 5582 constitutae
699 5521 773 5581 duas
795 5540 909 5600 semper
930 5523 1040 5583 iaciunt
1063 5538 1128 5579 cum
1150 5528 1214 5581 toto
1237 5520 1452 5579 consonantias.

331 5604 395 5663 Etsi
416 5620 487 5664 rero
508 5609 606 5683 potior
627 5611 658 5668 in
679 5610 737 5670 hoc
759 5612 844 5671 tertio
865 5609 1038 5675 litterario
1061 5611 1115 5667 erit
1143 5607 1397 5669 demonstrationis
1419 5605 1597 5668 scentitcas

244 5688 383 5768 Um,
404 5708 494 5769 quam
515 5698 725 5773 eumantius
745 5696 905 5773 munus
926 5702 1071 5771 totarum,
1100 5696 1175 5759 haec
1196 5702 1296 5757 umen
1316 5701 1437 5772 propter
1457 5707 1597 5772 magnam
