3684 7259
729 1136 811 1229 Liber
828 1173 874 1230 lv.
894 1176 983 1245 Caput
999 1175 1082 1231 lu
1138 1210 1146 1218 1
1285 1162 1288 1165 ⁴
1421 1214 1424 1221 ,
1502 1185 1564 1243 aet

214 1346 327 1421 copiam
350 1363 409 1406 non
432 1346 606 1425 mediocrem
627 1349 860 1412 harmonicarum
882 1354 1009 1429 partium
1033 1347 1082 1432 (ut
1104 1362 1173 1412 sunt
1199 1355 1345 1413 sectiones
1368 1353 1566 1429 harmonicae,

215 1436 285 1511 toni,
308 1451 424 1509 genera,
447 1435 535 1509 modi
559 1445 720 1514 systemata
749 1449 779 1499 et
800 1440 922 1513 similia)
948 1442 1080 1515 interque
1104 1458 1153 1499 eas
1183 1440 1386 1501 admirabilem
1418 1443 1566 1518 quandam

213 1521 344 1594 politiam
368 1533 598 1599 progenuerunt,
622 1534 710 1601 atque
734 1527 784 1587 illa
805 1544 880 1602 pene
896 1525 1136 1604 tctasuppellex,
1160 1535 1384 1605 quantaqusnta
1401 1538 1453 1602 est,
1477 1532 1566 1600 etiam

214 1608 285 1665 intra
308 1609 382 1666 libro
406 1610 442 1667 V.
474 1613 529 1671 erit
549 1614 758 1688 perscmtanda
786 1622 815 1673 et
836 1613 1021 1688 adhihenda;
1050 1624 1081 1672 at
1110 1633 1187 1677 nuuc
1215 1615 1272 1675 hoc
1294 1615 1369 1676 libro
1393 1625 1497 1692 quarto
1518 1617 1565 1683 ,ab

212 1695 314 1754 iisdem
338 1697 457 1771 quidem
479 1701 577 1758 circuli
599 1703 778 1760 sectionibus
797 1704 886 1761 initio
909 1702 997 1773 iacto,
1020 1718 1090 1769 non·
1103 1701 1260 1762 tamen-ad
1276 1713 1370 1763 rectas
1385 1702 1478 1764 lineas
1494 1720 1564 1782 pro·

212 1786 337 1856 gressuri
360 1802 470 1858 sumus,
493 1786 545 1845 sed
567 1790 642 1855 intra
665 1789 764 1858 circuli
787 1798 879 1848 metas
903 1798 965 1849 toto
990 1788 1197 1864 disputationis
1218 1790 1331 1849 ambitu
1353 1794 1564 1867 consistemusr

213 1887 301 1930 causa
324 1870 403 1931 dicta
426 1881 470 1932 est
493 1891 555 1950 cap.
578 1876 763 1951 praecedenti
787 1876 956 1954 diceturque
987 1875 1113 1951 amplius
1142 1879 1216 1936 inira
1249 1896 1315 1955 cap.
1341 1878 1374 1951 6,
1403 1878 1454 1938 ubi
1477 1887 1507 1939 ct
1529 1863 1565 1940 de

213 1960 386 2035 cognatione
410 1969 438 2020 et
461 1959 497 2019 de
521 1963 625 2021 effectu
647 1962 735 2039 hujus
758 1963 931 2023 discriminis
955 1981 1075 2039 agemus
1099 1964 1242 2040 pluribus.

299 2045 338 2103 ll.
363 2046 512 2121 Quantum
542 2049 580 2108 ad
611 2053 749 2122 terminos
778 2050 998 2110 harmoniarum
1029 2054 1151 2111 istarum
1182 2068 1235 2111 scu
1267 2051 1433 2126 sansctum
1465 2070 1566 2118 earnm

213 2132 328 2206 semile,
351 2133 424 2195 illud
448 2135 522 2194 libro
545 2137 599 2195 ΙΙΙ.
623 2146 706 2196 eraut
727 2142 792 2196 soni
813 2132 948 2196 acuor'inc
978 2147 1007 2198 et
1029 2132 1175 2213 gravitate
1198 2137 1379 2214 differentes,
1414 2142 1513 2216 itaque
1535 2149 1566 2202 et

213 2223 267 2281 snb
296 2229 393 2280 motus
420 2241 512 2298 genus
540 2226 738 2284 reserebantur
775 2233 803 2285 et
830 2225 947 2302 figurati
976 2225 1192 2303 quodammodo
1222 2233 1319 2285 motus
1355 2235 1446 2285 erant.
1499 2226 1565 2287 Hoc

214 2317 316 2385 quarto
340 2327 410 2368 sero
434 2310 507 2369 libro
531 2330 588 2371 non
612 2319 680 2370 sunt
704 2330 808 2385 voces,
832 2322 865 2372 ut
888 2317 916 2370 iu
939 2314 1129 2388 praeambulo
1153 2313 1278 2385 dictum,
1303 2330 1361 2372 nou
1384 2314 1476 2389 aliqui
1499 2332 1564 2381 mc-

213 2408 272 2468 tus,
303 2398 473 2473 intorques
506 2402 570 2474 quis
592 2408 734 2474 agnoscat
762 2399 945 2472 harmonias,
974 2401 1025 2458 scd
1050 2404 1148 2459 insunt
1177 2397 1245 2459 illae
1275 2404 1303 2459 in
1327 2401 1457 2475 angulis,
1489 2419 1573 2477 quos¹
1643 2433 1647 2441 ·

213 2487 273 2543 hini
296 2483 431 2561 planetae
455 2487 545 2546 radiis
566 2487 671 2546 lucidis
695 2490 808 2547 emissis
831 2488 956 2548 formant
980 2490 1009 2545 iu
1032 2487 1136 2563 Terra,
1169 2496 1313 2565 quatenus
1334 2486 1411 2563 ‚talis
1438 2488 1568 2565 angulus

213 2591 278 2631 cum
302 2571 417 2647 angulis
440 2576 524 2632 rectis
548 2583 687 2650 quatuor,
719 2593 807 2634 unum
830 2584 970 2651 punctum
994 2591 1151 2634 concursus
1183 2575 1451 2646 circumstantibus,
1482 2565 1563 2651 copr-

213 2662 309 2736 parari
342 2668 447 2735 petest.
498 2664 596 2737 Atque
624 2664 671 2721 hic
702 2680 776 2737 opus
805 2663 894 2721 habet
925 2663 1016 2721 lector
1044 2662 1144 2740 aliqua
1175 2662 1324 2722 luculenta
1355 2658 1572 2740 admonitione.v

212 2749 337 2807 Possum
368 2750 443 2806 enirn
473 2749 527 2809 hos
556 2750 673 2824 quidem
705 2752 843 2808 terminos
873 2749 1019 2826 explicare
1043 2750 1216 2831 clariuslad
1245 2750 1481 2826 percipiendum,
1511 2750 1563 2811 sed
1592 2788 1596 2797 ·

213 2853 269 2895 non
294 2853 412 2911 possum
436 2838 499 2896 siue
522 2838 650 2913 periculo
673 2839 853 2896 contusionis
886 2840 914 2894 in
940 2840 1024 2896 bene
1035 2837 1289 2913 philosophando,
1322 2839 1379 2895 nisi
1410 2830 1564 2912 diligenter

213 2923 350 2981 lectorem
379 2920 586 2999 philosophum
615 2927 825 3000 praemuniam.
871 2923 944 2983 Cum
974 2926 1051 2983 euim
1081 2927 1195 2983 termini
1217 2926 1415 3003 proportionis
1439 2924 1564 2988 debeant

214 3012 325 3069 differre
350 3013 522 3085 quantitate,
546 3013 719 3088 angulorum
743 3030 812 3070 vero
836 3015 994 3087 quantitas,
1018 3011 1074 3070 hoc
1097 3025 1148 3092 cst,
1166 3028 1309 3084 mensura,
1337 3013 1376 3070 sit
1399 3027 1483 3071 arcus
1507 3013 1570 3072 cir-i
1616 3053 1619 3060 ,

213 3099 286 3170 culi,
318 3116 355 3156 ex
378 3116 535 3157 concursus
559 3101 707 3174 angularis
735 3108 843 3176 puncto
867 3098 1019 3175 descripti,
1053 3108 1084 3157 nt
1108 3103 1135 3156 iu
1158 3102 1319 3175 geometria
1347 3099 1499 3173 docemur,
1521 3099 1564 3160 ·in

214 3194 275 3246 toto
299 3185 417 3260 quidem
440 3187 538 3245 muudi
562 3191 667 3263 spatio,
685 3187 770 3262 quod
793 3195 837 3244 est
859 3186 927 3244 hinc
949 3204 968 3245 a
990 3185 1081 3245 Terra
1101 3205 1195 3263 usque
1217 3186 1349 3245 adfines
1372 3204 1483 3264 rerum,
1506 3204 1563 3247 uon

213 3291 369 3349 possumus
393 3276 506 3349 uspiam
535 3274 697 3334 describere
720 3283 772 3332 aut
794 3273 973 3349 descriptum
995 3275 1128 3333 sensibus
1157 3276 1304 3349 percipere
1329 3274 1484 3348 circulum,
1515 3292 1562 3333 ra-

214 3362 327 3419 diorum
350 3361 466 3437 angulis
489 3362 673 3420 dimetiendis
698 3361 833 3419 idoneum
856 3363 967 3436 magis,
998 3363 1055 3419 uisi
1086 3361 1167 3420 illum
1189 3362 1286 3436 ipsum
1309 3360 1483 3422 sensibilem
1506 3364 1564 3422 cir·
1619 3406 1621 3409 .
1649 3401 1652 3407 -

214 3449 317 3508 culum.
343 3450 371 3503 in
403 3467 516 3507 summo
540 3450 674 3519 aethere,
708 3449 886 3508 creberrimis
918 3447 1107 3507 lixis'stellis
1139 3465 1326 3524 expressum,
1357 3465 1377 3506 a
1399 3449 1505 3524 quibus
1533 3451 1563 3507 in

214 3546 306 3595 certas
330 3537 499 3594 animalium
530 3535 637 3595 tolmas
655 3536 785 3610 ‚redactis
816 3535 865 3593 ille
889 3553 993 3594 nornen
1023 3535 1147 3611 adeptus
1171 3544 1215 3596 cst
1243 3534 1374 3609 zodiaci3
1403 3538 1512 3611 quippe
1534 3545 1564 3597 et

214 3626 268 3683 suh
292 3640 351 3698 quo
375 3626 438 3699 ipso
469 3626 605 3701 planetae
627 3641 741 3700 semper
765 3632 917 3682 versantur
946 3623 1102 3699 locumque
1125 3622 1188 3702 ejus
1222 3639 1310 3680 unum
1340 3623 1449 3696 singuli
1478 3624 1569 3705 nobis

128 3736 130 3738 ’
214 3729 364 3786 corporum
389 3729 506 3769 suorum
530 3710 647 3788 objectu
671 3720 767 3786 tegere
793 3709 946 3787 videntur,
975 3712 1056 3768 etin
1080 3715 1143 3785 ejus
1167 3718 1297 3770 centrum
1313 3709 1415 3770 Tellus
1439 3709 1563 3769 domici-

213 3801 283 3858 lium
307 3809 517 3869 nostrumnon
541 3817 594 3857 suo
618 3805 730 3857 tautum
753 3807 861 3868 centro,
886 3796 965 3873 quod
987 3806 1127 3875 punctum
1149 3807 1201 3870 est,
1224 3795 1275 3857 sed
1292 3799 1381 3857 totius
1404 3795 1480 3856 mole
1497 3814 1563 3856 cor-

214 3890 307 3962 poris,
336 3903 388 3960 pcr
409 3886 493 3962 cujus
516 3887 715 3961 superficiem·
731 3884 864 3960 dispositi
887 3902 989 3944 sumus
1011 3884 1161 3959 homines,
1192 3884 1324 3945 abditum
1348 3902 1412 3946 esse
1435 3875 1560 3943 videtur.

214 3973 293 4033 Nihil
316 3976 404 4047 igitur
434 3982 479 4033 est
508 3984 646 4050 perceptu
676 3972 807 4045 facilius,
839 3990 928 4048 quam
958 3973 983 4030 si
1007 3971 1154 4044 dicamus,
1188 3982 1221 4029 ut
1250 3974 1344 4049 capite
1367 3968 1562 4046 praecedenti,

214 4064 415 4137 proportiones
438 4060 636 4134 harmonicas,
661 4060 828 4135 dequibus
844 4060 908 4134 ,hcc
930 4058 1005 4117 libro
1028 4077 1128 4120 sumus
1152 4061 1261 4132 acturi,
1286 4075 1350 4117 csse
1373 4061 1446 4116 inter
1469 4063 1563 4116 totum

215 4148 351 4209 circulum
375 4145 526 4208 zodiacum
550 4158 577 4208 ct
599 4153 673 4214 inter
696 4148 760 4223 ejus
783 4165 898 4220 arcum,
928 4164 1015 4231 quem
1037 4146 1096 4206 duo
1119 4146 1254 4222 planetae
1281 4143 1390 4203 visibili
1420 4143 1471 4202 illo
1495 4160 1563 4205 core.

213 4255 316 4313 perum
341 4235 457 4311 objectu
482 4234 650 4312 designare,
675 4238 828 4304 terminare
848 4232 899 4293 -vel
921 4250 1053 4293 resecare
1077 4234 1221 4292 videntur.
1463 4296 1464 4299 Ἴ
1526 4281 1542 4301 <-

299 4323 366 4382 Hoc
389 4325 444 4382 etsi
467 4326 510 4381 sic
532 4332 577 4382 cst
599 4332 799 4399 comparatum
827 4338 921 4396 exque
944 4323 1129 4397 geometricis
1157 4328 1186 4377 et
1214 4318 1416 4377 astronomicis
1438 4317 1561 4392 rationi-

215 4414 268 4472 bus
291 4413 400 4487 optime
413 4419 644 4486 pronunciatum,
668 4411 890 4484 diligentissime
907 4416 1004 4467 tamen
1021 4426 1124 4469 cavere
1140 4406 1227 4465 debet
1249 4405 1340 4465 lector
1358 4402 1559 4484 philosophus,

214 4519 248 4560 ue
271 4502 368 4559 animo
391 4509 567 4573 praesumat,
591 4499 771 4557 harmoniam
795 4495 870 4554 hanc
893 4494 973 4570 (libri
998 4494 1114 4570 quidem
1131 4495 1225 4571 quarti
1242 4487 1409 4573 materiam)
1433 4494 1461 4548 in
1477 4489 1561 4560 coelo
1597 4541 1598 4545 ,
1653 4541 1657 4546 .

214 4590 277 4664 ipso
306 4589 394 4663 inque
422 4586 543 4644 zodiaco
568 4587 688 4657 circulo,
721 4593 774 4643 aut
802 4585 891 4641 ctiam
913 4585 944 4638 in
967 4581 1092 4657 planctis
1118 4584 1222 4640 inesse.
1267 4579 1387 4638 Minime
1410 4580 1561 4662 gentiumt

214 4678 288 4734 inest
310 4676 387 4732 euim
410 4673 483 4731 hacc
505 4674 657 4732 harmonia
679 4672 792 4731 zodiaci
815 4669 947 4745 partibus
970 4686 1027 4727 non
1051 4663 1168 4750 propter
1182 4685 1214 4726 se
1229 4669 1318 4742 ipsas,
1342 4682 1407 4726 cnm
1423 4665 1559 4742 planctae

213 4764 361 4823 radiantes
392 4764 533 4819 immenso
558 4760 711 4820 intervallo
741 4760 902 4818 consistant
929 4755 1003 4814 inira
1031 4749 1285 4829 huno²·oirculum,
1315 4754 1374 4813 sed·
1398 4761 1560 4829 propterea,

213 4850 291 4927 qnod
322 4848 390 4907 illac
413 4858 582 4907 mensurant
611 4847 735 4924 angulos
759 4845 904 4905 radiorum
928 4846 957 4899 iu
980 4843 1071 4903 Terra
1101 4844 1346 4915 concurrentium,
1381 4842 1439 4900 imo
1470 4857 1561 4917 prop-

213 4948 300 5007 terea,
325 4936 402 5012 quod
425 4953 482 4994 non
507 4939 587 5011 ipsae
611 4945 678 4994 actu
701 4941 883 5005 mensurant,
914 4930 966 4989 sed
990 4929 1105 4989 illarum
1127 4928 1193 4989 loco
1217 4931 1282 4987 icon
1306 4937 1426 4987 exactus
1447 4925 1560 4987 aodiacl

213 5026 350 5086 coelestis
372 5026 401 5080 iu
425 5026 522 5083 auium
545 5024 694 5082 sublunari
717 5022 773 5081 hoc
796 5017 981 5079 mensurandi
1005 5018 1130 5077 cilicium
1154 5016 1249 5089 subit,
1279 5017 1355 5075 inest
1381 5014 1470 5074 radiis
1492 5012 1560 5093 pla·

211 5122 345 5173 netarum
367 5129 425 5169 non
450 5119 593 5187 quatenns
616 5112 635 5167 ii
658 5109 767 5185 singuli
791 5107 838 5167 vel
861 5124 879 5165 a
900 5105 1020 5182 planeta
1043 5103 1222 5178 descendunt
1243 5120 1306 5175 suo,
1330 5100 1379 5162 vel
1395 5102 1470 5161 lutis
1492 5108 1561 5161 suut
1654 5168 1656 5173 ,

211 5199 330 5260 soboles
352 5197 419 5278 (etsi
442 5217 499 5256 non
523 5200 585 5256 sine
608 5196 691 5275 hoc),
714 5196 766 5255 sed
789 5202 933 5271 quatenus
956 5193 1089 5251 binorum
1109 5185 1292 5266 planetarum
1315 5189 1375 5248 bini
1393 5189 1490 5264 juncti
1510 5185 1560 5254 hic
1624 5234 1629 5244 .

212 5292 241 5346 io
273 5287 370 5346 Terris
402 5294 510 5344 certum
540 5284 667 5360 aliquem
697 5283 896 5341 harmonicum
925 5278 1050 5337 formant
1078 5275 1226 5352 angulum.
1281 5274 1412 5352 Utroque
1441 5267 1559 5352 uomir‘re

211 5376 358 5434 Terrestre
382 5382 425 5432 est
449 5374 504 5432 hoc
527 5373 695 5431 barmoniae
717 5368 881 5443 subjectum
905 5360 1080 5444 (formaliter
1108 5372 1137 5422 et
1169 5366 1197 5421 in
1221 5374 1361 5438 quantum
1389 5360 1463 5422 radii
1487 5363 1560 5424 hunt

211 5464 327 5522 termini
350 5463 545 5537 proportionis
568 5450 779 5536 harmonicae),
802 5454 920 5511 minime
945 5468 1013 5510 vero
1036 5449 1182 5525 coeleste,
1206 5452 1261 5534 nisi
1284 5459 1399 5509 tautum
1420 5452 1592 5512 materia·-

212 5551 277 5610 liter
309 5557 338 5609 ct
361 5557 493 5623 respectu
526 5549 570 5605 sui
600 5563 657 5603 cese
679 5544 801 5620 proprii,
829 5540 892 5598 siue
920 5536 1152 5597 consideratione
1183 5537 1416 5609 harmoniarum,
1447 5536 1560 5599 scilicet

213 5645 358 5714 quatenus
381 5635 505 5714 angulos
528 5637 557 5692 iu
579 5633 671 5694 Tetra
693 5632 800 5707 tactos,
824 5626 973 5705 proprium
996 5623 1058 5684 scil.
1082 5624 1171 5704 bajus
1193 5625 1362 5715 harmoniae
1384 5625 1558 5716 subjectum,
