3684 7259
777 1237 781 1246 ·
820 1223 911 1281 Notae
928 1223 1058 1282 muris.
1549 1233 1612 1296 4¹10

261 1394 334 1467 qaod
357 1400 444 1450 totum
467 1397 606 1465 negotium
624 1396 731 1452 turbat·
760 1397 815 1453 Sed
838 1399 926 1468 primo
950 1413 1005 1455 nou
1023 1399 1114 1469 pergit
1135 1399 1162 1453 iu
1182 1399 1235 1454 illis
1252 1406 1366 1469 propter
1383 1399 1466 1456 animi
1484 1400 1612 1458 velocita-

259 1480 315 1527 tem
334 1480 385 1529 etc.
421 1475 562 1544 Secundo,
580 1493 634 1531 non
653 1484 769 1545 possunt
787 1493 839 1533 sua
854 1478 955 1532 ‘ustura
975 1493 1069 1532 omnes
1087 1478 1247 1548 succedere,
1272 1487 1337 1535 sunt
1356 1495 1453 1550 nempe
1473 1481 1562 1537 malae
1579 1495 1614 1537 ex

260 1554 391 1622 quadrato
416 1556 520 1610 Martis.
557 1555 648 1610 Tertio
667 1555 746 1611 Lana
770 1557 797 1610 in
815 1557 877 1611 xn.
902 1564 992 1626 notat,
1020 1557 1191 1612 invenustam
1215 1573 1276 1614 esse
1300 1559 1374 1628 apud
1397 1559 1520 1615 homines
1542 1560 1613 1616 hauc

177 1641 179 1647 '
258 1637 399 1704 astutiam,
416 1652 472 1690 una
488 1651 550 1690 cum
568 1637 674 1691 ceteris.

329 1716 418 1770 Homo
436 1714 481 1767 bic
500 1730 586 1783 usque
604 1714 638 1767 sd
657 1730 758 1769 anuum
775 1715 818 1785 25,
837 1731 891 1785 quo
909 1716 982 1770 baec
997 1714 1103 1784 scripsi,
1121 1715 1172 1770 lirit
1188 1716 1302 1772 rationis
1316 1733 1370 1771 nou
1383 1716 1507 1786 audieus,
1525 1718 1611 1789 magis

256 1800 347 1847 tamen
369 1793 566 1860 injuventute.
601 1793 707 1848 Deinde
732 1792 786 1848 fuit
812 1794 892 1849 valde
915 1793 1062 1849 multarum
1086 1802 1113 1847 et
1133 1795 1268 1850 samaram
1292 1796 1430 1850 actionum
1447 1797 1612 1864 negotiosus.

258 1871 350 1927 Tertio
368 1888 423 1925 nou
441 1871 531 1925 omnis
548 1871 616 1925 sidit
633 1879 732 1941 suopte
751 1873 849 1929 Marte.
885 1872 930 1927 Ex
948 1872 1046 1940 quibus
1065 1872 1152 1927 tribas
1165 1872 1248 1929 rebus
1266 1875 1389 1943 sequitur
1404 1882 1611 1945 perpetuspoe·

256 1951 351 2006 uitudo
369 1952 496 2020 priorum.

343 2031 472 2086 Dicamus
491 2032 606 2099 primum
630 2031 664 2085 de
682 2030 786 2085 ultimo.
823 2031 861 2085 Et
883 2045 950 2085 saue
973 2030 1031 2083 siue
1046 2029 1245 2099 significatione
1267 2031 1393 2087 natalitia
1416 2030 1444 2086 in
1464 2030 1611 2100 juvenibus

258 2113 330 2166 inest
349 2108 494 2164 multarum
511 2124 600 2162 rerum
620 2109 781 2177 ignorantis,
800 2110 828 2163 in
846 2108 899 2164 boc
917 2115 992 2163 certe
1009 2108 1099 2164 minus
1117 2126 1198 2179 quam
1214 2109 1244 2165 iu
1257 2109 1326 2165 aliis.
1362 2110 1424 2164 Jam
1436 2108 1471 2164 de
1484 2109 1611 2166 secundo.

256 2187 336 2259 Quod
355 2190 441 2244 multa
458 2189 553 2257 incipit
571 2203 643 2243 nora
659 2188 795 2258 prioribus
814 2185 990 2255 imperfectis,
1010 2201 1115 2242 causae·
1122 2186 1262 2246 naturales
1280 2188 1332 2244 bae
1345 2196 1422 2244 suut:
1433 2189 1472 2257 ,1)
1490 2189 1610 2244 taedium

254 2266 365 2334 laboris,
383 2268 440 2321 sive
458 2268 539 2321 ardor
557 2268 663 2323 subitus
683 2275 710 2322 et
727 2283 782 2322 non
801 2266 939 2322 durabilis.
976 2268 1046 2322 Nam
1064 2268 1186 2336 quamvis
1204 2275 1247 2323 est
1262 2267 1500 2336 laboriosissimus,
1518 2275 1609 2327 ιιιιιι

257 2353 299 2400 est
322 2345 426 2400 laboris
452 2341 516 2399 osol
533 2346 689 2402 mersimus.
725 2346 848 2400 Laborat
874 2354 965 2399 autem
989 2353 1101 2418 propter
1124 2344 1302 2415 cupiditatem
1320 2343 1424 2401 sciendi
1445 2351 1610 2401 stammam

254 2424 374 2493 fingendi
393 2430 421 2477 et
437 2423 571 2478 fictorum.
608 2424 634 2491 2)
655 2423 814 2492 Consualia,
834 2422 907 2491 quod
926 2432 1023 2492 coepta
1037 2423 1228 2496 nonabsolrit,
1247 2426 1276 2480 in
1292 2425 1417 2481 lonunae
1429 2426 1540 2481 arbitrio
1558 2434 1609 2497 est,

255 2502 298 2556 vel
315 2501 407 2571 potius
434 2501 635 2571 inconditique
654 2509 775 2556 naturae.
811 2502 880 2557 Nam
905 2501 1073 2570 impossibile
1090 2509 1145 2567 est,
1172 2499 1203 2558 ut
1226 2504 1316 2560 omnis
1339 2502 1399 2571 ejus
1421 2503 1530 2573 incepta
1551 2511 1609 2559 tam
1657 2528 1661 2538 ·

254 2582 339 2636 multa
357 2580 513 2636 succedant.
550 2581 640 2649 Atque
668 2581 749 2635 etiam
777 2598 811 2636 ex
833 2581 930 2637 ardore
955 2581 1046 2635 omnia
1067 2580 1120 2637 sibi
1146 2581 1236 2637 facilia
1261 2581 1422 2652 persuadet,
1450 2597 1518 2652 quae
1544 2590 1608 2638 suut

250 2666 341 2713 temen
364 2659 392 2713 iu
416 2673 498 2726 opere
523 2657 681 2715 difficillima
703 2666 751 2714 aut
773 2659 924 2729 longissimi
948 2659 1088 2729 temporis.
1124 2662 1195 2716 Nam
1214 2662 1351 2729 ingenium
1372 2660 1453 2732 longe
1471 2661 1607 2732 subtilius,

251 2737 357 2807 agilius,
376 2736 492 2792 celerius
510 2737 719 2809 expeditiusque
738 2746 788 2804 est,
809 2756 889 2807 quam
908 2738 1070 2807 cujusquam
1087 2756 1194 2795 manua.
1230 2738 1283 2796 Sed
1302 2746 1402 2808 tannes,
1415 2748 1451 2794 ut
1469 2740 1531 2802 dixi,
1552 2741 1606 2795 ior·

249 2823 333 2871 tunae
350 2816 431 2885 culpa
446 2817 603 2884 interuenit,
627 2825 659 2872 nt
677 2818 756 2872 etiam
775 2817 837 2888 illa,
864 2834 936 2887 quae
953 2831 1004 2874 sua
1021 2824 1120 2874 natura
1137 2819 1196 2875 fleri
1213 2824 1356 2888 poteraut.
1380 2817 1541 2875 differantur
1558 2827 1607 2877 aut

251 2894 440 2966 impediantur,
459 2895 542 2951 credo
554 2897 618 2966 quia
634 2888 661 2972 Q
675 2905 718 2953 est
731 2898 759 2953 iu
782 2892 825 2967 [l
843 2900 883 2963 d.
922 2897 993 2954 Sunt
1010 2905 1102 2954 autem
1127 2899 1176 2954 illa
1191 2899 1220 2953 in
1238 2898 1341 2967 duplici
1359 2896 1527 2969 differentia3
1555 2908 1604 2956 aut

248 2974 319 3028 enim
337 2990 382 3045 res
401 2983 444 3030 est
460 2974 495 3028 ab
514 2974 573 3029 aliis
593 2974 759 3031 absolvenda
777 2976 936 3049 arddoibus,
954 2992 1037 3045 quam
1055 2976 1115 3047 ipse
1127 2977 1235 3047 ingenio
1249 2993 1300 3032 sao
1312 2976 1410 3051 coepit,
1428 2975 1475 3032 abi
1491 2991 1601 3034 rursum

242 3051 314 3108 uiti
337 3054 399 3108 uosi
418 3054 530 3122 accidit,
554 3055 578 3109 si
600 3057 629 3110 iu
647 3054 767 3110 artifices
789 3053 833 3109 sui
854 3054 956 3110 similes
981 3069 1035 3110 non
1053 3054 1160 3126 incidit,
1187 3055 1241 3111 rori
1260 3056 1332 3112 euim
1356 3061 1434 3123 suut,
1458 3063 1486 3110 et
1503 3056 1604 3114 eximia

249 3126 365 3187 felicitas
390 3141 462 3189 emet
485 3134 512 3187 iu
535 3132 604 3188 tales
629 3132 756 3190 incidere.
798 3132 939 3200 Quaedam
962 3133 997 3188 ab
1020 3134 1081 3189 aliis
1103 3136 1257 3191 necessarm
1287 3142 1419 3204 tanquam
1432 3133 1606 3204 ,adjumentis

248 3210 427 3279 perficiuntur
444 3220 472 3267 et
489 3219 554 3267 suut
572 3211 693 3266 moralis.
729 3212 782 3269 Ubi
799 3212 954 3268 infelicitati
971 3213 1102 3281 peculiari
1120 3213 1169 3284 do,
1195 3214 1268 3284 quod
1286 3221 1335 3270 aut
1356 3214 1384 3267 iu
1402 3211 1541 3281 adjutmes
1559 3210 1613 3269 ne?
1672 3236 1674 3240 ¹

249 3305 327 3345 cesse
345 3291 429 3347 babet
446 3291 574 3359 incidere,
592 3299 641 3345 aut
659 3291 817 3359 adjumenta
834 3292 913 3350 tarda
931 3300 1001 3348 sant.
1042 3292 1096 3348 Sed
1113 3290 1255 3350 differatur
1271 3293 1325 3350 hoc
1341 3292 1369 3347 in
1381 3290 1457 3348 illam
1469 3289 1605 3361 quaestio·

250 3385 326 3435 nem,
350 3387 399 3427 cur
423 3371 504 3426 homo
522 3371 566 3426 bic
589 3371 679 3425 omnia
692 3388 746 3440 per
763 3372 831 3427 alios
850 3370 964 3439 efficiat,
988 3371 1057 3426 nihil
1075 3366 1167 3440 (quod'
1182 3370 1340 3426 felicitatem
1358 3372 1474 3440 spectes)
1492 3387 1542 3440 per
1565 3385 1603 3430 te·

252 3449 345 3504 Tertia
363 3466 461 3515 causa,
480 3451 553 3518 quod
572 3466 642 3504 noua
656 3451 741 3505 multa
758 3451 863 3521 incipit,
881 3459 925 3508 est
942 3452 1102 3521 multiplexz-
1115 3450 1238 3519 quamvis
1256 3450 1328 3505 eninr
1346 3449 1498 3506 absterrere
1516 3450 1605 3520 ipsum

251 3526 374 3596 deberet,
401 3529 474 3597 quod
500 3531 591 3598 priora
614 3537 678 3583 saut
702 3528 873 3600 imperfecte,
901 3528 1037 3601 cupiditas
1055 3537 1146 3585 tamen
1163 3544 1235 3583 nova
1251 3528 1387 3584 uocandi
1411 3528 1491 3598 louge
1508 3529 1606 3586 tortior

183 3673 186 3681 Ι
248 3612 298 3660 ιιι.
336 3608 499 3676 cupiditatis
517 3607 600 3675 bnjua
618 3606 762 3662 illecebrae
780 3614 845 3663 sunt
867 3609 924 3663 vita
940 3606 1105 3664 scholastica
1130 3613 1158 3662 et
1184 3606 1350 3678 umbratilis3
1375 3623 1437 3663 nam
1460 3605 1619 3664 sidifficali·

254 3702 337 3741 onere
356 3686 504 3741 functionis
523 3687 711 3756 distineretur,
727 3703 783 3742 nou
801 3694 894 3756 posset
911 3684 1053 3756 indulgere
1071 3684 1213 3755 cupiditati
1230 3683 1295 3739 huic
1312 3685 1486 3755 speculandi,
1505 3693 1537 3742 ut
1554 3701 1605 3742 nec

246 3769 313 3831 tum,
335 3764 358 3819 si
382 3771 505 3834 egestate
529 3773 705 3835 premeretur.
745 3764 841 3835 ltaque
863 3765 956 3821 nutrix
979 3764 1063 3833 hujus
1086 3763 1242 3834 cupiditatis
1267 3770 1310 3819 est
1335 3763 1391 3820 uia
1414 3781 1466 3821 uec
1492 3770 1603 3826 summis

248 3841 396 3897 bonoribus
420 3852 544 3909 onerata,
572 3859 624 3899 nec
646 3850 767 3911 egestate
793 3858 904 3914 pressa,
928 3844 962 3899 de
981 3837 1060 3913 cujus
1085 3844 1170 3912 signis
1189 3842 1250 3898 vide
1267 3850 1374 3912 postea.
1411 3843 1492 3912 Quod
1508 3856 1600 3908 autem

247 3920 423 3989 cupiditatem
446 3922 534 3991 ipsam
553 3924 666 3991 attinet,
692 3938 753 3978 cum
773 3921 848 3978 nulla
871 3922 908 3977 sit
925 3922 1041 3978 eruditio
1060 3922 1120 3978 sine
1138 3921 1201 3993 illa,
1228 3936 1308 3978 omne
1333 3938 1397 3978 sero
1420 3924 1558 3993 ingenium
1576 3935 1604 3984 et
1668 3946 1677 3960 ’

247 4000 364 4055 eruditio
382 4017 400 4055 a
416 4002 561 4072 Mercurio,
580 4001 705 4058 existimo
723 3995 900 4072 cupiditatem
919 4002 991 4058 banc
1008 4001 1156 4071 significari
1173 4002 1339 4058 abierourio
1357 4001 1459 4071 veloce,
1479 4004 1603 4061 carnuti

246 4078 275 4132 in
290 4078 350 4132 Vll.
386 4079 424 4134 Et
442 4079 514 4135 forte
532 4082 650 4137 etiams
677 4078 715 4152 [l
736 4085 781 4151 (ς,
804 4081 852 4151 qui
869 4082 994 4139 arderem
1017 4089 1045 4137 ct
1069 4081 1304 4151 praecipitantium
1326 4080 1601 4150 denotatnoeantem

245 4163 276 4211 et
293 4171 323 4210 se
340 4156 428 4226 ipsam
446 4158 646 4227 impedientem.
928 4201 936 4218 .
1343 4155 1384 4220 ,Γ
1550 4225 1552 4229 Α

334 4236 388 4290 Sed
407 4236 564 4292 accenditur
581 4237 775 4307 utplurimum
792 4238 861 4294 haec
878 4238 1015 4308 cupiditas
1034 4236 1167 4307 exemplis
1185 4237 1300 4294 aliorum
1317 4238 1423 4309 etipsa
1441 4238 1602 4305 difficultate

245 4330 349 4383 rmum,
374 4316 446 4384 qnod
464 4320 574 4388 proprie
592 4318 689 4373 Martis
708 4325 764 4388 est,
789 4325 820 4372 ut
843 4318 974 4386 stigma,
997 4317 1077 4386 eujus
1096 4324 1221 4372 usturam
1246 4317 1329 4374 babet
1345 4319 1428 4374 Mars.
1465 4318 1601 4389 Exempla

246 4387 352 4449 saciant
374 4397 596 4467 aemulationem,
622 4405 758 4466 quaeest
781 4397 914 4453 aldarte.
949 4396 1004 4452 Ειι
1025 4402 1116 4451 autem
1144 4411 1220 4452 amor
1238 4396 1307 4463 reri,
1335 4395 1456 4467 pulchri,
1483 4397 1600 4475 bonesti,

245 4469 350 4544 laudis,
377 4476 496 4547 gloriae,
516 4471 565 4532 nu'
576 4535 588 4550 ,.
603 4473 612 4546 ζ
652 4486 710 4533 turn
728 4483 757 4531 et
773 4474 836 4531 linis
858 4474 942 4543 buius
960 4473 1129 4545 cupiditatis-3
1148 4488 1219 4543 quae
1239 4474 1374 4544 cupiditas
1396 4474 1492 4531 barnas
1510 4490 1602 4530 rernm

245 4552 319 4607 nude
342 4555 390 4622 sit,
414 4554 479 4609 alibi
498 4570 530 4610 co
606 4549 613 4618 J
641 4545 723 4610 ‘dum
747 4562 796 4610 est
831 4554 918 4609 Porro
942 4569 976 4610 ex
999 4552 1047 4608 illa
1068 4552 1277 4623 praecipitantia
1300 4558 1328 4607 ιι
1343 4551 1501 4623 cupiditate,
1518 4570 1600 4626 quarn

246 4631 370 4686 noemam
388 4632 452 4701 dixi,
470 4634 524 4688 boc
541 4617 679 4702 amulius,
697 4642 728 4689 ut
745 4634 821 4703 prius
840 4630 942 4720 aliquid
957 4630 1062 4712 stridat
1079 4631 1236 4701 dicendum,
1255 4647 1336 4701 quam
1354 4629 1486 4702 perpendi
1504 4631 1599 4702 possit

245 4726 328 4779 quam
346 4711 448 4768 bouum
468 4713 512 4767 sit.
548 4713 619 4767 Hine
636 4711 822 4768 hallucinatur
838 4727 869 4779 p:
920 4764 939 4787 ,Α
1033 4722 1177 4784 mone,
1194 4711 1259 4766 binc
1276 4726 1310 4765 ac
1328 4709 1438 4779 quidem
1455 4711 1600 4780 epistolam

244 4789 314 4844 bene
338 4790 432 4846 scribit
458 4807 492 4846 ex
520 4798 651 4861 tempore.
687 4788 797 4846 Modica
822 4806 881 4845 ιιι
1111 4788 1246 4859 adbibita,
1276 4791 1366 4848 omnia
1392 4787 1462 4845 dunt
1487 4790 1598 4861 optima.

244 4869 447 4939 Benaquiuem
465 4869 587 4938 loquitur
604 4878 633 4925 et
651 4871 720 4925 bene
738 4870 840 4936 scribit,
887 4878 906 4941 ,ζ4
931 4933 941 4946 Ι,
1091 4910 1093 4913 -
1133 4877 1207 4939 ιιιιι,
1225 4870 1279 4928 ulai
1296 4869 1372 4940 quod.
1386 4867 1599 4939 praemeditatus

243 4948 309 5004 olim
327 4950 424 5005 iuerat
460 4950 514 5006 Sed
531 4950 661 5018 loquenti,
679 4950 809 5006 scribenti
825 4945 960 5021 perpetua
979 4961 981 4964 ’
1024 4947 1133 5004 rcurmt
1151 4946 1280 5017 cogitatio
1299 4945 1333 5004 de
1351 4948 1429 5004 nouis
1448 4946 1598 5024 veluerbls

245 5028 288 5082 vel
304 5028 385 5084 rebus
404 5030 446 5083 vel
462 5028 550 5084 modis
568 5029 699 5097 loquendi
716 5037 766 5085 ant
782 5019 998 5098 argumentandi,
1016 5026 1058 5084 rel
1076 5026 1111 5084 de
1128 5042 1199 5082 novo
1217 5026 1329 5084 oonsilio
1346 5023 1389 5082 sel
1407 5025 1441 5081 de
1458 5023 1598 5082 reticendo

243 5106 292 5163 illo
310 5108 384 5178 ipso,
411 5108 485 5178 quod
504 5109 632 5177 loquitur.
670 5110 736 5164 Cum
762 5108 846 5176 igitur
863 5108 921 5177 alli,
946 5113 977 5162 ut
995 5106 1128 5176 Scaliger,
1156 5120 1191 5160 ex
1210 5111 1333 5174 tempore
1350 5104 1471 5160 scribant
1488 5106 1597 5175 optima,

243 5202 357 5242 necesse
375 5194 431 5256 est,
456 5186 517 5241 illos
535 5186 637 5242 babere
655 5187 865 5255 significatorem
890 5186 1009 5256 optimae
1032 5183 1160 5256 ιιιιιιιὶι,
1182 5184 1313 5253 junctum,
1329 5181 1505 5254 significaturi
1523 5183 1597 5255 oapi·

244 5266 346 5321 ditstis.
383 5265 455 5334 Quid
472 5266 568 5321 mnam
587 5273 686 5329 sutem,
706 5265 729 5319 si
747 5279 836 5321 sermo
854 5272 897 5320 est
914 5263 1055 5318 character
1067 5261 1148 5332 ritae,
1166 5255 1312 5331 quoderat
1328 5261 1406 5320 initio
1418 5261 1597 5336 propositum.
1669 5309 1676 5327 ,

243 5345 342 5413 Neque
359 5351 449 5400 tamen
462 5343 541 5413 alius,
560 5345 604 5401 cui
616 5353 659 5400 est
674 5336 701 5421 Q
722 5342 750 5398 iu
762 5344 821 5399 v1t
836 5340 986 5411 edentulis,
1003 5340 1091 5406 uelox,
1115 5340 1249 5409 directus,¹
1262 5347 1409 5410 propterea
1420 5340 1513 5402 statim
1524 5339 1596 5398 idem

243 5424 310 5494 erit,
334 5422 408 5494 quod
429 5423 485 5489 bic,
509 5423 574 5492 quia
591 5431 716 5478 naturam
737 5421 838 5491 ingenii
862 5429 972 5491 oportet
993 5434 1055 5476 esau
1082 5418 1162 5476 simul
1180 5434 1308 5489 capacem
1330 5426 1373 5476 tot
1398 5417 1593 5490 cogitatienum

249 5502 393 5559 unitarum.
429 5501 505 5557 Haec
527 5511 642 5557 naturae
663 5500 800 5570 capacitas
825 5514 887 5555 esse
910 5499 1018 5554 videtur
1035 5487 1111 5575 aQ)
1134 5505 1162 5554 et
1179 5497 1242 5554 Aac
1262 5496 1344 5552 dmul
1362 5493 1595 5568 mmsuffisplu·

243 5581 332 5650 ιίιιίι,
351 5581 424 5637 unde
442 5581 598 5649 imaginatio
617 5588 652 5636 et,
662 5579 863 5638 reminiscentia
879 5577 1016 5634 ιιιίιιιιιίιι
1029 5577 1110 5632 unius
1129 5592 1164 5634 ex
1180 5575 1247 5645 alio,
1270 5589 1332 5631 eum
1348 5582 1440 5632 umen
1457 5573 1593 5644 memoria.

244 5660 334 5735 qualis
355 5662 384 5717 in
401 5660 476 5730 aliis,
498 5675 638 5730 nusquam
661 5658 744 5715 inerit
760 5660 847 5728 boaa;
874 5656 929 5714 boc
951 5662 1008 5724 ιιι,
1033 5669 1103 5724 quse
1126 5654 1238 5734 species
1258 5668 1294 5722 ex
1310 5653 1371 5716 sola
1387 5652 1526 5732 caddono
1546 5661 1595 5720 aut
