3684 7259
882 2553 960 2624 AD

360 2680 625 2791 serenissimum
653 2722 689 2793 ct
715 2717 993 2790 Potentissimum
1021 2714 1215 2806 Principem
1241 2719 1277 2789 ct
1303 2714 1482 2788 Dominum

730 2884 772 2977 r.
811 2873 1111 2990 titulun,
1232 2971 1240 2982 ,

287 3079 416 3158 magnae
439 3078 624 3154 osannae,
659 3057 817 3155 amose,
839 3077 1000 3179 ueniamus
1022 3077 1148 3155 segem,
1180 3076 1264 3137 rien
1286 3075 1478 3138 octennem
1498 3082 1552 3137 ere
1629 3077 1631 3081 ·

535 3213 538 3221 ’
628 3199 788 3260 Dominum
811 3216 908 3261 meum
932 3197 1207 3261 clementissimum.

333 3390 392 3451 Cur
412 3391 468 3451 hos
491 3409 546 3468 ego
569 3390 761 3451 Harmonices
789 3389 880 3451 libros
902 3391 977 3452 inter
998 3388 1327 3467 homines'vulgandos,
1352 3408 1388 3451 cx
1409 3390 1597 3470 Impermoris

245 3479 469 3556 Augustustmi,
502 3480 621 3538 Domini
644 3481 721 3551 mei,
750 3476 832 3553 aula,
863 3475 985 3554 exejus
1013 3476 1123 3554 Regnis
1147 3486 1175 3538 et
1203 3478 1366 3539 Provinciis
1395 3476 1597 3550 haereditariis

245 3567 426 3640 austriacis,
455 3581 497 3626 ex‘
521 3570 585 3645 ipsa
608 3559 734 3642 denique
757 3564 930 3634 Germania,
960 3573 1040 3625 mans
1070 3581 1151 3625 mare
1181 3565 1349 3643 ablegarem
1379 3574 1503 3644 tuoque,
1532 3565 1597 3625 Rex

244 3654 367 3732 Inclyta,
391 3657 560 3732 conspectui
581 3655 767 3715 serenissimo
789 3655 935 3714 sisterem:
960 3669 1065 3714 causas
1086 3652 1178 3714 habui
1199 3655 1306 3734 partim
1327 3660 1504 3734 praesentes,
1529 3670 1597 3732 par·

245 3744 299 3801 tim
322 3742 469 3817 antiquae.
1575 3797 1579 3802 .

330 3829 461 3888 Primum
483 3830 560 3887 enim
581 3828 637 3889 loc
658 3843 718 3888 non
740 3827 869 3902 alienum
890 3846 910 3890 a
930 3844 997 3888 meo
1019 3844 1138 3889 munere
1160 3830 1278 3907 pnmvi,
1308 3837 1340 3889 ut
1370 3831 1440 3907 quia
1463 3828 1597 3889 Caesaris

244 3917 274 3975 in
296 3933 327 3976 re
349 3916 556 3997 mathematica
576 3906 722 3995 stipendia
743 3932 856 3991 mereo,
880 3914 1108 3977 demonstrarem
1128 3917 1222 3993 igitur
1240 3918 1328 3980 etiam
1351 3919 1476 3991 exteris,
1500 3931 1598 3994 qnan-

243 4012 304 4063 tam
324 4011 438 4081 gereret
460 4001 677 4082 providentiam
688 4003 837 4082 Princeps
851 4002 936 4083 Reipr
953 4002 1134 4086 Gnrmtianae
1151 4003 1399 4065 divinissimorum
1420 4003 1597 4064 studiorum:

244 4098 277 4150 nt
297 4091 506 4168 intelligeretur
534 4108 570 4151 ex
593 4107 679 4150 cursu
701 4107 759 4151 non
781 4092 972 4151 interturbato
994 4092 1076 4170 pacis
1099 4100 1333 4152 ornamentorum
1362 4108 1414 4171 per
1443 4091 1498 4150 hae
1525 4107 1595 4169 pro·

245 4180 372 4254 vinciae,
403 4179 512 4238 ramam
537 4175 666 4238 intestini
694 4177 765 4238 belli
787 4181 935 4239 sinistram
963 4195 1029 4239 curn
1056 4180 1121 4256 ipsa
1134 4189 1178 4239 're
1201 4179 1303 4258 procul
1326 4179 1415 4240 dubio
1439 4180 1520 4244 brevi
1544 4195 1600 4239 ex·

245 4269 384 4325 stinctum
405 4269 455 4341 iri3
485 4264 755 4342 dissonantiamque
778 4265 853 4327 hanc
879 4265 969 4349 paulo
993 4265 1153 4339 duriorem,
1168 4273 1215 4338 ¹ut
1237 4270 1265 4325 in
1288 4267 1439 4346 pathetica
1459 4264 1598 4337 melodia,

241 4353 444 4431 jamjamque
466 4354 641 4413 insuavem
665 4351 826 4413 clausulam
848 4353 1015 4414 desituram.
1062 4352 1156 4430 Quem
1178 4371 1248 4415 vero
1273 4355 1412 4415 bonitatis
1433 4353 1599 4432 Imperato-

246 4442 306 4501 riae
327 4440 491 4516 digniorem
513 4441 730 4501 aestimatorem
751 4438 833 4517 Rege
855 4457 980 4518 magum
1012 4458 1100 4519 quem
1131 4444 1226 4521 operis
1251 4440 1286 4504 de
1309 4442 1457 4503 coelorum
1479 4440 1598 4500 harmo-

246 4530 303 4600 nia,
326 4527 528 4608 Pythagoram
549 4527 708 4588 redolentis
732 4534 762 4587 et
782 4526 945 4603 Platonem,
970 4532 1236 4590 convenientiorem
1262 4528 1423 4589 Patronnm
1445 4528 1526 4604 Rege
1548 4526 1598 4586 illo

245 4614 389 4693 legissem,
414 4617 464 4693 qui
486 4615 656 4676 Platonicae
678 4615 840 4692 sapientiae
862 4616 993 4675 studium
1015 4615 1182 4678 domesticis
1196 4609 1402 4695 monumentis,
1425 4632 1502 4692 qnae
1524 4615 1597 4677 snb-

247 4701 373 4762 ditorum
397 4705 584 4764 veneratione
614 4705 702 4763 etiam
732 4701 851 4780 publiea
877 4702 1037 4779 habemus,
1069 4711 1114 4764 est
1139 4704 1285 4765 testatus?
1313 4707 1362 4782 qui
1393 4706 1599 4768 astronomiam

246 4789 397 4868 'l'ychonis
418 4789 542 4866 Brahei,
570 4791 617 4850 cni
646 4806 720 4869 opus
748 4788 818 4868 hoc·
834 4791 978 4862 innititur,
1011 4808 1084 4870 puer
1105 4791 1202 4853 adhue
1224 4792 1400 4852 ornamentis
1422 4793 1531 4868 ingenii
1553 4793 1599 4850 sui

247 4875 364 4955 dignam
387 4877 524 4939 censuit?
553 4880 604 4954 qni
627 4877 752 4954 denique
775 4879 821 4937 vir
842 4879 936 4938 iactus
961 4885 991 4938 et
1011 4874 1095 4957 regni
1117 4878 1316 4959 gubernaculis
1337 4887 1480 4952 tractans,
1505 4884 1601 4938 astro·

246 4965 374 5042 logicam
388 4968 549 5026 vanitatem
570 4964 693 5052 publiea
715 4980 838 5025 censura
858 4966 996 5026 notavit?
1018 4984 1095 5045 quae
1117 4985 1197 5042 sane,
1221 4967 1296 5026 libro
1318 4966 1406 5042 hujus
1432 4966 1527 5043 operis
1544 4964 1598 5024 IV.

246 5051 367 5113 detectis
396 5056 474 5114 veris
501 5052 697 5113 fundamentis
728 5053 883 5113 effectuum
910 5053 1094 5130 sideralium,
1126 5055 1282 5115 clarissime
1305 5056 1444 5131 patescit:
1475 5061 1508 5113 ut
1530 5052 1600 5124 nulli

247 5138 368 5200 dubium
390 5157 455 5201 esee
477 5143 584 5218 possit,
608 5144 678 5218 quin
701 5141 792 5201 totius
813 5139 903 5218 hujus
926 5143 1023 5223 operis
1047 5144 1235 5219 omniumque
1257 5141 1322 5218 ejus
1343 5141 1470 5220 partium
1490 5143 1531 5201 sie
1545 5141 1601 5202 ,iu-

246 5234 328 5288 turus
351 5227 644 5305 intelligentissimus.
924 5284 928 5299 ,,
1363 5226 1366 5234 ’
1579 5258 1581 5264 ¹

335 5314 434 5391 Major
455 5333 525 5376 vero
547 5315 620 5376 mihi
643 5333 733 5377 cansa
760 5314 953 5377 dedicationis
983 5333 1019 5377 ex
1045 5318 1167 5393 antiquo
1198 5323 1242 5376 est
1264 5319 1330 5377 ista
1376 5316 1451 5378 (lum
1478 5318 1602 5395 primum

246 5410 314 5463 ante
337 5418 430 5463 annos
452 5401 542 5496 paulo
565 5405 661 5463 minus
683 5406 787 5482 viginti
802 5406 952 5465 materiam
967 5404 1063 5483 operis
1084 5406 1192 5463 animo·
1206 5407 1404 5485 concepissem
1426 5405 1601 5483 titulumque

246 5507 478 5571 nuncupassem,
499 5490 630 5551 nondum
652 5493 776 5568 cognitis
798 5490 980 5570 planetarum
1002 5491 1134 5556 motibus
1154 5493 1292 5569 propriis,
1322 5495 1351 5551 in
1374 5493 1481 5570 quibus
1504 5500 1602 5552 mmen

246 5579 343 5640 inesse
365 5579 533 5639 harmonias
555 5580 709 5639 instinctus
724 5588 846 5640 naturae
862 5578 1007 5638 dictabat:
1028 5577 1090 5655 jam
1112 5586 1181 5648 tnnc
1204 5584 1475 5659 ego'patrocinium
1496 5582 1600 5661 operis,

246 5668 271 5727 si
295 5664 413 5744 quando
436 5665 467 5727 id
489 5666 658 5728 succederet
672 5666 898 5745 absolutumque
924 5674 1009 5742 esset,
1033 5665 1186 5743 Maiestati
1209 5673 1277 5730 tune
1300 5668 1464 5745 destinavi;
1487 5668 1601 5746 hocque
