3684 7259
1432 1187 1600 1244 mer
1634 1190 1700 1246 v.
1736 1190 1912 1259 caput
1947 1188 2066 1243 vn.
2160 1243 2167 1249 ,
2297 1194 2300 1197 ·
2980 1187 3108 1247 aas

1506 1442 1789 1515 CAPUT
1848 1443 1976 1515 vll.

464 1587 874 1656 Harmonias
921 1589 1357 1646 universales
1415 1588 1700 1645 omnium
1751 1605 1874 1644 sex
1922 1589 2361 1659 planetarum
2408 1575 3046 1644 veluti'communia

1126 1673 1623 1746 contrapu'ncta
1658 1674 2169 1747 quadriformis:
2205 1672 2370 1728 dari.

571 1820 740 1879 Nunc
786 1837 966 1900 opus,
1014 1818 1263 1893 Uranie,
1316 1824 1512 1880 souitu
1556 1821 1813 1897 majore,
1875 1821 2012 1880 dum
2055 1836 2159 1897 per
2204 1816 2422 1877 scalam
2468 1815 2867 1878 harmonicam
2897 1820 3110 1882 ›eoele-

401 1910 576 1965 stium
624 1917 884 1967 motuum
934 1907 1007 1966 ad
1054 1907 1265 1967 altiora
1311 1907 1667 1979 conscendo,
1732 1926 1850 1987 qua
1893 1910 2182 1985 genuinus
2226 1904 2581 1981 archetypus
2635 1906 2891 1967 fabricae
2934 1924 3110 1969 muu-

397 1994 586 2052 danae
631 1996 963 2054 reconditus
993 2003 1342 2056 asservatur.
1412 1996 1751 2072 Sequimini,
1801 1998 2007 2055 musici
2039 1993 2320 2065 moderni,
2351 2009 2588 2068 remque
2620 1997 2830 2052 vestris
2864 1997 3107 2072 artibus,
3210 1990 3214 1994 ’

408 2084 748 2155 antiquitati
809 2099 925 2140 non
973 2085 1253 2158 cognitis,
1317 2086 1576 2144 censete!
1642 2084 1769 2143 Vos
1813 2083 1905 2141 his
1959 2083 2171 2141 seculis
2219 2080 2438 2138 ultimis
2478 2082 2667 2155 prima
2711 2085 3110 2144 universitatis

400 2169 667 2245 exempla
713 2158 998 2246 genuina,
1058 2173 1144 2229 bis
1203 2170 1447 2229 millium
1493 2189 1779 2230 annorum
1835 2172 2146 2239 incubatu,
2206 2167 2438 2227 tandem
2485 2167 2773 2244 produxit.
2812 2172 2904 2229 sui
2948 2188 3105 2230 nun-
3164 2209 3172 2217 -

402 2260 576 2332 qnam
639 2273 754 2315 nou
799 2257 1048 2334 prodiga
1103 2253 1341 2331 natura,
1408 2261 1617 2338 vestris
1677 2258 1781 2317 illa
1841 2275 2051 2316 vocum
2098 2258 2389 2315 variarum
2446 2258 2829 2324 concentibus
2882 2276 3105 2336 perque

400 2352 625 2403 vestras
672 2361 840 2404 aures
887 2362 1016 2404 sese
1060 2347 1267 2421 ipsam,
1316 2344 1509 2422 qualis
1555 2349 1770 2406 existat
1813 2347 2182 2422 penitissimo
2228 2344 2382 2416 sinu,
2429 2345 2606 2401 menti
2634 2342 2946 2421 humanae,
2992 2347 3107 2407 Dei
3157 2414 3163 2419 ,

402 2432 693 2491 Creatoris
737 2432 894 2492 filiae
942 2432 1388 2505 dilectissimae,
1435 2429 1929 2515 insusurra‘vit.*)
2592 2489 2604 2504 ,

574 2519 736 2595 Quas
781 2519 1150 2580 harmonicas
1207 2522 1614 2596 proportiones
1675 2522 1798 2580 bini
1841 2522 2121 2597 planetae
2170 2519 2346 2577 vicini
2409 2523 2672 2575 motuum
2718 2535 2958 2579 suorum
3003 2538 3120 2579 ex-

403 2608 790 2667 tremitatibus
835 2608 1371 2686 complecterentur,
1421 2609 1479 2667 id
1526 2607 1882 2685 explicatum
1920 2610 2036 2666 fuit
2065 2622 2261 2683 supra.
2352 2602 2574 2663 Verum
2605 2608 2890 2682 contingit
2932 2610 3111 2667 raris-

403 2696 565 2767 sime,
616 2702 680 2753 ut
729 2694 863 2768 duo,
910 2698 1259 2772 praesertim
1308 2695 1641 2768 tardissimi,
1687 2694 1861 2754 simul
1907 2698 1965 2753 iu
2011 2712 2122 2753 sua
2164 2690 2422 2753 incidant
2467 2699 2727 2751 extrema
2768 2690 3110 2772 intervalla5

402 2783 564 2840 verbi
611 2800 808 2856 causa,
856 2781 1089 2841 Saturni
1137 2793 1195 2842 et
1238 2782 1413 2842 Jovis
1460 2783 1693 2859 apsides
1742 2783 1958 2841 distant
2006 2782 2231 2840 circiter
2276 2778 2416 2853 81⁰,
2467 2780 2641 2854 igitur
2686 2782 2922 2855 interea,
2971 2782 3108 2843 dum

402 2870 549 2928 haec
593 2870 823 2927 illorum
872 2871 1151 2929 distantia
1196 2873 1367 2931 certis
1410 2874 1749 2930 vicenorum
1780 2887 2066 2929 annorum
2097 2867 2346 2927 saltibus
2392 2874 2582 2927 totum
2607 2867 2913 2928 zodiacum
2945 2887 3109 2930 eme-

405 2960 596 3023 tiatur,
645 2959 780 3014 anni
831 2956 1105 3017 labuntur
1153 2959 1295 3032 800,
1344 2976 1532 3035 neque
1578 2967 1773 3017 tamen
1820 2956 2041 3029 saltus,
2091 2958 2190 3032 qui
2237 2962 2511 3015 octavum
2560 2954 2780 3015 claudit
2823 2957 3109 3038 seculum,
3149 3031 3152 3034 Α

403 3048 663 3120 praecise
709 3044 888 3102 fertur
932 3046 1006 3104 ad
1051 3047 1373 3121 ipsissimas
1418 3045 1673 3122 apsidas,
1722 3054 1782 3105 et
1824 3047 1878 3103 si
1922 3044 2100 3120 paulo
2145 3043 2381 3119 longius
2424 3043 2684 3121 aberret,
2730 3045 3109 3120 exspectandi

404 3142 540 3189 sunt
584 3132 684 3190 alii
734 3134 857 3191 800
904 3135 1058 3206 anni,
1107 3140 1171 3192 ut
1216 3133 1399 3192 saltus
1446 3127 1557 3192 illo.
1592 3133 1813 3193 felicior
1859 3149 1988 3191 cum
2035 3133 2259 3190 ratione
2305 3132 2509 3205 quaeri
2539 3132 2745 3205 possit,
2793 3131 2967 3208 idque
3013 3140 3110 3192 to-

407 3221 515 3277 ties
562 3219 905 3292 iterandum,
954 3223 1183 3295 quoties
1231 3220 1502 3280 modulus
1545 3222 1928 3284 aberrationis
1978 3222 2034 3275 in
2083 3220 2253 3277 unius
2298 3217 2483 3275 saltus
2531 3216 2820 3276 dimidiati
2862 3219 3110 3296 prolixi—

405 3315 525 3364 tate
572 3309 915 3365 continetur.
1006 3305 1182 3366 Tales
1231 3308 1501 3384 periodos
1549 3307 1807 3382 efficiunt
1853 3310 2030 3366 etiam
2076 3314 2304 3365 ceterae
2350 3305 2522 3381 bigae
2566 3304 2867 3380 singulae,
2915 3324 3105 3384 quau·-

406 3412 582 3469 quam
627 3411 741 3452 non
785 3396 870 3452 ita
902 3395 1176 3470 prolixas.
1266 3396 1503 3454 Interim
1537 3412 1673 3456 vero
1697 3396 2044 3471 contingunt
2087 3396 2261 3452 etiam
2292 3391 2444 3451 aliae
2473 3392 2811 3453 harmoniae
2842 3388 3112 3455 binorum
3191 3395 3197 3400 ’

404 3482 799 3559 planetarum,
848 3485 997 3542 inter
1041 3491 1234 3541 motus
1281 3501 1395 3541 non
1443 3492 1748 3543 extremos.
1776 3490 2089 3557 utrosque,
2137 3481 2241 3541 aad
2290 3481 2721 3551 intermedium,
2789 3481 2881 3540 vel
2930 3499 3111 3544 unum

408 3569 498 3626 vel
546 3578 889 3644 utrumque,
939 3587 1160 3644 eaeque
1205 3572 1262 3627 in
1313 3569 1560 3629 diversis
1608 3571 1788 3630 veluti
1836 3569 2217 3629 tensionibus.
2310 3565 2458 3629 Nam
2522 3569 2658 3641 quia
2703 3565 2989 3629 Saturnus
3037 3588 3111 3632 ex

412 3649 463 3715 G
511 3659 566 3712 in
613 3657 650 3712 h
698 3665 756 3715 et
798 3655 977 3734 paulo
1025 3659 1266 3716 ulterius
1311 3657 1584 3731 tenditur,
1631 3657 1865 3735 Jupiter
1901 3677 1969 3717 el
2013 3661 2049 3713 ἡ
2097 3661 2157 3713 in
2197 3657 2241 3717 ci
2282 3661 2342 3721 et
2386 3653 2654 3729 amplius,
2701 3665 2949 3740 possunt
2994 3659 3110 3735 igi·
3165 3650 3169 3653 ⁴

404 3752 497 3801 tur
542 3747 877 3820 contingere
923 3746 1072 3803 inter
1115 3744 1334 3804 Jovem
1377 3753 1436 3805 et
1481 3745 1795 3805 Saturnum
1857 3745 2193 3805 harmonias
2245 3745 2426 3815 etiam
2472 3745 2622 3801 istae
2681 3760 2858 3819 supra
2901 3743 3111 3823 diapa-

407 3848 534 3903 son,
586 3833 759 3889 tertia
803 3840 1049 3906 utraque
1110 3840 1167 3890 et
1213 3833 1608 3906 diatessaron3
1673 3832 1901 3894 illarum
1965 3833 2197 3909 quidem
2262 3829 2538 3893 alterutra
2610 3847 2712 3905 per
2767 3833 3108 3907 tensionem,

408 3936 560 3992 quae
607 3918 790 3977 habet
835 3919 1279 3994 amplitudinem
1323 3919 1617 4005 reliqua-e,
1664 3921 1811 3980 haec
1861 3941 1997 3977 reru
2045 3941 2145 3997 pm·
2193 3917 2634 3997 amplitudinem
2681 3920 2820 3988 toni,
2850 3919 3108 3994 maJoris,

408 4005 787 4065 Diatessaron
834 4009 986 4065 enim
1036 4011 1144 4065 erit
1188 4024 1303 4067 non
1349 4016 1575 4067 tantum
1620 4026 1658 4067 a
1705 4007 1759 4067 G
1805 4008 2037 4068 Saturni
2089 4013 2145 4065 in
2193 4029 2254 4065 m
2298 4005 2500 4078 Juvis,
2558 4005 2662 4061 scd
2709 4008 2885 4064 etiam
2929 4008 3005 4066 ab
3051 4008 3108 4066 A

406 4094 643 4152 Saturni
691 4096 746 4150 in
795 4093 878 4151 dd
905 4093 1075 4152 Jovis
1122 4103 1180 4153 et
1216 4109 1327 4173 'per
1370 4094 1712 4155 intermedia
1757 4097 1956 4154 omnia
1998 4098 2146 4154 inter
2173 4091 2243 4167 G,
2290 4096 2344 4150 A
2392 4092 2547 4150 illius
2578 4100 2636 4150 et
2667 4110 2745 4165 cc,
2792 4092 2875 4150 dd
2912 4092 3108 4169 hujus.

408 4181 714 4256 Diapason
783 4197 919 4239 vero
984 4190 1044 4239 et
1105 4181 1380 4259 diapente
1439 4185 1497 4239 in
1536 4184 1696 4242 ‘solis
1740 4183 2012 4260 apsidum
2055 4183 2287 4258 punctis
2342 4181 2641 4254 contingit.
2730 4178 2892 4238 Mars
2950 4197 3106 4256 vero,

404 4268 596 4343 majus
637 4268 1264 4327 nactusintervallum
1309 4272 1624 4347 proprium,
1675 4270 1787 4329 hoc
1832 4271 2113 4342 obtinuit,
2161 4278 2227 4328 ut
2271 4269 2446 4328 etiam
2494 4266 2778 4342 diapason
2826 4283 2957 4326 cum
2999 4285 3106 4327 su·-

403 4356 730 4439 perioribus
785 4373 888 4431 per
932 4356 1187 4432 aliquam
1236 4360 1518 4417 tensionis
1545 4356 2006 4434 amplitudinem
2052 4357 2246 4416 saciat.
2335 4354 2658 4414 Mercurius
2720 4361 2945 4414 tantum
2995 4356 3106 4415 ob·-

405 4445 580 4500 tinuit
623 4442 1027 4516 intervallum,
1094 4452 1157 4502 ut
1213 4444 1583 4522 plerumque*
1617 4459 1817 4504 omnes
1885 4445 2217 4504 harmonias
2286 4461 2416 4501 cum
2475 4442 2744 4501 omnibus
2791 4444 3107 4504 constituat

401 4533 559 4590 ¹intra
615 4548 790 4589 unam
854 4531 1156 4606 periodum
1213 4534 1411 4604 suam,
1475 4550 1628 4607 quae
1686 4548 1803 4606 nou
1862 4526 2141 4608 prolixior
2197 4539 2283 4590 est
2344 4533 2515 4589 trium
2561 4531 2844 4588 meusium
2889 4531 3100 4605 spatio.

405 4616 609 4675 Tellus
654 4635 685 4677 e
734 4626 935 4676 contra
979 4618 1300 4693 Venusque
1345 4619 1528 4677 multo
1575 4623 1763 4696 magis
1807 4622 2081 4696 angustia
2121 4621 2485 4697 propriorum
2532 4616 2966 4676 intervallorum
3010 4635 3106 4678 re·

403 4707 697 4779 stringunt
742 4706 1075 4763 harmonias
1121 4723 1260 4764 suas
1307 4723 1422 4765 non
1469 4716 1694 4766 tantum
1741 4724 1872 4767 cum
1920 4710 2155 4783 ceteris,
2220 4706 2324 4765 sed
2370 4707 2619 4763 maxime
2664 4707 2812 4763 inter
2856 4722 2920 4763 se
2965 4723 3104 4765 mu-

406 4801 557 4866 tuas,
603 4793 680 4850 ad
727 4795 1081 4871 paucitatem
1127 4794 1555 4869 spectabilem..
1622 4793 1849 4876 Quodsi
1896 4804 2012 4854 tres
2059 4797 2117 4852 in
2163 4812 2339 4852 unam
2369 4792 2730 4852 harmoniam
2777 4795 3106 4869 conspirare

409 4880 694 4947 debeant,
759 4880 975 4938 multae
1038 4881 1273 4957 quidem
1319 4884 1479 4942 vices
1539 4891 1674 4941 sunt
1729 4882 2180 4959 exspectandae,
2242 4880 2461 4940 multae
2521 4889 2717 4952 tamen¹
2768 4879 3107 4942 harmoniae

404 4975 570 5039 sunt,
636 4976 700 5024 ut
761 4970 841 5025 ita
883 4974 1045 5025 tanto
1101 4969 1331 5028 facilius
1390 4971 1756 5046 contingant,
1820 4971 1956 5029 dum
2004 4972 2253 5029 vicinam
2300 4984 2466 5026 suam
2525 4969 2793 5044 proxima
2836 4984 3107 5045 quaeque

404 5056 639 5129 excipit,
691 5054 1077 5129 videnturque
1122 5057 1271 5114 inter
1316 5056 1582 5130 Martem,
1630 5057 1924 5117 Tellurem
1969 5066 2025 5115 et
2070 5057 2420 5117 Mercurium
2466 5054 2720 5132 triplices
2770 5058 3106 5132 contingere

402 5142 791 5218 saepiuscule.
883 5141 1149 5215 Quatuor
1194 5155 1332 5202 vero
1377 5144 1742 5220 planetarum
1787 5145 2126 5204 harmoniae
2162 5144 2289 5219 jam
2333 5144 2614 5221 incipiunt
2657 5144 2854 5218 spargi
2900 5145 2959 5200 in
3006 5161 3104 5204 se-

414 5228 566 5303 cula,
619 5231 875 5305 quinque
922 5231 1289 5305 planetarum
1337 5234 1392 5288 in
1440 5232 1737 5310 myriadas
1782 5249 2082 5291 annorum.
2178 5228 2256 5290 Ut
2290 5247 2429 5290 vero
2475 5247 2578 5290 sex
2610 5247 2810 5290 omnes
2856 5219 3106 5291 cousenss

558 5423 607 5473 θ)
636 5422 766 5463 Anne
793 5424 1008 5473 flagitium
1037 5422 1200 5470 fecero,
1232 5423 1272 5461 sl
1299 5432 1327 5462 a
1353 5420 1546 5470 singulis
1573 5417 1708 5470 hujus
1734 5420 1902 5459 aetatis
1930 5419 2224 5468 componistis
2252 5418 2536 5459 artificiosam
2563 5418 2758 5468 aliqum
2784 5421 2996 5461 motem

404 5478 489 5517 hoc
515 5476 664 5525 slogio
692 5476 902 5525 exigam?
957 5476 1149 5515 'rutum
1178 5476 1265 5515 huc
1291 5478 1442 5523 aptum
1469 5474 1651 5513 Pontes
1680 5471 1850 5519 Regius
1878 5472 2106 5520 ceterique
2134 5470 2261 5512 Sacri
2290 5472 2709 5521 libri-nnppcditare
2734 5476 2961 5522 poterunt.
3014 5430 3104 5518 V:

403 5542 499 5570 rum
529 5531 641 5570 heus
671 5540 767 5575 vos,
797 5531 842 5569 in
872 5530 996 5568 coelo
1026 5529 1185 5576 plures
1208 5539 1336 5578 quam
1366 5538 1446 5567 sex
1475 5536 1560 5565 non
1590 5524 1875 5565 concordant.
1930 5524 2040 5564 Nm
2068 5521 2196 5575 Luna
2235 5525 2423 5565 seorsim
2452 5535 2575 5564 suam
2602 5524 2850 5576 monodlam
2877 5525 3101 5576 antuus.

404 5584 560 5623 Terris
590 5586 637 5620 ut
667 5582 793 5620 cunis
824 5581 1045 5621 assidens.
1103 5579 1313 5624 Conferte
1355 5578 1595 5627 symbolas,
1624 5588 1737 5626 ego.
1779 5582 1829 5615 ut
1862 5576 1976 5616 liber
2001 5575 2100 5625 ssat,
2148 5586 2230 5617 ssa
2266 5578 2469 5627 partibus
2501 5582 2752 5619 curatorem
2783 5588 2856 5619 me
2896 5577 3101 5620 sedulum

403 5635 635 5685 polliceor.
692 5634 777 5682 Qui
807 5633 989 5684 propius
1014 5634 1228 5676 musicam
1254 5634 1496 5675 coelestem
1524 5632 1745 5682 exprimet
1774 5629 1859 5670 hoc
1885 5637 2023 5680 opere
2049 5628 2336 5684 descriptam,
2367 5631 2471 5671 bulc
2487 5630 2584 5675 cllo
2613 5634 2798 5684 sertum,
2827 5625 2997 5676 Uranie
3010 5632 3099 5676 vo·

404 5700 553 5731 nerem
582 5698 791 5740 sponsam
816 5685 1052 5741 spondent.
2327 5688 2330 5691 ⁴
3010 5705 3017 5718 ..
