3684 7259
705 1220 789 1276 Liber
805 1219 850 1275 IV.
871 1219 962 1290 Caput
977 1217 1027 1274 111.
1478 1224 1541 1290 22¹1

192 1402 290 1461 insunt
319 1400 427 1475 eidem,
458 1408 492 1459 at
522 1401 600 1477 operi
624 1399 691 1459 Dei.
736 1397 819 1473 Quae
849 1416 919 1459 raro
943 1400 1066 1461 materia
1095 1400 1284 1476 participant,
1314 1398 1366 1457 illa
1395 1399 1481 1459 simul
1496 1398 1544 1472 [ct

193 1506 311 1549 numero
343 1498 373 1549 et
394 1488 594 1565 magnitudine
624 1488 808 1565 participant
855 1488 895 1545 st
924 1486 1156 1565 magnitudinem
1186 1488 1318 1563 sequitur
1340 1504 1438 1546 earum
1463 1490 1545 1549 situs

193 1579 222 1635 in
243 1577 327 1653 loco;
357 1577 463 1654 quibus
493 1574 618 1651 derrique
649 1573 756 1633 accidit
786 1583 883 1634 motus
911 1574 1023 1637 localis.
1067 1574 1211 1633 Numerus
1241 1575 1328 1649 igitur
1358 1582 1402 1634 est
1432 1574 1545 1653 aliquid

193 1673 297 1723 natura
319 1666 398 1743 prius
420 1664 580 1737 harmonia,
605 1666 675 1738 quia
698 1669 813 1739 oportet
835 1665 972 1722 terminos
995 1663 1164 1723 harmoniae
1180 1662 1322 1738 cujusque
1338 1679 1402 1725 esse
1420 1662 1544 1738 ‚numero

194 1751 291 1831 plures
318 1769 386 1811 nno.
431 1750 531 1811 Habet
558 1758 655 1810 tamen
684 1758 714 1808 et
745 1766 881 1809 nummus
909 1753 1067 1827 primorum
1099 1748 1199 1808 mnndi
1230 1766 1380 1827 corporum
1408 1768 1477 1811 suas
1495 1760 1546 1811 'ex

194 1842 354 1915 geometria
376 1856 497 1913 causas,
520 1855 595 1913 quas
618 1836 693 1898 inira
713 1835 764 1895 lib.
787 1836 826 1895 V.
849 1855 885 1897 ex
908 1838 1050 1915 Mysterin
1073 1856 1139 1897 meo
1162 1837 1410 1914 Cosmographicn
1435 1846 1546 1916 repeto.

195 1926 395 2001 Quantitatem
416 1929 550 2003 seqnitur
570 1925 674 2000 ligura,
697 1923 851 1983 individua
873 1925 936 2003 ejus
960 1928 1132 2004 proprietas,
1156 1942 1232 2001 quae
1255 1941 1305 1989 cur
1319 1925 1445 2000 globosa
1466 1924 1547 1986 side·

195 2016 275 2074 ribus
298 2016 413 2093 ipsique
435 2014 510 2074 adeo
533 2012 643 2071 mundo
665 2012 828 2085 deberetur.
850 2027 893 2073 sc.
917 2031 953 2073 ex
976 2014 1120 2089 sphaerici
1141 2013 1311 2091 archetypo,
1336 2012 1365 2071 ld
1382 2013 1453 2075 alibi
1474 2030 1547 2091 pas-

195 2105 249 2160 sim
271 2094 347 2160 solet
371 2098 518 2180 explicari
563 2101 687 2183 Figurae
710 2117 863 2176 corporum
887 2100 1068 2161 diversarum
1096 2103 1195 2161 statim
1218 2102 1353 2176 sequitur
1375 2107 1454 2161 ce‘rta
1477 2117 1548 2180 pro-

196 2191 290 2268 portio
313 2207 407 2265 eaque
430 2190 548 2266 triplex
572 2206 631 2247 una
654 2188 875 2265 diametrorum,
899 2188 993 2247 altera
1015 2188 1249 2269 superficierum,
1276 2190 1362 2247 tertia
1385 2190 1472 2267 spatii
1495 2206 1548 2248 seu

197 2293 359 2355 corporum.
404 2276 498 2352 Igitur
520 2279 544 2335 si
568 2293 676 2335 causae
699 2275 803 2335 harum
825 2279 1047 2375 proportionum
1070 2278 1147 2336 aliae
1169 2293 1229 2337 non
1252 2284 1456 2355 suppeterent,
1478 2293 1549 2356 pro·
1629 2326 1631 2330 Α

197 2364 332 2424 habiliter
356 2381 507 2443 possemus
530 2363 682 2435 affirmare,
706 2380 743 2422 ex
765 2362 924 2423 harmoniis
946 2381 1011 2424 esse
1027 2364 1184 2425 desumtas.
1232 2362 1431 2440 Quaecunque
1450 2373 1548 2424 tamen

198 2470 250 2511 eae
272 2444 351 2525 sunt,
375 2452 441 2512 illas
463 2451 544 2527 globi
568 2451 712 2510 coelestes
726 2452 798 2510 ,sine
813 2450 877 2510 nlla
890 2454 1053 2512 mutatione
1077 2450 1253 2525 custodiunt,
1277 2453 1386 2529 quippe
1402 2455 1451 2529 qui
1468 2450 1549 2511 nullo

197 2546 279 2599 motu
301 2542 477 2617 temporisve
508 2539 632 2599 decursu
663 2538 790 2613 majores
812 2541 978 2599 minoresve
1000 2540 1082 2599 fiunt.
1128 2539 1220 2600 Secus
1249 2547 1294 2599 est
1323 2557 1388 2598 cum
1412 2537 1462 2598 iis*
1479 2556 1549 2616 pro-

199 2628 397 2705 portionibus,
428 2644 505 2703 qnae
526 2630 625 2685 insunt
648 2626 819 2704 corporibus
848 2643 938 2686 cansa
960 2630 1033 2686 situs
1063 2638 1092 2688 et
1122 2645 1215 2687 cansa·
1239 2634 1372 2686 motuum
1394 2626 1549 2701 localinm;

200 2714 268 2773 illac
291 2716 369 2774 enim
391 2718 516 2773 retinent
539 2716 688 2791 ingenium
711 2722 808 2772 motus
831 2715 934 2791 ipsius,
958 2717 1115 2791 quintin
1139 2717 1276 2774 corstinuo
1298 2714 1377 2791 fied,
1401 2732 1552 2791 nunquam

199 2804 227 2859 iu
257 2819 316 2861 esse
338 2811 489 2880 versatur,
518 2803 561 2860 sic
592 2804 681 2860 etiam
709 2803 912 2879 proportiones
941 2808 1074 2861 motuum
1105 2805 1304 2862 inconstantes
1335 2810 1404 2861 sunt
1425 2803 1552 2879 aliisque

199 2892 380 2967 temporibus
410 2888 497 2950 aliae
548 2888 658 2948 Verum
688 2888 806 2963 quidem
835 2898 895 2963 est,
929 2893 968 2948 si
981 2898 1079 2949 motas
1110 2908 1261 2967 corporum
1293 2890 1463 2950 coelestium
1493 2906 1552 2950 non
1656 2894 1668 2964 J

200 2980 326 3036 variaret
349 2994 448 3037 eorrrm
471 2977 627 3036 intervalla
654 2978 841 3036 acommuni
863 2986 943 3036 meta
969 2994 1023 3036 sen
1051 2978 1114 3036 basi
1145 2978 1260 3051 mundi,
1292 2972 1320 3036 h.
1344 2996 1368 3038 e.
1398 2980 1422 3037 sl
1455 2977 1580 3065 nullus
1617 3019 1620 3025 f

200 3072 277 3124 esset
300 3081 400 3124 eornm
422 3073 518 3123 motus
541 3067 570 3123 in
594 3065 687 3123 altum
709 3071 739 3123 et
761 3064 945 3141 profundum,
970 3049 1033 3124 sed
1037 3068 1131 3124 omnis
1154 3068 1183 3122 ln
1199 3082 1309 3125 merum
1326 3067 1465 3125 circulum
1481 3057 1553 3126 cor'r-

200 3154 368 3225 eentricum,
391 3160 460 3211 tunc
482 3168 540 3210 non
564 3160 676 3210 tanturn
700 3151 919 3211 intervallorum
942 3153 1092 3229 proportio
1116 3160 1263 3225 constans,
1287 3151 1339 3211 sed
1363 3156 1452 3213 etiam
1476 3169 1554 3215 mere

201 3239 370 3300 harmonica
397 3241 495 3298 lutura
523 3240 641 3312 luisset,
667 3241 696 3296 si
728 3256 834 3298 causae
857 3241 934 3298 aliae
963 3256 1021 3299 nou
1045 3242 1262 3317 suppetiissent.
1306 3239 1389 3299 Idem
1413 3239 1449 3301 de
1472 3242 1555 3302 motti

201 3325 356 3386 dicandum
379 3344 468 3387 causa
490 3345 562 3386 suae
585 3330 738 3399 essentiae,
761 3325 791 3383 id
814 3335 860 3387 cst
881 3343 972 3386 eausa
994 3345 1066 3387 snae
1087 3328 1242 3389 celeritatis
1267 3344 1353 3387 verae
1376 3346 1430 3406 per
1451 3328 1564 3410 satire-¹=

202 3432 275 3490 rem,
304 3432 380 3491 qaae
403 3417 428 3473 si
451 3424 588 3474 constans
610 3413 732 3491 singulis
761 3422 838 3473 esset
867 3423 897 3473 et
918 3422 1074 3493 perpetua,
1107 3413 1229 3474 dubium
1255 3414 1368 3473 nullum
1395 3424 1452 3488 est,
1484 3417 1563 3494 qnin-
1611 3450 1614 3459 ι

201 3502 256 3560 hae
281 3502 460 3561 diversorum
484 3502 646 3561 celeritates
679 3509 708 3561 et
730 3502 883 3562 tarditates
914 3502 952 3561 ad
976 3502 1057 3578 leges
1088 3502 1272 3562 harmonicas
1301 3502 1425 3563 inissent
1447 3511 1555 3582 attem-

202 3597 328 3665 peratae.
373 3589 455 3651 idern
479 3589 605 3666 denique
628 3588 664 3649 de
688 3588 792 3648 ecdem
814 3597 895 3648 motu
920 3589 1074 3649 dicendum
1098 3593 1187 3650 ctiam
1199 3607 1290 3651 causa
1313 3591 1438 3651 conlecti
1458 3594 1556 3671 spatii,

202 3678 257 3735 sub
280 3676 403 3737 zodiaco
426 3680 603 3755 apparentis.
648 3676 724 3736 Nam
747 3681 771 3736 si
795 3693 897 3736 omnes
919 3678 1055 3755 planetae
1087 3677 1195 3738 eodem
1218 3686 1299 3737 motu
1325 3682 1478 3757 apparenti
1501 3678 1556 3740 sub
1628 3730 1637 3741 .

204 3763 326 3824 zodiaco
349 3762 518 3824 debuissent
541 3765 683 3837 incedere,
707 3779 915 3840 necunquam
938 3764 1055 3842 lougius
1078 3766 1153 3825 alter
1168 3767 1206 3826 ab
1222 3766 1314 3825 altero
1335 3770 1475 3843 separari,
1498 3783 1557 3827 nou
1649 3808 1658 3827 .

205 3860 248 3910 est
271 3851 409 3926 dnhium,
441 3855 509 3928 quin
535 3853 625 3911 Dens
640 3852 730 3909 talem
753 3851 869 3910 illorum
901 3855 990 3910 situm
1013 3853 1050 3911 ad
1074 3870 1105 3914 se
1128 3862 1230 3912 mutuo
1260 3854 1316 3912 sub
1339 3854 1461 3914 zodiaco
1485 3871 1557 3914 con·

134 4006 138 4017 ¹
205 3941 348 3998 stituisset
370 3939 438 3998 inde
459 3941 497 3998 ab
521 3943 604 3998 initio
628 3935 789 4019 (siqnidem
812 3940 904 3998 libera
927 3948 956 3999 ct
978 3957 1036 4000 non
1060 3940 1125 3999 aliis
1146 3941 1330 4001 necessitatis
1346 3941 1459 4019 legibus
1478 3957 1559 4021 ⁸nexa

206 4027 307 4086 luisset
339 4026 454 4086 illorum
483 4023 674 4107 dispositio),
705 4028 755 4102 qni
786 4026 978 4104 undiquaque
1010 4028 1162 4088 zodiacum
1190 4029 1354 4088 rationibus
1384 4028 1559 4107 dispesceret

207 4113 393 4173 harmonicis.
437 4114 472 4172 ld
495 4114 570 4173 adso
593 4123 622 4173 et
646 4118 674 4171 in
698 4116 841 4192 principio
864 4112 1103 4197 mntnurn'(cum
1123 4118 1297 4194 principium
1324 4118 1463 4193 temporis
1486 4133 1557 4177 con-

208 4201 350 4261 sideretur
372 4205 434 4260 sine
457 4197 604 4283 tempore)
626 4203 715 4261 luisse
739 4210 967 4262 cousentaneum
990 4212 1049 4277 est,
1071 4212 1104 4263 ut
1126 4219 1161 4262 ex
1186 4206 1331 4262 communi
1354 4205 1411 4262 situ
1436 4212 1464 4263 at
1487 4220 1559 4264 cou-

207 4287 379 4364 figuratione
400 4289 570 4348 harmonica
593 4287 706 4371 (qualis
729 4287 777 4348 vel
800 4307 837 4349 ex
859 4289 965 4363 Terra,
996 4291 1044 4350 vel
1067 4293 1172 4367 potins·
1189 4308 1224 4350 ex
1248 4289 1317 4349 Sole
1340 4307 1480 4369 apparere
1503 4307 1560 4367 po-

209 4379 276 4449 tuit)
300 4377 384 4436 velut
406 4396 425 4436 a
448 4378 611 4436 carceribus
634 4380 662 4434 in
687 4394 749 4435 sua·
763 4377 887 4452 quilibet
909 4380 1006 4455 spatia
1030 4395 1082 4437 seu
1103 4380 1208 4437 itinera
1225 4382 1390 4437 excurrerit.
1435 4380 1475 4438 At
1491 4380 1561 4455 quia

208 4463 346 4538 planetae
367 4475 521 4524 moventur
543 4468 572 4522 in
594 4464 686 4523 altum
709 4473 739 4523 et
760 4464 953 4541 protundum,
978 4468 1051 4524 situs
1074 4465 1231 4525 lutervalla
1252 4475 1415 4541 mutantes,
1439 4474 1468 4525 et
1490 4466 1561 4543 quia

210 4549 245 4609 ad
268 4551 347 4610 hunc
369 4560 479 4611 motum
502 4555 676 4612 necessitate
698 4551 822 4628 physica
844 4555 977 4628 sequitur
1000 4555 1087 4612 etiarn
1115 4553 1203 4613 realis
1227 4555 1353 4613 intensio
1377 4561 1407 4613 et
1429 4556 1561 4613 remissio

210 4646 340 4701 motuum
364 4656 454 4699 causa
476 4640 650 4713 celeritatis,
682 4638 808 4714 deniqne
831 4642 902 4715 quia
924 4657 977 4716 per
998 4640 1169 4718 inaequales
1194 4640 1374 4699 diversorum
1398 4642 1562 4701 celeritates

210 4736 384 4804 apparentes
406 4727 518 4786 zodiaci
542 4730 678 4805 spatium,
712 4726 792 4802 quod
815 4726 951 4786 videntur
974 4726 1016 4785 illi
1031 4729 1184 4807 trajicere,
1207 4726 1347 4786 dividitur
1366 4726 1438 4788 alias
1462 4713 1562 4788 aliter‘:

209 4813 289 4873 hisce
311 4817 406 4874 tribas
428 4817 595 4874 nominibus
619 4823 678 4873 tam
701 4816 821 4888 sitibus,
845 4833 933 4890 qnam
957 4816 1085 4875 motibus
1108 4816 1185 4877 idem
1208 4818 1351 4893 contingit
1374 4833 1464 4875 eausa
1487 4825 1563 4875 tem·

210 4903 305 4979 poris,
337 4900 419 4978 quod
442 4905 655 4979 quantitatibus
681 4903 754 4980 ipsis
785 4905 848 4961 sinc
877 4913 1012 4979 respectu
1041 4906 1188 4982 temporis.
1234 4902 1316 4963 Sicut
1346 4905 1422 4964 enim
1453 4905 1563 4962 nonin
1622 4905 1626 4914 '

211 4997 272 5048 toto
296 4990 404 5049 circulo
434 4992 481 5050 rel
504 4998 584 5050 recta
615 4993 702 5065 inque
734 4991 868 5049 omnibus
899 4991 964 5067 ejus
995 4994 1109 5070 punctis
1141 4999 1208 5050 sunt
1240 4992 1354 5051 termini
1385 5009 1437 5052 sen
1468 4997 1564 5051 metae

211 5079 356 5137 rationum
385 5078 631 5148 harmonicam,
663 5076 716 5136 sed
747 5078 852 5137 saltem
880 5080 909 5136 in
939 5081 1024 5139 certis
1056 5078 1222 5156 aliquibus,
1251 5080 1294 5137 sic
1318 5080 1404 5137 etiarn
1436 5076 1564 5138 hicnon
1644 5148 1645 5151 Ἴ

212 5172 272 5224 toto
304 5175 435 5243 ternpore
465 5176 563 5224 motus
591 5168 714 5224 existere
744 5173 867 5243 possunt
897 5165 1082 5245 harmoniae,
1113 5167 1259 5242 usquein
1277 5162 1446 5226 intervallis
1469 5182 1565 5243 neque
1604 5195 1606 5200 ⁴

211 5253 239 5310 in
263 5263 396 5314 motuum
419 5254 567 5313 celeritate
590 5270 685 5328 neque
709 5255 737 5310 in
760 5254 864 5329 spatiis
887 5254 1000 5311 zodiaci
1029 5256 1104 5312 inter
1126 5254 1260 5339 planetas
1282 5254 1464 5344 interceptis,
1494 5270 1566 5331 pos-

211 5348 279 5418 sunt
301 5349 399 5402 tamen
423 5344 540 5400 omnino
570 5342 599 5398 in
623 5343 708 5399 certis
728 5342 868 5420 temporis
890 5341 1045 5399 momentis
1075 5348 1104 5399 et
1127 5341 1328 5418 possunthoc
1351 5333 1423 5401 cltra
1446 5329 1591 5402 alterio-1
1677 5324 1682 5335 ¹

212 5446 271 5488 rem
297 5429 353 5490 Dei
384 5446 517 5507 operam,
549 5428 637 5487 semel
670 5428 752 5484 initio
782 5434 879 5485 motus
907 5426 986 5485 dato.
1035 5425 1121 5487 Nam
1141 5430 1190 5503 qni
1220 5436 1349 5489 extrema
1378 5428 1572 5507 praescripsit·

212 5517 353 5590 motibus,
381 5525 410 5577 et
433 5519 624 5576 mutationem
649 5513 769 5573 indulsit
790 5514 829 5573 ab
845 5532 903 5573 nno
928 5522 1057 5574 extremo
1079 5515 1109 5572 lu
1125 5514 1257 5589 alterum,
1280 5514 1357 5575 idem
1374 5518 1461 5576 ctiam
1475 5517 1588 5579 inter-.

213 5604 310 5665 media
332 5604 455 5681 largitus
480 5613 525 5665 est
548 5605 662 5677 omnia,
692 5611 752 5661 tam
782 5605 958 5679 incongrua,
991 5619 1067 5678 qnae
1101 5611 1170 5662 sunt
1199 5604 1327 5677 infinita,
1360 5621 1449 5680 quam
1479 5605 1567 5666 etiam

214 5707 345 5770 conans
367 5699 399 5753 et
419 5693 598 5767 harmonica,
621 5699 700 5750 certo
722 5707 842 5750 numero
865 5691 1031 5768 incongruis
1057 5691 1218 5768 interjecta.
1262 5685 1365 5768 Neque
1394 5694 1471 5751 enim
1493 5691 1568 5753 haec

1347 5793 1413 5855 15⁴*
