3684 7259
318 1182 379 1244 622
688 1180 721 1236 lu
738 1179 957 1237 stereometriam
974 1179 1116 1236 Doliorum
1133 1177 1286 1251 appendix.
1338 1205 1353 1225 ··

406 1353 438 1407 Iu
455 1352 609 1408 inventione
627 1354 766 1411 Romanae
783 1373 925 1411 mensurae
945 1356 1014 1410 idem
1033 1354 1127 1426 procul
1147 1354 1227 1409 dubio
1254 1368 1399 1423 processus
1423 1352 1476 1407 luit
1503 1351 1673 1405 observatus.

320 1430 428 1497 Alioqui
447 1432 470 1485 si
488 1430 652 1486 liberrimum
670 1433 720 1487 luit
738 1434 884 1489 inventoria
904 1435 1053 1502 arbitrium,
1073 1449 1156 1487 causa
1173 1433 1247 1487 nulla
1265 1433 1328 1500 fuit,
1354 1450 1402 1487 cur
1419 1433 1505 1487 librae
1524 1431 1618 1501 potius
1638 1432 1677 1486 18-

320 1508 421 1563 solidos
439 1509 551 1577 pollices
568 1510 697 1565 fontanae
715 1514 856 1575 tribueret,
876 1530 957 1582 quarn
978 1513 1008 1569 16
1027 1513 1069 1566 rel
1089 1513 1129 1566 12.
1166 1510 1292 1565 Notabile
1311 1511 1417 1566 interim
1436 1518 1463 1565 et
1476 1512 1538 1579 hoc,
1558 1512 1672 1567 eandem

319 1587 405 1643 fuisse
423 1590 625 1659 proportionem
645 1592 771 1660 ponderis
791 1592 936 1663 amphorae
963 1592 998 1647 ad
1023 1592 1139 1661 libram,
1166 1605 1236 1658 quae
1260 1590 1346 1646 librae
1364 1590 1400 1644 ad
1418 1590 1468 1672 drap
1548 1608 1583 1647 ua
1620 1590 1673 1646 Sed

318 1673 383 1737 puto
401 1667 472 1722 hauc
489 1668 682 1736 aequalitatem
701 1670 772 1724 ultro
791 1681 889 1739 orteia,
908 1684 963 1727 non
981 1671 1139 1739 quaesitam.
1176 1671 1242 1724 Cum
1269 1671 1339 1726 euim
1358 1671 1466 1741 depreh'
1542 1680 1586 1727 set
1603 1673 1675 1726 illius

322 1748 494 1814 aequationis
512 1756 615 1819 auctor,
634 1749 711 1818 pedis
730 1750 898 1806 usitatissimi
916 1749 1015 1804 cubum
1033 1751 1149 1818 aqueum
1168 1749 1287 1818 pendere
1302 1750 1360 1807 fere
1379 1735 1676 1840 libra‘fffltatissimaa

317 1824 360 1894 96,
379 1833 407 1879 et
425 1828 612 1896 perpenderet,
631 1829 746 1884 eundem
764 1844 824 1883 esse
845 1844 985 1882 numerum
1005 1828 1192 1882 drachmarum
1216 1827 1244 1882 iu
1268 1828 1338 1883 libra
1361 1827 1526 1906 antiquitiqa':
1556 1839 1676 1886 contem·

317 1904 457 1975 peratioue
476 1907 552 1986 pedis
570 1917 598 1962 et
616 1907 700 1961 librae
713 1924 769 1961 rem
783 1923 799 1960 a
811 1908 1013 1978 propinquitate
1031 1908 1065 1963 ad
1078 1908 1310 1977 ipsumpnnctum
1329 1906 1450 1975 adduxit,
1469 1923 1524 1962 nou
1537 1909 1675 1964 electurus

318 1982 391 2038 huuc
409 1999 551 2041 nnmerum
568 1986 602 2042 96
620 1986 757 2053 librarum,
776 1986 799 2040 ai
817 2001 834 2039 a
859 1993 1030 2056 receptarum
1057 1985 1186 2041 librarum
1214 2003 1326 2041 numero
1352 1988 1506 2054 immaniter
1523 1987 1674 2044 'abfuisset

318 2062 379 2119 Hoc
395 2063 518 2133 igiturei
536 2065 804 2141 ctuosimitemur,
834 2066 950 2121 satisfiet
977 2067 1099 2136 proxime
1127 2066 1213 2121 tribus
1241 2066 1294 2120 illis
1320 2066 1471 2121 rationibus
1499 2069 1527 2121 in
1546 2067 1675 2121 methodo

319 2140 613 2278 allegatis,²'¹}{imaa
630 2157 681 2199 sua
698 2143 869 2212 relinquetur
886 2146 1050 2213 auctoritas,
1080 2154 1208 2214 quantum
1233 2161 1346 2200 necesse
1363 2151 1406 2200 eat
1423 2152 1450 2200 et
1470 2153 1603 2215 quantum
1622 2162 1676 2200 me

240 2278 250 2296 ,
321 2223 409 2298 retd‘r;
430 2219 513 2290 oram
541 2219 582 2293 ae,
600 2224 705 2292 unciae,
725 2239 830 2279 marcae
848 2224 1009 2279 retinebitur
1025 2225 1235 2293 nomenclatura,
1254 2239 1361 2293 unaque
1381 2231 1408 2278 ct
1421 2226 1564 2280 octonaria
1582 2224 1676 2280 solidis

317 2304 526 2363 familiarissima
545 2303 712 2375 progressio.

873 2465 925 2525 Ad
948 2464 1066 2541 Caput
1089 2465 1127 2525 V.
1184 2435 1187 2441 Ι

413 2622 561 2677 Processus
579 2617 724 2675 reducendi
742 2616 857 2671 solidum
876 2616 1134 2687 parallelepipedum
1153 2620 1338 2689 rectaugulum
1366 2621 1393 2674 in
1410 2619 1527 2688 figuram
1545 2621 1676 2685 cubicum,

324 2700 449 2773 equidem
467 2717 591 2770 maguam
610 2697 729 2753 ostendit
746 2697 920 2766 diligentiam.
956 2696 1055 2750 Tribus
1082 2696 1152 2751 enim
1176 2698 1263 2754 modis
1289 2700 1317 2753 iu
1345 2717 1428 2760 unum
1455 2700 1676 2770 conspirantibus

323 2788 443 2838 constat:
456 2796 576 2848 numero,
589 2780 747 2850 capacitate,
761 2776 894 2847 pondere;
913 2791 964 2843 ego
984 2783 1109 2845 quartum
1127 2776 1235 2830 modum
1248 2776 1319 2832 inira
1331 2778 1426 2834 dicam.
1458 2780 1582 2847 Cumque
1595 2779 1677 2833 Scho

325 2879 408 2918 uerus
426 2868 455 2916 et
471 2859 597 2915 Steriuus
616 2856 865 2926 quotientemlima
883 2855 1016 2910 subtiliori
1036 2854 1231 2924 expolirerint,
1261 2854 1328 2911 nihil
1352 2857 1418 2911 mihi
1439 2857 1614 2925 reliquerunt
1631 2856 1675 2910 ad·

270 3002 273 3010 ,
323 2939 449 2997 ciendum.
473 2938 599 2993 Numeris
618 2945 708 2990 autem
726 2950 833 3003 semper
845 2933 931 2987 tutius
950 2940 992 2988 est
1004 2933 1053 3001 uti,
1070 2949 1151 3000 quam
1171 2934 1257 3004 lineis,
1276 2951 1325 3005 per
1338 2937 1469 2992 mesolabi
1482 2938 1676 2992 aberrationes.

324 3020 387 3074 Nou
401 3025 479 3089 putat
490 3018 543 3072 hoc
556 3015 710 3070 Schonerus
730 3014 824 3068 decere
843 3021 1022 3081 geometram:
1042 3022 1070 3066 at
1086 3013 1116 3066 iu
1134 3013 1186 3069 hoc
1205 3015 1341 3083 praeacuti
1360 3030 1425 3070 casu
1437 3016 1512 3070 omui
1525 3016 1677 3071 subtilitate

323 3097 504 3166 operandum,
530 3110 581 3149 uec
607 3093 710 3161 ignosci
737 3098 830 3162 potest
855 3091 993 3147 mesolabo
1021 3091 1151 3160 peccanti.
1196 3094 1342 3161 Egregium
1370 3091 1437 3148 alias
1464 3096 1675 3150 instrumentum

322 3174 486 3243 mesolabus,
505 3173 613 3242 egregia
636 3171 810 3239 exercitatio,
838 3187 908 3238 quae
936 3185 985 3239 pro
1007 3170 1112 3225 calculo
1137 3188 1192 3225 rem
1216 3173 1303 3240 ipsam
1326 3171 1377 3226 suh
1401 3187 1498 3226 manus
1523 3173 1622 3241 sumit3
1649 3179 1676 3225 at

323 3253 445 3323 profecto
464 3270 518 3307 non
536 3272 709 3319 γεωμετρητον
728 3252 788 3318 hoc,
808 3251 855 3305 sed
873 3270 1022 3319 μηχαωκον,
1042 3258 1069 3303 et
1087 3266 1151 3305 rere
1172 3250 1228 3305 tale
1255 3266 1308 3304 nou
1328 3251 1386 3304 sola
1402 3250 1574 3318 ignoratione
1594 3251 1677 3305 homi·

323 3351 396 3403 uum,
416 3333 488 3402 quod
507 3340 585 3404 putat
604 3332 739 3387 Sterinus.
775 3330 840 3399 Ipsa
857 3345 948 3383 rerum
967 3328 1191 3397 geometricarum
1215 3337 1312 3384 natura
1335 3346 1388 3383 nou
1414 3329 1468 3384 fert
1485 3330 1555 3385 duaa
1575 3331 1675 3385 medias

265 3474 268 3479 ,
326 3413 412 3479 aliter,
432 3413 483 3467 uisi
498 3429 546 3483 per
563 3412 637 3480 ipsos
657 3411 741 3465 cubos
760 3425 830 3464 suos
844 3406 1025 3463 determinari.
1053 3406 1090 3460 At
1104 3423 1158 3460 non
1171 3408 1269 3462 dautur
1282 3408 1343 3463 cubi
1357 3407 1425 3462 alter
1443 3408 1557 3463 alterius
1576 3409 1676 3480 duplus

326 3508 356 3546 re
381 3493 447 3561 ipsa.
483 3490 593 3546 Nomai
609 3490 748 3558 darentur,
767 3495 815 3542 aut
832 3503 848 3540 a
866 3492 966 3541 nutura
985 3486 1113 3540 darentur
1125 3494 1173 3539 aut
1185 3487 1220 3541 ab
1232 3488 1355 3556 homiue;
1376 3490 1505 3557 utrinque
1517 3506 1567 3560 per
1580 3496 1677 3557 ortum,

325 3588 421 3641 nempe
440 3586 490 3639 per
508 3567 685 3634 latus'suum',
704 3587 741 3625 ac.
760 3584 809 3637 per
826 3565 930 3621 medias
948 3565 1182 3635 proportionales,
1212 3570 1280 3634 quas
1304 3568 1361 3636 jam
1388 3569 1506 3623 diximus
1532 3570 1561 3623 iu
1590 3568 1677 3637 plania

323 3654 398 3710 nullo
411 3661 492 3722 pacto
510 3652 636 3707 constitui
648 3651 820 3719 geometrice,
839 3663 928 3715 neque
947 3647 1009 3701 seiri
1027 3663 1154 3716 unquam,
1173 3664 1257 3717 quare
1276 3666 1326 3704 uec
1344 3651 1372 3704 in
1384 3656 1475 3701 mente
1494 3656 1559 3702 actu
1577 3648 1676 3702 insunt

323 3733 419 3802 Itaque
437 3732 514 3786 cubis
532 3730 713 3801 proportionis
731 3728 829 3797 duplae
848 3728 981 3795 denegato
1001 3735 1061 3782 ortu
1080 3728 1150 3792 (cum
1169 3736 1244 3781 recta
1261 3743 1315 3782 nou
1333 3736 1395 3782 ante
1413 3727 1579 3797 consistant,
1598 3744 1678 3797 quam

325 3812 457 3874 oriantur,
474 3811 554 3866 nain
574 3814 663 3864 mente
681 3806 811 3875 quidem),
830 3807 1035 3876 negaturetiam
1055 3806 1231 3861 subsistentia
1243 3821 1291 3861 seu
1304 3807 1375 3861 intra
1387 3823 1436 3860 seu
1454 3815 1533 3861 extra
1551 3815 1676 3862 menam.

323 3888 383 3944 Hoc
401 3890 505 3944 imitata
521 3903 612 3942 rerum
630 3894 736 3953 natura,
756 3887 874 3941 rationes
892 3886 1076 3950 harmonicas,
1104 3887 1249 3941 intercluso
1268 3887 1414 3942 mediarum
1433 3885 1677 3956 proportionalium

279 4013 282 4018 ,
324 3969 449 4034 nausitu,
466 3968 538 4021 iutra
555 3982 695 4022 numerum
713 3965 880 4020 octonarium
898 3966 1042 4021 terminare
1060 3973 1155 4042 coacta
1172 3972 1222 4020 est.

311 4041 313 4043 ’
412 4045 508 4115 ltaque
535 4046 616 4114 hujus
640 4046 769 4101 instinctu
793 4046 864 4113 jam·
877 4045 939 4101 vilis
971 4048 1050 4101 etiam
1078 4047 1197 4116 agricola
1224 4063 1319 4105 vocum
1348 4050 1553 4116 proportionem
1582 4048 1677 4103 tr'trrc

326 4127 435 4182 damnat
454 4133 481 4180 et
500 4134 649 4194 aversatur,
668 4126 732 4193 quia
744 4125 780 4180 ad
788 4125 863 4179 illam
882 4142 936 4180 uon
954 4132 1046 4193 potest
1065 4126 1227 4196 geometrice
1245 4127 1387 4195 perveniri,
1407 4125 1459 4181 uisi
1475 4142 1525 4196 per
1537 4128 1555 4182 2
1568 4126 1676 4195 medias,

326 4221 397 4275 quae
414 4209 478 4261 actu
495 4205 620 4274 nuspiam
639 4212 711 4270 suut,
729 4221 780 4260 uec
799 4206 827 4259 iu
844 4212 934 4260 mente
952 4205 1127 4260 adumbratae
1146 4221 1197 4260 nec
1213 4205 1241 4260 in
1259 4204 1361 4259 mundo
1380 4220 1538 4273 expressae.

412 4284 529 4354 Objicir'rt
556 4285 654 4355 aliquis
679 4292 772 4341 contra
798 4286 869 4340 hauc
886 4284 1095 4355 philosophiam,
1105 4302 1151 4355 ‚an
1168 4303 1223 4341 nou
1236 4287 1322 4341 cubus
1339 4284 1470 4353 2duplus
1482 4285 1519 4340 sit
1531 4285 1568 4342 ad
1580 4286 1678 4341 cubum

325 4366 360 4420 1?
379 4366 549 4434 Respondeo,
569 4366 682 4435 perinde
699 4366 752 4420 hoc
771 4381 877 4431 souare,
905 4381 937 4419 ac
955 4364 1057 4433 siquis
1075 4366 1128 4420 hoc
1146 4365 1252 4421 dicendi
1271 4380 1369 4434 genere
1392 4372 1533 4435 uteretur,
1562 4382 1597 4420 au
1625 4380 1678 4418 non

327 4447 412 4500 cubus
432 4441 530 4514 duplus
549 4445 591 4518 ad¹
603 4444 729 4514 simplum
748 4445 847 4514 duplus
866 4447 928 4501 est?
963 4445 1075 4499 Numeri
1094 4445 1164 4498 enim
1183 4452 1246 4499 sunt
1264 4460 1352 4500 sermo
1372 4451 1585 4512 geometrarum,
1613 4439 1677 4497 nihil

326 4530 458 4592 praetera.
497 4524 628 4593 Suntque,
648 4531 678 4578 ut
696 4530 845 4593 conceptus
863 4523 978 4590 mentia,
1005 4523 1182 4593 applicabiles
1208 4530 1264 4578 tam
1287 4524 1357 4578 veris
1375 4539 1456 4591 quam
1475 4521 1676 4588 conditionariis,

329 4601 445 4670 deniquo
462 4601 533 4657 fictis
553 4612 581 4657 et
598 4602 679 4672 plano
696 4601 908 4671 impossibilibus
927 4602 1046 4666 entibus,
1066 4604 1093 4657 h.
1112 4619 1135 4658 e.
1154 4620 1208 4657 non
1226 4603 1335 4676 entibus
1353 4608 1401 4655 aut
1419 4602 1572 4657 chimaeria.

414 4681 501 4736 Aliter
519 4681 640 4750 objicias,
660 4698 694 4736 an
713 4700 766 4737 nou
785 4683 872 4750 possit
890 4682 1002 4751 cogitari
1026 4685 1111 4737 cubus
1137 4681 1206 4737 alter
1224 4681 1337 4736 alterius
1356 4680 1472 4749 duplus,
1497 4681 1548 4735 ubi
1573 4681 1678 4737 ridetur

327 4777 371 4817 res
389 4762 458 4816 haec
476 4763 502 4817 iu
521 4771 610 4819 mente
629 4764 797 4819 subsistere?
816 4762 980 4831 Respondeo
995 4761 1131 4829 similiter3
1146 4762 1264 4829 cogitare
1281 4761 1350 4814 euim
1363 4767 1450 4829 potes,
1468 4760 1678 4815 conmadictoria

327 4840 407 4895 simul
426 4855 486 4894 ease
503 4856 575 4910 vera,
595 4842 669 4909 quod
687 4848 777 4897 tamen
795 4849 837 4897 cst
854 4841 1029 4908 impossibile.
1066 4841 1143 4896 Haec
1160 4841 1241 4908 igitur
1259 4840 1352 4894 insunt
1370 4839 1461 4893 verius
1478 4838 1507 4891 iu
1526 4838 1677 4906 phantasia,

327 4934 497 4988 nequaquam
517 4921 544 4973 iu
563 4928 661 4976 mente.
695 4921 765 4982 Nam
783 4920 830 4988 qui
850 4920 889 4973 sic
908 4920 1017 4987 cogitat,
1036 4920 1073 4973 nil
1091 4919 1141 4973 uisi
1159 4920 1243 4973 rerba
1255 4919 1356 4987 cogitat
1372 4924 1399 4971 et
1412 4932 1502 4985 sonos,
1521 4932 1557 4972 ex
1574 4918 1677 4971 aurium

327 4998 551 5086 resonantia-xpm
568 4999 685 5067 speciem
704 4997 866 5067 phantasiae
884 4997 947 5051 olim
966 5005 1185 5067 repraesentatos
1210 4999 1338 5065 varieque
1360 4997 1433 5050 inter
1455 5011 1487 5050 aa
1504 4995 1677 5064 compositos,

328 5063 592 5154 dianoeaa‘ssflssem
617 5094 712 5147 opera,
740 5078 790 5133 sed
815 5095 869 5132 uon
892 5078 968 5145 justo
993 5095 1042 5133 nec
1063 5079 1116 5132 uisi
1139 5077 1271 5144 imitatiro
1294 5090 1433 5146 processu.
1472 5074 1637 5143 Quaerere
1652 5075 1679 5128 iu

327 5165 426 5227 mente,
445 5151 545 5226 effi
563 5174 659 5213 causas
679 5174 742 5213 suas
760 5159 868 5227 insunt,
895 5174 950 5212 uon
978 5172 1027 5225 per
1050 5157 1124 5212 noda
1151 5153 1480 5370 uominaelntelligatur
1494 5149 1578 5227 filius
1596 5154 1678 5208 cubus

331 5236 400 5291 alter
417 5235 530 5292 alterius
548 5236 657 5305 duplus,
675 5237 703 5292 h.
722 5253 745 5293 e.
764 5252 814 5306 per
831 5251 942 5292 causam
960 5252 1036 5291 suam
1055 5233 1253 5304 comprehende
1299 5239 1303 5252 “·
1324 5237 1351 5286 et
1375 5231 1524 5288 concedam
1545 5232 1575 5288 in
1591 5234 1679 5287 mento

327 5315 427 5371 inesse.
462 5314 532 5369 Nam
549 5325 625 5370 mens
643 5313 678 5369 ad
696 5330 792 5372 musas
810 5315 924 5370 remissa
934 5316 1087 5371 resolvetur
1099 5314 1134 5370 ad
1146 5314 1280 5381 mediasp
1295 5305 1487 5394 oportipnalopss,
1504 5327 1580 5384 ,qnae
1592 5321 1679 5368 ortum

329 5395 400 5463 cubi,
419 5401 450 5449 ut
466 5395 547 5450 tertio
565 5400 628 5451 actu
648 5396 777 5465 generati,
794 5396 870 5465 ipsae
888 5394 975 5463 primo
993 5402 1068 5462 actu,
1093 5412 1118 5449 u.
1138 5381 1544 5688 puncti‘iluufht',
1572 5404 1681 5460 praete·

329 5471 519 5528 dantnccesse
533 5482 583 5530 est.
605 5475 663 5531 Has
681 5490 745 5531 sero
763 5491 817 5532 non
829 5476 932 5540 inuenit
950 5489 1025 5529 mens
1043 5474 1115 5528 intra
1127 5488 1166 5541 se,
1183 5472 1211 5526 h.
1229 5486 1254 5525 e.
1271 5472 1330 5546 ius
1437 5471 1440 5476 '
1475 5468 1679 5537 quantitatibus

329 5547 367 5607 Ut'
383 5550 484 5607 rectius
501 5553 547 5609 hic
565 5554 686 5609 defectus
705 5554 819 5609 duarum
836 5553 986 5608 mediarum
1003 5552 1205 5621 intelligatque.
1229 5548 1331 5619 erpend
1403 5547 1592 5620 ¹subsistentia
1609 5562 1680 5602 meu·

330 5630 391 5726 talis
409 5628 490 5684 unius
507 5633 623 5688 mediae.
654 5633 733 5689 Datis
750 5632 858 5690 duabus
877 5632 1085 5719 quibuscunque
1101 5623 1213 5699 buda*
1252 5617 1352 5690 l'dffir
1417 5643 1439 5697 a,
1452 5627 1537 5717 Ιοιιὶιιι
1549 5626 1680 5683 damae
