3684 7259
315 1182 378 1242 880
680 1173 688 1190 ⁸
914 1125 1078 1342 affl

313 1355 473 1416 secundum
497 1356 626 1434 aliquast
648 1362 864 1438 proportionem
885 1340 1083 1437 quantitatum
1097 1351 1229 1444 ejusdem
1243 1358 1358 1439 generis
1371 1318 1457 1431 aussi,
1480 1374 1548 1417 oum
1562 1362 1668 1437 umen

312 1445 369 1503 nisi
392 1447 422 1502 in
444 1447 641 1520 quantitatum
663 1450 931 1524 comparationibus
949 1448 1126 1508 ¹hannoniae
1148 1451 1244 1510 inesse
1265 1462 1324 1506 non
1347 1447 1471 1521 pemint.

401 1530 487 1607 Quod
511 1550 580 1593 rcro
604 1537 666 1592 toni
689 1535 845 1595 musicales
867 1545 1072 1611 comparantur
1095 1536 1248 1594 affectibus
1270 1543 1300 1593 et
1321 1534 1450 1592 moribus
1473 1531 1608 1609 puhlicis,
1632 1530 1662 1589 id

194 1614 198 1622 ’
314 1619 429 1678 ostendi
451 1623 577 1680 maxime
599 1623 734 1682 naturale
754 1641 819 1683 esse
841 1627 871 1683 et
891 1616 1002 1694 babere
1023 1623 1142 1682 modom
1165 1640 1288 1697 cauum
1313 1621 1365 1680 uhi
1387 1623 1542 1691 acumine
1564 1626 1662 1679 textus

312 1705 486 1766 Ptolemaici
515 1707 624 1767 adduxi
653 1699 907 1787 philosophorum
919 1699 1070 1770 Pariorum
1092 1712 1203 1787 placita
1232 1710 1268 1769 dc
1291 1706 1467 1785 cugmabue
1489 1708 1662 1777 animarum,

313 1793 499 1862 numerorum
522 1803 551 1853 et
573 1795 786 1862 harmoniarum
809 1800 885 1858 inter
906 1811 949 1872 te,
972 1799 1078 1874 quibus
1101 1807 1130 1857 et
1152 1797 1302 1875 epilogum
1324 1798 1380 1855 mei
1395 1794 1461 1854 lihri
1476 1794 1513 1854 V.
1529 1794 1662 1870 adjunxi.
1744 1854 1747 1860 ,

317 1881 358 1940 Et
380 1880 460 1957 quod
482 1886 654 1949 nominatim
677 1887 782 1946 attinet
804 1886 924 1947 edeam
947 1885 1083 1945 tonorum
1104 1888 1133 1943 in
1157 1885 1310 1950 movendis
1328 1884 1434 1943 animis
1457 1881 1663 1954 diversimode,

312 1967 394 2027 illam
422 1973 574 2029 materiam
603 1988 658 2047 ogo
689 1964 858 2049 complexus
886 1991 951 2031 suar
979 1972 1119 2049 peculiari
1149 1990 1212 2049 sap.
1245 1974 1295 2033 lb.
1323 1971 1391 2030 lihri
1418 1972 1476 2028 mei
1506 1968 1560 2030 ut
1612 1968 1662 2032 tic

313 2055 393 2133 qood
414 2058 520 2116 attinet
544 2059 689 2134 justitiam
712 2063 952 2120 commutatiram
977 2060 1253 2136 distributivamoue
1280 2068 1311 2119 et
1331 2058 1490 2117 amicitiam
1518 2066 1550 2117 et
1571 2071 1662 2115 occo

312 2145 430 2203 nomina
451 2153 540 2219 utque
562 2146 699 2222 politica,
728 2147 765 2207 de
788 2148 845 2208 hae
867 2150 1004 2221 materia,
1037 2157 1182 2223 quaoenus
1204 2149 1235 2204 in
1258 2148 1294 2205 iia
1318 2145 1437 2205 valeant
1459 2146 1663 2222 proportiones

312 2233 458 2308 musicae,
484 2231 539 2291 ieci
568 2233 775 2309 digressionem
808 2238 838 2294 in
865 2235 924 2295 ine
950 2238 1008 2296 mei
1036 2235 1089 2294 lib.
1118 2235 1174 2294 111.
1220 2235 1355 2309 Denique
1384 2235 1536 2292 materiam
1567 2232 1661 2307 ipsam

312 2322 464 2395 praemissi
493 2321 556 2395 jam
585 2323 689 2397 cupitis
720 2324 748 2381 3.
772 2332 801 2382 et
824 2324 860 2395 t,
893 2331 922 2383 et
945 2341 1021 2399 qnae
1054 2321 1089 2382 de
1114 2325 1146 2395 5,
1181 2323 1215 2395 6,
1251 2325 1278 2379 i.
1297 2323 1339 2379 -in
1367 2337 1474 2396 genere
1505 2335 1577 2379 rora
1603 2318 1661 2378 dici

205 2427 209 2435 ’
311 2414 484 2483 potnerunt,
513 2408 683 2484 complexus
713 2426 768 2485 ego
796 2428 862 2468 sum
893 2412 986 2472 tribua
1015 2411 1115 2486 primia
1143 2417 1173 2470 ct
1190 2426 1308 2487 *rursum
1336 2409 1459 2484 septimo
1483 2410 1580 2482 capite
1604 2409 1661 2465 mei

311 2494 379 2552 libri
410 2494 467 2565 IV,
504 2495 554 2553 ubi
583 2495 729 2572 explicata
767 2500 929 2557 animorum
961 2506 1066 2557 natura
1098 2496 1229 2570 ostendi,
1267 2494 1506 2571 quandoquidem
1535 2495 1661 2553 circulus

311 2583 486 2658 geometrice
509 2591 605 2643 sectus
629 2601 681 2659 per
702 2586 918 2662 inscriptionem
942 2585 1100 2662 figurarum
1116 2584 1279 2662 planarum,
1303 2583 1521 2660 comparatione
1535 2585 1661 2657 partium

312 2685 378 2728 cum
401 2675 483 2739 toto,
516 2670 636 2730 definiat
658 2687 726 2731 rere
748 2681 777 2732 et
797 2675 913 2749 proprie
935 2675 1139 2750 proportiones
1163 2673 1363 2744 harmonicas,
1392 2672 1421 2728 in
1444 2671 1550 2729 mimis
1573 2671 1662 2744 igitur

312 2756 462 2816 essentiali
486 2756 613 2831 quadarn
644 2757 757 2818 r'atione
779 2762 874 2821 inesse
898 2760 1038 2821 circulum
1065 2760 1225 2840 formaliter
1247 2767 1276 2818 et
1298 2760 1445 2819 abstracte
1473 2772 1531 2815 non
1555 2773 1574 2817 a
1597 2773 1662 2821 ma·

206 2868 209 2873 ·
311 2847 385 2904 teria
408 2851 536 2917 tuntum,
569 2845 734 2905 sedetiam
764 2849 802 2906 ab
825 2851 890 2924 ipsa
913 2847 1131 2924 quodammodo
1159 2848 1322 2922 quantitate
1353 2842 1541 2905 materialiter
1563 2846 1662 2905 consi·
1694 2901 1701 2914 ,

311 2930 430 3006 derata,
462 2948 553 3008 quare
581 2950 647 2992 cum
677 2935 785 2993 circulo
808 2938 903 2995 inesse
935 2937 1093 2994 inanimis
1121 2944 1150 2994 et
1172 2934 1356 3005 harmonias,
1385 2939 1415 2992 et
1441 2931 1518 2992 hauc
1541 2949 1661 2992 causam

315 3036 396 3092 ease,
429 3036 480 3079 cur
508 3020 598 3078 animi
626 3031 801 3103 moveantur
826 3024 1000 3097 harmoniis3
1031 3021 1083 3082 sed
1111 3022 1186 3082 haec
1216 3024 1314 3080 omnia
1342 3023 1372 3078 in
1401 3036 1507 3095 genere
1538 3026 1660 3095 tautum,

311 3106 394 3166 nulla
416 3115 613 3183 consequente
636 3111 811 3170 causatione
829 3111 1044 3170 distributionis
1066 3110 1155 3169 animi
1182 3113 1211 3169 in
1235 3108 1390 3169 iacuhates
1413 3105 1566 3183 speciales.
1611 3106 1661 3169 Sic

311 3196 399 3270 igitur
420 3194 512 3258 habet
533 3212 579 3254 res
601 3212 667 3255 eum
690 3199 795 3257 animis
817 3197 962 3260 humanis.

398 3279 484 3356 Quod
505 3284 650 3343 motiones
679 3284 819 3344 coelestes
842 3290 960 3355 attinet,
990 3283 1177 3345 Ptolemaeus
1206 3282 1273 3343 libri
1295 3285 1340 3342 sui
1364 3281 1420 3341 111.
1444 3299 1508 3358 cap.
1534 3282 1553 3338 8
1576 3299 1658 3345 oem-

311 3375 396 3446 parat
416 3369 569 3429 zodiacum
592 3388 658 3430 eum
680 3379 839 3450 systemate
861 3391 912 3433 seu
935 3372 1016 3432 scala
1031 3374 1158 3446 musieu3
1182 3374 1278 3452 eapite
1302 3372 1331 3430 il.
1354 3370 1561 3431 consonantias
1577 3371 1658 3445 ipsas

311 3474 376 3516 oum
400 3458 568 3533 aspectibus
589 3458 783 3536 planetarum.
827 3460 885 3519 Hic
916 3459 1031 3519 ostendi
1054 3478 1125 3534 ego,
1155 3459 1261 3534 quibus
1283 3461 1312 3515 in
1334 3458 1467 3534 partibus
1489 3474 1596 3517 manca
1618 3459 1657 3516 sit

312 3542 444 3603 doctrina
471 3543 507 3603 dc
533 3547 702 3622 aspectibus
727 3547 807 3623 apud
830 3547 1049 3620 Ptolemaeum,
1081 3555 1111 3605 et
1137 3546 1285 3623 quomodo
1312 3547 1507 3620 integratione
1536 3547 1658 3615 numeri,

310 3629 379 3690 hinc
400 3640 587 3709 aspectuum,
620 3634 689 3694 inde
711 3638 981 3707 consonantiarum,
1010 3642 1153 3713 appareat
1174 3633 1292 3692 tandem
1315 3632 1456 3706 naturalis
1479 3639 1509 3691 et
1531 3632 1659 3698 causalis

310 3716 414 3777 harum
436 3736 530 3779 rerum
553 3723 704 3782 connexio.
750 3724 802 3781 Est
823 3730 921 3782 autem
946 3722 1019 3783 haec
1040 3724 1169 3797 genuina
1191 3722 1313 3784 materia
1335 3722 1392 3779 mei
1414 3718 1482 3778 libri
1495 3718 1549 3779 IV.
1572 3736 1659 3796 praa·

309 3808 409 3866 sertim
432 3824 496 3884 cap.
521 3809 556 3881 t,
581 3810 614 3879 5,
640 3811 668 3868 6.
1159 3839 1163 3850 ·
1400 3827 1405 3838 ·

398 3893 501 3972 Capite
529 3897 576 3956 10.
600 3896 788 3956 Ptolemaeus
809 3915 845 3957 ex
868 3904 950 3956 inotu
972 3894 1110 3971 planetae
1132 3895 1253 3955 abortu
1274 3895 1303 3953 in
1320 3910 1456 3954 masam
1477 3893 1549 3953 tacit
1564 3911 1659 3969 qnan-

312 3979 382 4039 dam
402 3981 578 4050 melodium,
608 4001 670 4059 cap.
698 3987 746 4042 ll.
778 4002 815 4044 ex
836 3993 917 4044 motu
940 4000 1011 4045 vero
1035 3984 1216 4060 planetarum
1244 3984 1274 4040 in
1301 3981 1393 4041 altam
1424 3989 1454 4040 et
1483 3981 1659 4057 protundum

311 4068 382 4128 iacit
403 4087 512 4146 genera
535 4078 651 4143 cantus,
675 4088 740 4148 cap.
766 4074 815 4130 la.
839 4089 874 4132 ex
896 4081 979 4131 motu
1001 4074 1031 4129 iu
1055 4069 1148 4129 latera
1169 4072 1338 4145 mquatoris
1366 4069 1435 4128 taeit
1459 4068 1659 4129 diversitatem

183 4173 186 4182 ·
247 4187 252 4198 ·
311 4163 446 4215 tonorum
469 4158 661 4232 musicalium,
685 4176 749 4236 cap.
776 4161 824 4218 13.
848 4178 883 4219 ex
906 4161 996 4218 variis
1018 4157 1296 4234 configurationibus
1312 4155 1494 4232 planetarum
1507 4173 1573 4215 oum
1590 4156 1658 4217 Sole

122 4250 129 4264 '
203 4315 206 4320 ,
310 4244 382 4303 iacit
410 4246 493 4304 varia
522 4248 691 4321 systematis
714 4245 907 4306 tetrachorda
952 4247 988 4305 In
1010 4245 1056 4305 his
1078 4248 1098 4303 t
1122 4245 1267 4320 capitibus
1293 4244 1420 4316 ostendi,
1435 4314 1438 4320 .
1453 4243 1656 4304 Ptolemaeum

311 4332 458 4411 luxuriare
481 4336 617 4404 exercitio
641 4333 828 4409 comparandi
849 4336 967 4412 poiltico
989 4332 1038 4393 rel
1060 4334 1204 4405 oratorio,
1235 4348 1302 4390 eum
1324 4349 1374 4402 ea,
1397 4348 1473 4405 quae
1497 4337 1655 4407 comparat,

159 4456 164 4465 -
204 4463 207 4469 ,
311 4436 369 4478 non
392 4422 504 4491 sintin
526 4420 609 4480 coelo
630 4421 731 4493 natis,
755 4430 877 4501 excepta
899 4420 1044 4498 particula
1066 4437 1130 4497 cap.
1158 4421 1212 4490 11,
1235 4436 1323 4494 quam
1345 4418 1383 4477 ad
1403 4419 1458 4477 tria
1481 4417 1585 4477 ultima
1606 4436 1656 4479 ea·

210 4550 214 4559 .
309 4508 372 4583 pita
394 4506 433 4565 ad
455 4509 658 4583 cognationem
681 4512 820 4569 materiae
841 4508 911 4570 volo
934 4509 1081 4584 rejectam.
1126 4504 1249 4570 maadi
1271 4507 1377 4578 etiam,
1410 4505 1457 4565 hic
1480 4508 1588 4581 partim
1610 4509 1656 4566 in·

311 4595 522 4673 comparabilia
543 4613 720 4674 comparare,
743 4595 919 4657 reclamante
941 4602 1174 4673 comparatorum
1194 4601 1309 4663 natura,
1332 4590 1448 4671 partiris,
1470 4611 1547 4669 quae
1562 4595 1657 4653 omni-

310 4683 367 4741 bus
393 4683 530 4746 membris
559 4684 744 4761 respondent,
773 4674 968 4744 accidentaria
997 4683 1117 4753 saltem,
1147 4699 1205 4764 non
1229 4697 1299 4741 vero
1327 4698 1363 4743 ex
1393 4680 1520 4756 alicujus
1551 4699 1657 4742 causae

273 4816 277 4825 .
311 4772 495 4830 necomitate·
510 4771 677 4831 cohaerere.
724 4771 877 4832 Hactenus
900 4775 988 4849 igitur
1010 4770 1083 4830 nihil
1104 4769 1281 4847 velparum,
1304 4767 1473 4849 quodcum
1494 4770 1568 4830 meis
1590 4766 1671 4830 hun·
1752 4784 1754 4792 ⁴

231 4901 233 4905 ,
280 4869 286 4882 ·
310 4860 416 4917 moniis
440 4859 616 4918 coelestibus
639 4863 804 4920 conveniat.

208 4934 218 4960 ’“
353 4958 359 4972 ·
400 4948 531 5006 assero
554 4964 766 5025 sequenscap.
793 4948 841 5005 14.
865 4944 1028 5004 Ptolemaei
1050 4943 1188 5025 proponit
1210 4941 1364 5019 inquirere,
1385 4944 1480 5014 juxto
1499 4960 1576 5018 ,quos
1598 4960 1659 5000 nu-

309 5051 407 5093 meros
433 5037 550 5107 primos
577 5039 754 5110 comparari
777 5037 895 5109 possim
925 5038 992 5091 sorti
1019 5033 1185 5107 systematis
1222 5048 1275 5090 aeis
1301 5030 1401 5090 souma
1428 5032 1562 5089 musicae
1590 5047 1658 5089 uara

309 5122 444 5196 epitomis
472 5125 582 5196 primis
610 5126 645 5180 sa
673 5129 830 5197 systesaute
853 5121 1038 5196 planetaria
1083 5117 1141 5178 Hie
1169 5134 1224 5192 ego
1254 5116 1382 5190 ostendi,
1412 5118 1658 5194 comparationem

312 5207 483 5269 Ptolemaeo
507 5218 536 5268 et
558 5209 764 5285 Pythagoricis
787 5210 817 5268 in
839 5226 895 5268 sua
916 5208 1027 5265 usitata
1041 5207 1221 5265 astronomia
1243 5206 1333 5265 luisse
1350 5204 1571 5281 impossibilem,
1593 5204 1661 5265 licet

310 5299 485 5356 tentaverim
507 5296 620 5371 aliquid
642 5299 792 5376 principiis
814 5295 1002 5355 Ptolemaieia
1024 5302 1251 5355 consentaneum
1274 5293 1470 5364 comminisci,
1502 5299 1536 5350 nt
1557 5294 1600 5351 ita
1621 5293 1663 5366 ti·¹

262 5415 271 5446 r
310 5384 374 5443 talo
396 5382 476 5443 nudo
503 5401 576 5443 suus
597 5393 751 5444 contextus
772 5382 953 5443 subderetur.
1000 5380 1122 5442 Ostendi
1152 5383 1256 5453 etiam,
1286 5398 1352 5439 cum
1374 5382 1485 5456 primae
1517 5379 1659 5456 sphaerae

311 5471 525 5547 quantitatibus
547 5474 609 5529 suis
632 5481 774 5546 constent,
797 5487 855 5529 non
878 5472 974 5529 minus
989 5487 1079 5545 quam
1094 5468 1220 5529 chordae
1235 5470 1297 5527 suis
1312 5466 1554 5543 longitudinibus,
1571 5484 1659 5543 opor*

310 5560 403 5617 tuisse
434 5561 682 5634 comparationem
714 5557 875 5619 secundum
907 5560 1086 5634 quantitates
1120 5557 1248 5627 institui,
1282 5572 1348 5616 curn
1382 5562 1479 5615 tamen
1509 5556 1658 5631 proportio

296 5644 500 5722 sphssmmm
514 5665 534 5705 a
547 5648 735 5722 proportione
749 5645 922 5709 chordarum
937 5645 1161 5708 numerantium
1175 5643 1332 5723 plurimum
1347 5643 1515 5712 abhorreat.
1552 5642 1659 5709 Eum
