3684 7259
771 1200 855 1257 uun
871 1201 904 1255 ιι.
923 1200 1012 1270 orpus
1028 1199 1076 1257 ιιι
1407 1167 1409 1172 ’
1528 1206 1590 1268 ιιι

334 1376 594 1454 Epiphonsma
617 1377 668 1437 Ila.
713 1376 830 1436 Bonum
844 1385 917 1451 erat,
930 1378 1043 1439 solidas
1064 1377 1174 1454 figuras
1196 1380 1226 1435 iu
1247 1379 1350 1454 genesi
1366 1376 1593 1441 intervallorum

245 1461 348 1523 cedere
369 1464 529 1523 rationibus
553 1465 727 1541 harmonicis
750 1464 974 1541 harmoniaeque
990 1466 1124 1526 binorum
1144 1465 1271 1541 majores
1292 1465 1451 1526 harmoniis
1474 1469 1592 1529 univer·

244 1550 357 1612 salibus
382 1554 519 1625 omnium,
543 1561 684 1628 quantum
707 1551 795 1627 hujus
817 1563 879 1612 erat
900 1569 1029 1613 necesse.

332 1638 458 1699 Pulchro
481 1658 552 1697 casu
574 1639 613 1700 ad
634 1641 789 1718 septenarii
813 1639 987 1715 quadratum
1009 1643 1050 1701 49
1076 1638 1261 1714 devenimus,
1282 1647 1316 1698 ut
1336 1639 1394 1699 hoc
1408 1638 1500 1700 veluti
1521 1642 1592 1701 sab-

245 1726 346 1784 batum
370 1725 517 1802 quoddam
540 1726 687 1800 succedat,
710 1729 876 1803 praemissis
899 1746 951 1787 ser
973 1727 1075 1787 solidis
1092 1730 1248 1786 octonariis
1271 1726 1423 1787 effatorum
1446 1727 1483 1787 de
1505 1744 1593 1803 opere

245 1813 402 1872 coelorum
446 1814 552 1874 llerito
576 1820 664 1873 stiam
686 1814 881 1891 epiphonema
902 1816 972 1891 iaci,
1004 1816 1082 1891 quod
1104 1817 1178 1874 iuter
1200 1816 1353 1880 axiomata
1369 1815 1517 1894 praemitti
1536 1832 1593 1893 po·

246 1904 317 1960 tuit:
341 1905 411 1977 quia
433 1906 523 1962 etiam
546 1903 627 1961 Deus
646 1903 709 1978 jam
733 1901 886 1962 defunctus
909 1920 999 1980 opera
1028 1905 1183 1962 creationis
1209 1902 1287 1961 υἰιιιι
1308 1906 1423 1977 omnio,
1447 1920 1527 1979 quus
1545 1903 1590 1981 fs·

245 1996 347 2063 arnt„
360 1997 388 2048 ct
409 2009 471 2049 ecce
493 1998 582 2050 erum
604 1989 692 2048 valde
714 1990 803 2049 bosra.

333 2075 401 2136 Duo
424 2085 493 2137 sunt
516 2076 749 2155 epiphonematis
771 2078 916 2142 membra:
940 2078 1065 2154 primum
1081 2075 1117 2136 de
1132 2074 1290 2141 harmoniis
1304 2076 1335 2134 in
1350 2094 1456 2153 genere
1470 2078 1514 2136 sic
1535 2076 1591 2138 do·

246 2171 433 2225 monstratur.
463 2164 539 2223 Nam
562 2165 611 2223 nbi
636 2163 764 2228 delectus
787 2174 832 2223 est
854 2166 928 2225 inter
951 2159 1067 2224 diversa
1089 2181 1122 2224 se
1143 2172 1246 2224 mutuo
1267 2180 1325 2223 non
1349 2181 1385 2224 ex
1407 2182 1473 2224 asse
1495 2163 1592 2232 ieran-

247 2253 298 2321 tia,
321 2252 362 2309 ibi
385 2254 469 2328 praes
456 2251 574 2311 serenda
596 2267 660 2312 esse
683 2255 896 2328 praestantiora
911 2250 1168 2329 derogandumque
1191 2251 1352 2323 vilioribus,
1374 2260 1524 2328 quantum
1539 2270 1593 2312 ue·

247 2355 329 2398 cesse
361 2349 422 2412 est,
454 2342 519 2416 ipsa
549 2355 607 2398 vox
628 2362 682 2399 sno
704 2361 826 2412 ιι,σμοι
859 2357 935 2415 quac
966 2347 1107 2399 ornatum
1127 2339 1288 2416 siguificat,
1318 2356 1440 2415 arguere
1468 2336 1592 2399 videtur.

247 2422 340 2501 Atqui
362 2437 471 2500 quanto
495 2429 555 2485 vita
578 2442 713 2505 corpore,
737 2427 829 2486 torma
850 2429 987 2500 materia,
1010 2435 1092 2486 tauto
1114 2433 1245 2503 praestat
1266 2433 1385 2487 ornatus
1407 2425 1592 2488 harmonicus

246 2515 423 2590 geometrico
446 2514 579 2590 simplici.

333 2598 409 2659 Nam
432 2609 465 2659 nt
487 2603 666 2660 animantum
695 2617 819 2678 corpora
845 2599 959 2679 perficit
985 2602 1061 2670 vita,
1095 2600 1166 2684 quja
1192 2597 1231 2660 ad
1260 2598 1337 2662 bane
1357 2597 1503 2676 agendam
1524 2607 1594 2660 suut

248 2696 335 2747 natae
362 2695 433 2761 (rtur
458 2687 840 2764 ttt.1v.tot.256.),quod
862 2706 899 2748 ex
921 2688 1081 2765 archetypo
1102 2686 1215 2760 mnndi,
1238 2688 1290 2763 qui
1312 2695 1356 2748 cst
1377 2689 1443 2765 ipsa
1465 2690 1593 2747 essentia

248 2773 357 2850 diviua,
380 2777 527 2850 sequitur,
561 2777 603 2834 sic
624 2777 761 2851 regiones
782 2776 908 2852 planetis
931 2775 1087 2834 attributas
1108 2781 1215 2849 motus,
1237 2774 1341 2834 sideris
1369 2792 1516 2851 quamque
1538 2776 1594 2849 sui,

250 2871 392 2938 metatur;
424 2864 494 2937 quia
525 2869 557 2921 ut
579 2861 661 2920 sidus
692 2865 804 2922 moveri
826 2870 939 2940 posset,
972 2864 1053 2939 regio
1077 2862 1120 2920 illi
1145 2879 1201 2922 sua
1221 2860 1277 2921 tait
1299 2863 1459 2940 assignata.
1503 2861 1596 2938 Atqui

249 2949 360 3026 agane
383 2951 512 3025 quinque
533 2948 645 3035 solidae
674 2952 705 3007 vi
728 2953 815 3010 vocis·
843 2951 937 3026 ipsius
958 2948 997 3016 ad
1026 2951 1124 3027 spatia
1150 2950 1302 3026 regionum
1331 2949 1476 3027 pauent
1507 2957 1537 3009 ct
1557 2948 1595 3009 ad

249 3036 365 3096 illarum
387 3053 599 3113 corporumque
623 3055 790 3113 numerum,
818 3037 988 3097 harmoniae
1021 3052 1092 3096 vero
1114 3036 1152 3095 ad
1174 3043 1280 3097 motus.
1324 3035 1453 3098 aum
1475 3043 1508 3096 ut
1529 3053 1595 3095 ma-

250 3127 324 3184 teria
346 3124 451 3184 diffusa
475 3135 519 3183 est
541 3135 571 3184 ct
593 3123 745 3192 indefinita
767 3144 803 3184 ex
826 3143 858 3187 se
888 3127 967 3201 ipss,
997 3124 1092 3183 torma
1113 3122 1247 3197 delinita,
1279 3125 1363 3183 nnita
1385 3133 1415 3184 et
1439 3125 1597 3183 terminans
1707 3132 1713 3147 ·

250 3214 316 3289 ipsa
339 3214 504 3271 materiam:
535 3214 579 3271 sic
603 3215 691 3271 etiam
713 3213 933 3290 proportionum
955 3212 1197 3287 geometricorum
1219 3210 1350 3271 infinitae
1372 3219 1455 3278 sunt.
1478 3210 1596 3271 barmo-

250 3301 317 3358 niae
340 3316 461 3377 paucae.
493 3299 554 3356 Etsi
578 3302 654 3358 enirn
678 3301 753 3357 inter
767 3302 960 3376 geometricas
975 3301 1064 3358 etiam
1084 3300 1155 3381 certi
1177 3305 1247 3357 sunt
1267 3297 1375 3373 gradun
1398 3297 1597 3359 definitionum

251 3388 515 3462 lormationnmque
538 3396 568 3447 ιι
589 3388 819 3463 restrictionem,
853 3404 908 3446 nec
937 3386 1036 3464 plures
1063 3388 1156 3445 tribus
1187 3388 1312 3445 existere
1340 3392 1463 3464 possunt
1485 3403 1520 3445 ιι
1542 3384 1598 3445 ad-

250 3478 408 3552 scriptione
432 3474 546 3532 orbium
569 3474 606 3533 ad
629 3475 736 3551 figuras
758 3474 923 3551 regulares:
946 3482 1076 3534 attamen
1099 3472 1152 3531 lras
1175 3475 1263 3533 stiam
1286 3489 1527 3534 communecnru
1548 3490 1597 3534 rs·

251 3560 339 3637 liquis
373 3563 506 3620 omnibus
537 3560 671 3621 accidens
704 3565 850 3637 sequitur,
882 3559 961 3637 quod
985 3563 1228 3639 praesupponitur
1257 3558 1369 3636 infinita
1402 3562 1598 3638 quantitatum

252 3652 342 3709 sectio
367 3648 531 3725 possibilis,
555 3666 644 3726 quarn
667 3652 757 3716 etiam
778 3657 847 3710 actu
870 3647 1087 3725 quodammodo
1109 3648 1266 3718 involiunt
1287 3647 1369 3721 illae,
1393 3665 1517 3725 quarum
1539 3658 1599 3710 tor·

252 3739 320 3795 mini
345 3749 414 3795 sunt
435 3740 508 3796 inter
531 3755 562 3796 sc
585 3736 901 3798 incommensurabiles.
924 3736 964 3795 At
979 3736 1163 3796 hmmcuicae
1185 3728 1387 3814 proportiones
1408 3737 1511 3795 omues'
1527 3744 1600 3796 sunt

253 3824 394 3897 affabiles,
419 3826 547 3882 omnium
571 3827 684 3883 termini
707 3823 1032 3899 commensurabiles,
1014 3842 1092 3900 nque
1114 3823 1239 3883 desumti
1254 3841 1291 3883 ex
1311 3821 1470 3900 figurarum
1492 3822 1598 3901 plana·

252 3930 314 3969 rum
339 3920 417 3969 certa
441 3924 469 3970 et
489 3911 573 3978 finita
595 3914 702 4000 specie.
745 3912 879 3975 latinitas
901 3928 973 3977 vero
995 3912 1133 3971 sectionis
1155 3913 1324 3985 materiam,
1357 3912 1599 3972 commensuratio

193 4069 195 4076 Ι
252 4016 323 4057 vero
346 4017 398 4057 sec
422 3999 579 4057 affabilitas
611 4003 798 4060 terminorum
819 4000 941 4064 sormam
970 4006 1178 4077 repraesentat.
1223 3992 1275 4058 Ut
1284 3999 1372 4075 igitur
1394 4000 1516 4060 materia
1536 3999 1598 4058 ior-

253 4104 341 4157 mam,
366 4095 398 4144 ut
420 4084 491 4145 rude
515 4104 635 4161 saxum,
655 4087 755 4163 justae
778 4086 897 4163 quidem
919 4088 1108 4163 quantitatis,
1132 4084 1227 4146 ideam
1250 4085 1370 4156 humani
1394 4086 1599 4162 corporis,sic

252 4176 447 4251 geometricae
470 4172 607 4249 figurales
630 4177 831 4254 proportiones
854 4175 1022 4234 harmonias
1035 4173 1195 4253 appetunt3
1212 4190 1276 4244 pou
1297 4180 1331 4232 nt
1352 4171 1463 4249 tingant
1485 4180 1516 4232 et
1536 4171 1599 4233 ior·

252 4270 333 4319 ment
355 4260 437 4333 illas,
471 4260 523 4320 sed
546 4264 615 4337 quia
637 4263 710 4323 haee
732 4265 855 4324 materia
876 4260 914 4320 ad
936 4261 1013 4321 banc
1039 4260 1178 4345 formam,
1208 4259 1282 4321 haee
1304 4261 1368 4319 saxi
1391 4261 1539 4335 quantitas
1561 4258 1600 4319 ad

251 4347 328 4407 banc
351 4347 486 4423 effigiem,
509 4349 581 4409 haec
603 4352 691 4409 etiam
714 4347 843 4427 figuralis
866 4350 1014 4429 proportio
1036 4347 1075 4407 ad
1097 4348 1174 4407 hanc
1195 4344 1377 4408 harmoniam
1399 4345 1525 4424 quadrat
1544 4363 1600 4425 sp-

252 4438 325 4508 tius,
359 4446 389 4494 ut
413 4437 501 4511 igitur
522 4435 668 4513 fingantur
689 4439 905 4513 tormenturque
929 4434 1222 4516 amplius,“materia
1244 4433 1362 4512 quidem
1384 4453 1404 4494 a
1424 4451 1479 4493 sua
1500 4433 1601 4508 forma,

251 4541 357 4582 aarum
380 4543 398 4581 a
421 4523 565 4600 colapte
559 4543 586 4582 rn
617 4527 745 4603 speciem
767 4526 940 4598 animantis,
969 4524 1118 4602 proportio
1143 4541 1212 4584 vero
1243 4523 1356 4584 orbium
1385 4520 1562 4599 figuralium
1582 4538 1602 4581 a

250 4629 315 4683 sua,
340 4610 369 4668 id
393 4621 437 4669 est
460 4612 623 4688 propinqua
646 4622 676 4672 ιι
697 4623 768 4692 apta
790 4611 951 4671 harmonia.
1654 4675 1659 4696 ·

339 4696 422 4773 Quae
445 4698 503 4756 buc
525 4716 617 4781 nsque
639 4708 707 4760 suut
729 4699 824 4772 dicta,
858 4698 981 4759 clariora
1003 4696 1073 4758 fient
1095 4715 1131 4758 ex
1153 4696 1277 4757 historia
1299 4713 1429 4763 meatum
1452 4697 1600 4758 inventio-

251 4803 330 4844 num.
377 4786 450 4844 Cum
472 4796 540 4860 ante
564 4789 604 4844 at
627 4805 720 4847 anuos
743 4789 772 4845 in
794 4785 870 4846 hanc
893 4784 1169 4889 contemplationem
1194 4783 1376 4857 incidissem,
1405 4785 1531 4863 primum
1553 4786 1600 4842 iu·

217 4879 227 4896 '
252 4874 380 4949 quisivi,
412 4892 479 4931 num
509 4873 684 4950 aequalibus
718 4872 880 4944 interuallis
910 4874 1104 4950 abinvicem
1135 4871 1275 4933 distarent
1302 4871 1389 4933 orbes
1416 4870 1600 4951 planetarum

250 4961 359 5036 singuli
382 4958 546 5039 (distantn.
563 4964 678 5021 orbes
670 4981 699 5020 ιιι
723 4962 893 5040 Copcruico,
917 4978 972 5021 nec
994 4978 1058 5021 sese
1080 4943 1182 5019 matria
1198 4958 1371 5039 attingunt).
1392 4957 1466 5018 nibil
1487 4958 1599 5020 scilibet

250 5048 401 5125 pulchrius
427 5048 628 5150 agnoscebam
656 5048 846 5127 aequalitatis
875 5051 999 5109 ratione.
1044 5047 1093 5107 lili
1116 5064 1184 5109 vero
1213 5056 1303 5124 caput
1331 5055 1361 5106 ιι
1383 5046 1479 5107 canda
1500 5045 1599 5106 deest.

251 5135 365 5194 nnllnrn
389 5138 465 5195 enim
488 5152 640 5196 numerum
661 5145 771 5197 certum
793 5139 947 5214 corporum
969 5134 1138 5208 mobilium,
1172 5133 1283 5194 nullam
1305 5140 1415 5195 certam
1436 5133 1599 5196 intervallis

252 5227 449 5320 quantitatem
475 5224 635 5301 praebebat
667 5225 741 5306 baec
767 5224 926 5284 materialis
960 5220 1135 5300 aequalitas.
1180 5220 1317 5298 Cogitavi
1339 5222 1427 5298 igitur
1449 5220 1485 5283 de
1508 5223 1599 5281 intor-

252 5308 397 5370 vallorum
419 5289 607 5370 similitudine
630 5306 668 5370 ad
690 5311 785 5385 orbes,
808 5309 905 5370 idest
928 5308 963 5369 de
985 5310 1181 5387 proportione.
1218 5309 1259 5368 At
1280 5308 1456 5386 sequebatur
1479 5305 1599 5386 querela

251 5397 373 5474 eadem,
396 5417 464 5458 nam
488 5402 543 5457 etsi
564 5399 776 5476 proveniebant
799 5396 915 5474 quidem
939 5394 1095 5455 intervalla
1122 5398 1196 5455 inter
1218 5396 1304 5457 orbes
1326 5394 1494 5472 inaequalia
1514 5412 1598 5475 sans,

233 5493 284 5545 ιιι
306 5503 361 5546 ιιι
384 5486 576 5562 inaequaliter
599 5484 776 5564 inaequalia,
799 5492 833 5544 at
855 5483 918 5542 vult
933 5482 1124 5571 oopenncus,
1143 5498 1199 5542 nso
1220 5485 1369 5560 quantitas
1391 5484 1599 5562 proportionis,

251 5589 306 5633 uec
328 5591 463 5634 numerus
487 5574 601 5634 orbium
623 5574 810 5635 eliciebatur.
855 5570 992 5631 Transivi
1022 5567 1061 5629 ad
1082 5559 1190 5647 figuras
1212 5569 1316 5650 planas
1337 5569 1503 5648 regularem
1535 5570 1596 5630 ior·

274 5683 527 5737 mproeroprnv.
1396 5675 1439 5735 at
