3684 7259
399 3293 479 3353 Nihil
502 3298 591 3371 igitur
613 3295 692 3353 aliud
715 3305 784 3355 sunt
798 3305 895 3357 motus
910 3299 1067 3374 coelorum,
1091 3319 1180 3378 quam
1201 3300 1337 3377 parennis
1361 3295 1665 3375 quidamxcouceutus

314 3378 497 3462 (rationalis,
532 3401 591 3442 non
615 3380 743 3466 vocalis)
767 3403 818 3461 per
840 3384 1023 3447 dissonantes
1047 3392 1210 3464 tensiones,
1234 3385 1326 3448 veluti
1349 3383 1491 3462 quasdam
1513 3396 1661 3465 quaepa-

312 3472 406 3528 tiones
438 3469 483 3528 vel
515 3468 666 3530 cadentias
697 3467 819 3552 (quibus
842 3471 974 3535 homines
997 3477 1156 3542 imitantur,
1175 3477 1246 3536 istae
1269 3472 1465 3536 dissonantias
1487 3465 1661 3542 naturales),

313 3556 434 3615 tendens
459 3560 486 3613 in
511 3565 604 3616 certas
627 3565 656 3617 et
678 3561 872 3635 praescriptas
904 3562 1069 3636 clausulas,
1100 3562 1231 3639 singulas
1259 3579 1310 3621 sex
1340 3562 1526 3620 terminorum
1557 3549 1661 3634 (veluti

315 3647 432 3718 vocttm)
457 3648 550 3721 iisque
565 3647 643 3703 notis
666 3648 890 3708 immensitatem
906 3654 1044 3729 temporis
1067 3654 1225 3727 insigniens
1242 3658 1269 3707 ct
1292 3648 1488 3724 distinguam
1510 3650 1544 3706 ut
1556 3644 1660 3706 mirum

312 3731 438 3807 amplius
461 3749 519 3792 uon
543 3734 590 3806 sit,
613 3732 731 3793 taudem
743 3736 892 3795 inventam
915 3755 980 3798 esse
1003 3739 1041 3799 ab
1066 3739 1192 3813 homins,
1216 3735 1362 3798 Creatoris
1384 3736 1431 3794 sui
1453 3732 1548 3806 simio,
1570 3728 1661 3794 rorte

312 3837 380 3878 nem
404 3820 528 3880 cauendi
551 3837 602 3897 per
625 3829 810 3895 concentum,
843 3825 974 3898 ignotam
1003 3828 1170 3899 veteribus,
1198 3830 1231 3885 ut
1261 3823 1374 3884 scilieet
1402 3823 1493 3882 totius
1521 3816 1661 3898 tempode
1743 3816 1755 3830 ‘

311 3901 452 3966 muuduui
473 3909 696 3984 perpetuitatem
726 3910 754 3967 in
785 3910 866 3969 brevi
890 3912 991 3988 aliqua
1023 3913 1113 3974 horae
1142 3918 1224 3991 parte
1255 3929 1306 3989 per
1327 3904 1662 3985 artificiosamplurlum
1718 3919 1727 3940 s

311 4012 417 4060 vocum
440 3995 644 4071 symphoniam
675 3995 788 4056 luderet
811 3998 926 4074 Deique
951 3997 1070 4077 Opificis
1103 4001 1343 4081 complacentiam
1373 3998 1402 4055 iu
1434 3994 1570 4074 operibus
1599 3994 1668 4068 rule-

311 4083 488 4140 suariesimo
510 4100 599 4143 sensu
623 4082 792 4167 voluptatis,
816 4104 850 4145 ex
874 4086 931 4146 hae
948 4087 1005 4146 Dei
1029 4090 1182 4151 imitatrice
1203 4089 1493 4162 musicaperccptae,
1517 4077 1661 4159 quedam-

311 4179 397 4229 teuus
420 4168 598 4246 degustaret.

865 4390 1008 4461 CAPUT
1035 4390 1112 4461 Vlll.

363 4548 456 4617 Quis
475 4550 509 4602 in
529 4552 824 4606 concordantiis
843 4552 1088 4608 coelestibus
1106 4553 1298 4622 discenti,
1317 4554 1401 4624 quis
1418 4552 1508 4615 alti,
1527 4548 1615 4637 puls

639 4639 807 4703 teporis,
830 4638 918 4707 quis
937 4638 1043 4695 bassi
1062 4641 1181 4696 ricem
1198 4640 1333 4696 obeat?

398 4800 460 4859 Etsi
484 4800 556 4860 haec
578 4810 647 4860 sunt
670 4801 816 4861 vocabula
832 4812 937 4861 vocum
958 4803 1160 4876 humanarum,
1183 4820 1238 4863 nec
1252 4805 1281 4861 in
1304 4803 1388 4863 coelo
1413 4818 1500 4861 voces
1523 4799 1660 4862 sumni

312 4879 451 4960 existunt,
476 4889 514 4946 ob
537 4906 680 4963 summum
704 4897 833 4948 motuum
857 4889 1107 4964 tranquillitatem,
1130 4891 1163 4949 at
1177 4908 1213 4950 ue
1235 4890 1368 4966 subjecta
1390 4889 1519 4965 quidem,
1541 4889 1572 4946 in
1595 4889 1662 4962 uui·

313 4978 368 5034 bus
391 4976 560 5034 harmonias
582 4976 835 5052 deprehendimus,
859 4978 914 5036 sub
931 4984 1027 5036 motus
1044 4980 1103 5037 veri
1118 4995 1223 5053 genere
1239 4976 1530 5053 comprehenduntur,
1552 4978 1661 5052 quippe

311 5082 376 5122 cum
399 5062 494 5122 solum
517 5073 691 5140 apparentes
714 5082 750 5124 ex
772 5063 842 5124 Sole
864 5073 961 5124 motus
984 5065 1213 5140 consideremus3
1243 5069 1297 5124 etsi
1321 5064 1446 5141 denique
1469 5078 1560 5148 causa
1579 5060 1662 5122 nulla

312 5151 383 5210 talis-
403 5159 448 5210 est
471 5153 498 5207 in
523 5151 616 5223 coelo,
640 5168 715 5227 quae
739 5167 826 5211 voces
845 5160 924 5212 certo
948 5169 1068 5213 numero
1084 5151 1210 5212 advocet
1223 5152 1260 5211 ad
1286 5151 1447 5212 taciendam
1468 5148 1662 5228 harmortiam,

312 5237 410 5315 qualis
432 5247 479 5297 cst
500 5237 529 5295 iu
552 5247 639 5298 cautu
663 5238 809 5298 humano:
839 5241 918 5314 prius
942 5241 1049 5317 quippe
1072 5248 1134 5299 erat
1156 5257 1294 5299 uumerus
1316 5239 1497 5318 planetarum
1519 5255 1582 5312 sex,
1602 5236 1662 5299 floss
1689 5233 1692 5239 ’

312 5327 368 5385 lem
390 5328 645 5396 circumcuntium,
680 5343 715 5384 ex
746 5341 866 5384 numero
897 5329 1025 5401 quinque
1054 5326 1274 5386 intervallorum
1302 5347 1321 5386 a
1349 5326 1448 5405 figuris
1477 5325 1662 5410 reputant·

312 5414 526 5485 desumtorum,
550 5421 654 5489 postea
677 5412 792 5471 demum
815 5412 931 5486 (ordine
953 5422 1089 5487 naturae,
1118 5431 1175 5472 non
1201 5409 1354 5495 temporis)
1377 5414 1414 5474 dc
1436 5421 1569 5474 motuum
1589 5429 1662 5475 ouu-

311 5503 446 5577 gruontia
468 5500 654 5560 statuendum
678 5502 748 5574 tuit,
776 5501 877 5559 nescio
900 5506 1013 5572 tamen,
1035 5515 1094 5575 quo
1117 5509 1205 5578 pacto
1226 5502 1298 5561 mihi
1321 5506 1380 5560 vim
1401 5502 1489 5561 iactat
1511 5497 1590 5572 hae·
1605 5498 1664 5562 ad-

312 5588 453 5648 mirabilis
469 5590 657 5660 congruentia
672 5605 738 5645 cum
753 5586 881 5646 humano
896 5595 993 5659 cantu,
1017 5596 1048 5646 ut
1071 5587 1278 5665 huncquoque
1301 5598 1413 5668 partem
1436 5588 1662 5667 comparaduts

314 5678 401 5736 etiam
423 5678 487 5735 sine
509 5674 604 5735 solida
627 5692 716 5734 causa
738 5672 863 5734 naturali
886 5677 1023 5753 prosequi
1053 5692 1150 5753 cogar.
1195 5664 1277 5752 Quas
1306 5679 1384 5739 euin
1403 5676 1661 5741 librotsrh-u·
