3684 7259
242 1221 320 1286 244·
658 1223 704 1276 De·
719 1214 983 1293 configurationibus
1003 1217 1184 1276 Harmonicis.

200 1427 203 1436 ·
243 1394 354 1465 lactum,
372 1395 443 1465 quod
460 1404 599 1464 aspectum
613 1398 789 1466 quincuncem
808 1414 857 1453 seu
872 1400 942 1453 150ο
961 1413 1022 1451 cnm
1035 1395 1143 1463 quintili
1155 1394 1208 1449 72⁰
1223 1400 1250 1447 et
1261 1390 1399 1460 biquintili
1409 1388 1482 1444 144⁰
1502 1387 1599 1444 eodem

245 1475 449 1545 gradulocavi,
469 1476 554 1544 prima
573 1482 662 1529 tamen
681 1476 745 1529 sede
764 1477 805 1530 his
823 1476 894 1531 data.

317 1550 554 1625 Propositio
578 1550 663 1609 XIV.
710 1550 845 1626 Quintus,
869 1552 989 1611 ultimus
1012 1560 1040 1609 et
1064 1549 1308 1609 imbecillissimus
1331 1552 1503 1622 aspectuum
1527 1560 1598 1633 gra·

246 1638 300 1698 tius
324 1646 368 1697 est
391 1638 493 1696 decilis
517 1648 545 1696 et
567 1639 721 1709 tridecilis,
746 1641 841 1715 octilis
863 1648 895 1699 et
916 1639 1058 1697 trioctiiis.

331 1719 459 1787 Quintum
478 1720 566 1774 locum
586 1722 638 1775 feci
657 1722 734 1775 decili
753 1731 780 1776 et
793 1723 908 1777 tridecill
921 1722 1092 1783 (Maestlinus
1105 1717 1313 1792 semiquiatilem
1327 1726 1354 1771 et
1366 1717 1600 1787 sesquiquintilem

248 1800 391 1869 appellat),
420 1815 487 1869 quos
505 1800 532 1852 in
551 1800 779 1868 prernoridibus
797 1802 930 1856 hactenus
949 1801 1038 1869 omisi,
1057 1800 1155 1868 quibus
1174 1798 1304 1852 associavi
1327 1797 1434 1851 oetilem
1454 1806 1481 1852 et
1499 1797 1602 1851 triocli-

244 1878 300 1933 lem
317 1893 367 1932 seu
385 1878 549 1946 sequadrum
568 1889 596 1932 et
614 1881 805 1951 sesquadrum.
825 1897 893 1949 quos
912 1879 1163 1946 calendariographi
1182 1894 1215 1932 ex
1233 1894 1294 1930 mea
1307 1877 1413 1945 quidem
1426 1877 1602 1944 suggestione

245 1965 273 2011 et
294 1958 424 2018 nonnulla
436 1957 583 2011 Ptolemaei
603 1961 772 2022 auctoritate,
790 1960 838 2013 sed
858 1957 936 2013 nimis
954 1958 1041 2012 calide
1059 1963 1087 2011 et
1105 1957 1303 2012 inconsiderate
1321 1958 1501 2025 arripuerunt.
1535 1956 1602 2009 Pro·

246 2036 364 2091 bandum
382 2035 464 2102 igitur
482 2042 693 2105 cantuumque,
713 2037 827 2104 primum
845 2038 1034 2093 imbecilliores
1053 2054 1113 2091 esse
1133 2039 1182 2090 bos
1195 2045 1313 2105 quatuor
1328 2037 1434 2104 quintili
1454 2041 1481 2089 et
1493 2036 1600 2105 biquin·
1628 2095 1631 2119 Ι

247 2117 300 2184 tili,
320 2115 417 2171 deinde
436 2114 548 2167 decilcm
568 2123 595 2169 et
613 2116 762 2170 tridecilem
782 2115 907 2171 tortiores
926 2116 998 2170 octili
1017 2124 1045 2169 et
1063 2115 1183 2181 trioctili,
1202 2130 1298 2184 parum
1316 2116 1470 2169 admodum.

250 2227 252 2230 ·
334 2197 400 2249 Cum
418 2194 500 2263 igitur
517 2196 717 2263 propositiones
736 2204 845 2249 nostrae
863 2195 1039 2264 praecipuum
1063 2196 1098 2248 ad
1117 2193 1266 2248 efficaciam
1282 2204 1447 2248 momentum
1466 2194 1602 2248 collocent

245 2287 273 2339 in
293 2274 468 2342 congruentia
485 2272 589 2341 tigurae
608 2274 784 2342 praecipuae,
810 2275 863 2329 hoe
879 2269 924 2328 ¹est
942 2273 1205 2341 circumferentialis‚
1232 2274 1404 2326 manifestum
1423 2280 1480 2341 est,
1504 2279 1601 2341 peuta-

244 2371 345 2425 gonum
362 2361 391 2406 et
408 2353 514 2407 stellam
534 2353 593 2421 ejus
612 2368 761 2422 congruere
785 2370 846 2407 cum
865 2369 930 2407 suae
950 2369 1085 2421 quamque
1108 2353 1210 2422 speciei
1227 2353 1321 2420 liguris
1348 2353 1382 2406 ad
1401 2352 1518 2406 solidum
1541 2367 1601 2421 per·

245 2435 345 2489 tectum
364 2432 546 2500 formandum,
574 2440 603 2487 ut
618 2433 676 2500 jam
695 2432 910 2491 meledictum,
941 2448 1089 2499 congruere
1114 2434 1283 2486 etiaminter
1302 2433 1463 2500 sepulchre
1490 2431 1525 2484 ad
1543 2429 1601 2498 pla·

244 2530 308 2568 num
328 2511 508 2566 sternendum.
547 2513 707 2580 Decagonus
725 2510 842 2564 vicissim
853 2520 880 2564 et
893 2520 1043 2579 octogonus
1062 2528 1123 2565 cum
1135 2511 1300 2580 stellissuis,
1320 2526 1443 2581 quaeque
1459 2526 1520 2564 cum
1533 2522 1600 2563 suae

247 2590 425 2662 specieialiis,
445 2590 472 2642 in
491 2589 577 2643 solido
597 2605 745 2658 congruere
763 2607 817 2643 non
836 2599 959 2658 possunt.
998 2593 1156 2655 congruunt
1174 2590 1282 2660 quidem
1306 2590 1460 2657 decagonus
1479 2596 1507 2643 et
1526 2595 1601 2643 octo·

246 2686 344 2741 genus,
373 2669 422 2722 sed
442 2685 502 2722 cum
521 2669 580 2721 aliis
607 2685 660 2722 non
679 2669 803 2722 omuibus
831 2670 873 2721 sui
891 2670 1011 2736 generis3
1040 2669 1135 2723 stellae
1153 2686 1216 2723 vero
1244 2671 1373 2724 inchoant
1398 2669 1516 2735 aliquem
1537 2684 1600 2723 con·

244 2750 396 2818 gruentiam
414 2749 442 2800 in
460 2746 555 2815 solido,
575 2755 603 2801 at
620 2764 675 2801 non
693 2747 852 2816 absolvuut3
871 2748 952 2800 etlam
971 2749 997 2800 in
1015 2748 1097 2817 plano
1115 2748 1260 2816 ignobilior
1279 2756 1321 2802 est
1339 2764 1430 2802 earum
1449 2761 1601 2817 congruen-

233 2832 292 2897 tia,
312 2828 443 2896 quia-nec
461 2835 568 2880 mutuas
587 2826 696 2879 tradunt
715 2841 813 2893 operas
832 2828 942 2893 quaeris
961 2825 1049 2896 figura
1066 2839 1128 2880 cum
1146 2842 1196 2879 sua
1214 2827 1294 2880 stella
1313 2826 1439 2890 solitarie,
1457 2835 1488 2881 ut
1505 2834 1600 2894 penta·

246 2923 333 2978 genus
352 2921 412 2959 cum
432 2908 495 2968 sua,
523 2904 571 2959 sed
591 2922 652 2960 cum
675 2904 729 2957 illis
747 2904 804 2958 suis
823 2904 908 2958 stellis
936 2912 963 2958 et
981 2912 1130 2972 octogonus
1152 2923 1213 2960 cum
1231 2915 1373 2974 tetragono
1396 2907 1423 2959 in
1442 2907 1601 2959 societatem

245 2986 355 3039 veniunt
374 2985 566 3051 congruentiae
585 2985 704 3046 alienae,
731 2983 858 3050 illamque
885 2999 940 3050 quo
958 2983 1047 3036 minus
1070 2985 1221 3038 continuari
1246 2987 1334 3054 possit
1359 2987 1433 3054 ipse„
1447 2986 1600 3050 decagonus

245 3065 371 3134 impedit3
400 3063 479 3118 stella
504 3066 584 3117 etiam
604 3065 662 3132 ejus
682 3064 798 3117 hiulcam
824 3063 851 3115 in
879 3063 974 3116 mediis
999 3064 1157 3132 interceptis
1176 3064 1270 3133 spatiis
1294 3065 1360 3118 tacit
1388 3065 1600 3132 congruentiam.

245 3145 401 3211 Octogouus
420 3157 482 3196 vero
494 3152 528 3195 et
547 3142 625 3197 stella
645 3143 704 3207 ejus
728 3140 839 3195 alternis
860 3140 959 3207 juvant
984 3142 1215 3196 continuationem
1239 3145 1443 3212 congruentiae,
1473 3141 1622 3198 admixtis

246 3221 398 3293 quadratis,
427 3223 603 3289 congruentia
627 3222 658 3275 tit
681 3221 883 3276 dirersilormis.
921 3222 963 3275 lta
988 3237 1057 3289 pene
1080 3237 1160 3288 pares
1187 3232 1250 3276 sunt
1274 3225 1325 3278 hae
1345 3234 1462 3293 quatuor
1484 3226 1512 3278 in
1539 3238 1601 3278 eon·

246 3301 370 3372 grueutia
387 3300 476 3368 plana,
495 3302 653 3369 praesertim
673 3317 733 3355 cum
755 3316 832 3353 areas
851 3306 982 3370 utraeque
1000 3301 1102 3367 figurae
1120 3301 1238 3355 habeant
1254 3301 1411 3357 ineffabiles.
1448 3303 1485 3355 At
1502 3303 1530 3355 in
1548 3301 1600 3356 sci·

246 3381 350 3435 bilitate
368 3380 482 3433 multum
500 3380 639 3449 praecellit
667 3387 741 3434 secta
764 3380 952 3446 pentagonica.
987 3379 1107 3433 Primum
1132 3381 1155 3434 si
1173 3380 1306 3433 centrales
1328 3379 1428 3446 figuras
1447 3382 1601 3434 considere·

246 3476 315 3524 mus,
334 3473 403 3527 quae
422 3468 486 3512 suut
504 3459 548 3513 hie
562 3459 619 3526 jam
638 3466 809 3526 pentagonus
828 3467 855 3512 et
874 3458 955 3513 stella
973 3459 1047 3527 ejus,
1067 3459 1172 3513 illarum
1190 3460 1298 3529 quidem
1315 3459 1401 3514 latera
1419 3460 1469 3513 sub
1487 3461 1603 3516 eandem

244 3539 369 3607 speciem
391 3538 567 3602 ineffabilium
590 3538 690 3592 cadunt
714 3554 775 3592 cum
800 3537 935 3593 lateribus
951 3540 1076 3606 octogoni
1103 3539 1257 3605 matellae,
1285 3540 1429 3594 existentia
1447 3541 1557 3594 elasson
1575 3547 1604 3596 et

247 3616 350 3677 misum
369 3615 411 3669 siu
430 3616 700 3685 circumferentium,
727 3630 797 3683 quae
816 3616 861 3669 hic
877 3626 942 3671 sunt
964 3617 1051 3670 latera
1069 3618 1199 3686 decagoni
1225 3626 1254 3673 et
1270 3617 1365 3673 stellae
1384 3619 1457 3687 ejus,
1483 3618 1531 3696 illa
1547 3634 1602 3674 non

247 3701 352 3749 tautum
375 3700 438 3746 suut
462 3709 497 3747 ex
514 3694 605 3761 specie
624 3693 748 3746 nobiliori
766 3693 933 3748 binominum
959 3706 985 3748 et
1004 3704 1204 3765 apotomarum‚
1233 3715 1294 3752 cum
1318 3700 1495 3765 octogouicae
1513 3700 1603 3755 lineae

248 3774 302 3828 sint
320 3787 354 3825 ex
373 3778 470 3839 quarta
488 3772 592 3840 specie,
620 3787 691 3839 quae
709 3781 751 3825 est
769 3772 904 3826 mizonum
930 3781 958 3827 et
976 3774 1142 3837 elassouum,
1171 3777 1220 3830 sed
1243 3777 1387 3845 acquirunt
1404 3779 1486 3832 etiam
1514 3778 1603 3833 omnia

168 3842 174 3859 ’
246 3850 333 3905 latere
360 3851 555 3920 pentagonicae
579 3861 670 3906 sectae
688 3850 883 3906 nobilissimam
901 3853 1095 3921 proprietatem
1106 3856 1241 3915 ,sectionis
1266 3855 1414 3908 secundum
1434 3864 1558 3910 extrema
1576 3864 1603 3909 et

246 3932 377 3999 medium,
407 3946 476 3997 quae
493 3930 574 3998 plane
593 3931 660 3984 nibil
679 3931 777 3984 attinet
802 3930 888 3987 lineas
907 3933 1091 4001 octogouicae.
1128 3932 1231 3999 Quodsi
1255 3934 1414 4003 octogouica
1432 3942 1508 3989 secta
1534 3951 1609 3988 uon·-

246 4009 314 4066 nihil
331 4008 500 4078 praepollere
519 4010 577 4063 visa
596 4017 637 4063 est
655 4010 682 4062 in
700 4012 888 4079 congruentia,
916 4012 960 4065 hic
975 4013 1032 4080 jam
1050 4012 1168 4066 vicissim
1185 4013 1271 4067 multo
1289 4014 1389 4067 fortius
1408 4014 1568 4082 deprimitur
1586 4032 1604 4068 a

246 4088 433 4158 pentagouica
469 4089 554 4142 Recte
572 4089 655 4157 igitur
673 4095 811 4155 utrasque,
830 4096 861 4142 ut
880 4090 913 4143 de
931 4091 1098 4159 praestantia
1117 4092 1320 4160 contendentes,
1342 4093 1369 4145 in
1387 4108 1468 4146 uuam
1486 4091 1604 4149 classem

147 4164 150 4176 ¹
248 4168 357 4236 redegi,
376 4168 526 4236 praemissa
542 4178 634 4223 mmen
652 4167 840 4235 pentagouiea.
879 4169 1042 4223 Consulatus
1060 4168 1093 4221 de
1113 4169 1154 4221 his
1176 4170 1323 4224 identidem
1341 4171 1409 4225 liber
1427 4172 1446 4224 l.

335 4246 387 4301 Est
405 4254 433 4300 et
450 4239 803 4315 peculiaris'praerogatira
822 4247 971 4315 biquintilis
991 4263 1057 4316 prae
1071 4248 1185 4302 tridecili
1205 4256 1232 4304 et
1243 4250 1352 4303 trioctili
1372 4251 1507 4319 etiamque
1527 4253 1603 4320 quin-

249 4341 343 4393 cunce,
363 4324 437 4393 quod
455 4324 535 4379 stella
551 4324 742 4394 pentagonica,
760 4326 888 4393 primaria
906 4344 943 4382 se.
956 4328 1028 4382 illius
1041 4327 1135 4397 figura,
1154 4329 1325 4397 aptissimum
1336 4339 1364 4383 et
1375 4330 1499 4397 trigouiei
1513 4346 1604 4387 aemu-

247 4406 303 4461 lum
321 4405 404 4458 habet
422 4404 565 4473 angulum3
585 4406 649 4473 quia
667 4413 698 4458 ut
714 4411 769 4457 tres
789 4407 882 4476 anguli
899 4409 1007 4477 trigoni,
1026 4408 1065 4462 sic
1079 4408 1159 4461 etiam
1179 4409 1300 4476 quinque
1312 4409 1404 4476 anguli
1422 4410 1518 4464 stellae
1537 4426 1603 4479 pen-

246 4484 387 4551 tagonieae
402 4483 520 4550 junctim
538 4484 665 4551 utrinque
684 4493 836 4550 aequantur
862 4486 970 4541 duobus
990 4486 1083 4553 rectis,
1112 4496 1142 4540 ut
1160 4488 1199 4540 sic
1217 4487 1303 4540 latera
1327 4489 1439 4555 angulos
1458 4488 1604 4543 formantia

244 4562 339 4617 cuculi
356 4577 436 4616 arcus
454 4577 578 4632 quaeque
597 4579 661 4617 suos
679 4562 861 4633 intercipiant,
881 4582 936 4620 non
954 4583 1017 4621 vero
1036 4567 1100 4621 bina
1119 4575 1147 4618 et
1170 4565 1233 4619 bina
1254 4566 1405 4633 portionem
1422 4565 1539 4633 aliquam
1552 4569 1603 4622 eiu

240 4641 301 4696 culi
319 4640 596 4716 commitqtfflquod
614 4642 642 4697 in
655 4642 735 4696 stella
754 4652 825 4711 octo,
844 4643 945 4714 decem,
965 4644 1106 4700 duodecim
1123 4643 1267 4710 radiorum,
1288 4646 1321 4698 ob
1335 4644 1409 4711 paris
1421 4646 1527 4698 numeri
1539 4659 1603 4701 con·

248 4722 384 4781 ditionem,
402 4721 430 4786 in
460 4715 467 4728 '
490 4721 592 4777 ueteris
610 4720 704 4786 figuris
722 4720 887 4790 primigeniis
906 4727 940 4779 ob
960 4725 1050 4792 auguli
1068 4723 1277 4790 magnitudinem
1295 4722 1355 4775 fieri
1373 4739 1427 4775 non
1445 4731 1546 4790 potest
1575 4722 1580 4732 '

335 4800 394 4854 Exc
422 4862 426 4871 .
465 4791 564 4858 *amnes
581 4801 694 4868 loculos,
713 4807 744 4853 ut
761 4803 929 4869 argumentis
947 4802 1052 4856 idoneis
1071 4802 1151 4855 fidem
1169 4801 1299 4869 iacerem,
1318 4818 1352 4854 ne
1371 4802 1469 4854 nimius
1488 4801 1538 4855 fiat
1554 4818 1604 4858 nu·

249 4896 338 4935 merus
363 4889 534 4950 aspectuum,
558 4879 746 4934 confusionem
771 4880 799 4933 in
824 4883 990 4951 experiundo
1013 4882 1167 4949 pariturus;
1192 4882 1263 4935 intra
1288 4880 1448 4949 quadratum
1469 4880 1552 4947 igitur
1576 4889 1604 4935 et

248 4958 389 5027 quintilem
408 4960 629 5028 biquintilemque
648 4958 851 5014 subsistendum
877 4974 938 5014 esse
964 4975 1014 5013 nec
1039 4959 1074 5013 ad
1097 4975 1189 5012 eorum
1215 4959 1349 5012 derivatos
1376 4970 1494 5027 quatuor
1519 4957 1604 5013 ultimi

247 5040 347 5106 gradus
367 5049 461 5106 utpote
478 5039 667 5093 imbecillimos
688 5037 927 5108 progrediendum,
956 5037 1020 5093 lieet
1037 5039 1087 5092 hos
1106 5054 1215 5107 quoque
1234 5040 1318 5107 prima
1336 5039 1487 5109 propositio
1508 5037 1603 5092 admit·

248 5129 295 5173 tat
334 5118 361 5170 Si
381 5129 469 5170 tamen
488 5117 541 5171 ista
560 5133 614 5170 non
633 5116 808 5171 satisfaciunt
834 5125 862 5171 et
880 5119 903 5171 si
921 5124 996 5171 tanta
1015 5127 1057 5171 est
1080 5119 1180 5186 primae
1206 5118 1398 5188 propositionis
1417 5117 1547 5186 dignitas,
1574 5124 1603 5170 ut

248 5198 406 5252 intercessio
424 5198 510 5250 omnis
528 5196 635 5251 sublata
653 5198 700 5252 sit:
720 5213 780 5266 age,
798 5196 895 5265 cuique
914 5212 1023 5266 perure
1041 5196 1156 5250 liberum
1169 5204 1237 5263 esto,
1255 5197 1391 5266 respicere
1409 5197 1444 5251 ad
1456 5197 1507 5251 hos
1521 5196 1603 5251 etiem

248 5285 388 5346 aspectus,
413 5278 572 5343 praesertim
593 5277 626 5330 iis
649 5276 828 5346 temporibus,
852 5276 951 5343 quibus
975 5276 1059 5330 ceteri
1082 5290 1174 5330 omnes
1200 5276 1342 5331 defuerint.
1380 5277 1433 5330 Par
1455 5278 1527 5331 enim
1549 5283 1600 5342 est,

249 5371 330 5424 super
348 5354 390 5407 his
409 5371 516 5422 quoque
535 5356 624 5410 audiri
642 5356 833 5412 testificantem
851 5356 1060 5424 experientiam,
1086 5364 1204 5425 atquae
1223 5363 1250 5409 et
1268 5357 1364 5411 ceteris
1388 5356 1502 5425 primam
1521 5356 1602 5411 tidem

248 5433 312 5486 tecit
330 5440 392 5485 ante
409 5433 536 5487 rationes.
1202 5435 1206 5444 “
1411 5435 1419 5449 ’

334 5507 553 5584 Propositio
575 5508 647 5570 XV.
692 5511 766 5571 Sunt
787 5509 906 5587 aliquae
930 5509 1188 5585 configurationes,
1213 5526 1288 5585 quae
1311 5513 1397 5590 iuter
1411 5510 1546 5571 efficaces
1569 5519 1598 5571 et

169 5641 172 5646 .
249 5611 306 5653 non
331 5596 464 5655 efficaces
486 5597 653 5673 ambiguum
681 5602 817 5657 nimirum
838 5615 923 5657 arcus
946 5595 1009 5656 24⁰
1039 5614 1075 5657 ex
1097 5597 1392 5677 peutekaedeeagono
1424 5608 1455 5659 et
1480 5593 1540 5657 18⁰
1563 5616 1599 5659 ex

250 5686 410 5760 icosigono.
