3684 7259
223 1239 229 1298 j
307 1211 371 1273 stt
822 1207 971 1264 Ptolemaei
988 1204 1141 1262 Harmonia.

306 1384 335 1439 in
352 1384 509 1453 praedicato
536 1382 643 1452 species
666 1336 878 1440 mathematicas.
915 1383 1058 1439 Conclusio
1077 1367 1194 1450 denique
1219 1388 1261 1435 est
1278 1378 1477 1450 quodammodo
1502 1379 1562 1435 loco
1580 1378 1657 1435 habi-

287 1459 388 1517 ‘tuslis
407 1464 580 1533 operationis.
616 1463 714 1517 Adhuc
733 1464 862 1533 amplius:
885 1464 1025 1519 theorema
1053 1469 1095 1515 cst
1113 1460 1275 1529 speculatio,
1303 1461 1442 1532 qulema
1465 1468 1506 1516 est
1528 1451 1658 1530 operatio,

308 1549 395 1596 causa
409 1557 474 1595 suae
493 1540 731 1596 demonstrationis
760 1558 793 1596 ει
812 1538 1008 1596 theorematum
1032 1539 1306 1596 demonstrationibus
1326 1539 1459 1605 derivata,
1486 1551 1570 1593 eausa
1594 1555 1657 1593 vcro

308 1620 448 1690 praecepti
474 1620 501 1673 in
519 1619 572 1673 hac
596 1634 646 1673 sua
673 1618 903 1676 demonstratione
930 1622 1096 1685 confirmata,
1125 1619 1237 1687 ejusque
1256 1628 1322 1673 usus
1342 1627 1383 1673 εει
1401 1618 1488 1672 instar
1512 1614 1659 1671 habitualis

309 1698 438 1753 exercitii.
474 1698 517 1752 ita
539 1698 680 1766 multiplex
708 1705 750 1751 εει
773 1699 960 1767 symbolisatio
984 1700 1048 1766 ista,
1077 1700 1099 1753 si
1118 1698 1266 1752 secundnm
1288 1696 1374 1765 magis
1402 1706 1430 1752 et
1454 1698 1543 1750 minus
1569 1698 1659 1751 omnia

307 1777 509 1833 consideremus
535 1793 595 1829 cnm
620 1776 784 1830 Ptolemaeo.
822 1778 875 1831 Sed
901 1777 981 1846 plena
1006 1776 1129 1830 trifariae
1157 1775 1336 1838 distinctionis
1360 1774 1422 1829 idea
1448 1782 1490 1829 est
1516 1774 1544 1826 in
1569 1775 1658 1834 hisce:

308 1856 473 1911 astronomia
490 1856 565 1925 ipsa,
594 1870 663 1925 quse
682 1868 778 1909 causas
797 1856 885 1925 aperit
904 1855 1136 1925 apparentiamm,
1161 1860 1203 1907 est
1221 1851 1429 1921 speculationis,
1456 1850 1578 1908 calculus
1596 1871 1659 1909 vero

308 1942 430 1990 motuum
450 1935 607 1990 coelestium
626 1934 660 1988 sd
679 1942 801 2003 tempora
820 1944 895 1989 certa
921 1935 963 1988 vel
981 1935 1112 1989 revolutio
1136 1932 1268 2001 sphaerae
1291 1927 1511 2004 theodorumque
1535 1941 1579 1990 est
1597 1946 1659 2003 ope·

309 2015 421 2068 rationis
439 2014 607 2083 manuarise;
626 2013 743 2082 denique
761 2014 862 2080 agnitio
880 2011 1074 2083 'tempestatum
1093 2012 1156 2075 anni
1175 2026 1208 2065 ει
1227 2009 1346 2064 siderum
1365 2019 1427 2065 ortu
1445 2020 1472 2066 et
1490 2028 1591 2069 occasu
1603 2027 1660 2065 mu·

309 2093 496 2163 tatianumque
522 2092 592 2146 aeris
621 2099 670 2146 etc.
695 2099 768 2160 (pars
796 2092 987 2163 agriculturae)
1016 2101 1044 2145 et
1067 2091 1203 2146 distinctio
1223 2088 1364 2159 plagarum
1391 2102 1425 2142 ex
1452 2098 1564 2160 aspectu
1592 2088 1661 2145 coeli

309 2173 386 2241 (pars
412 2172 479 2225 artis
502 2172 655 2237 nauticae)
683 2180 746 2226 suut
771 2171 841 2226 inter
865 2169 982 2227 habitus
1020 2169 1155 2239 Quorsum
1173 2167 1274 2223 referas
1299 2166 1380 2221 etiam
1407 2166 1564 2225 instinctum
1583 2168 1659 2222 illum

269 2304 271 2307 ,
309 2251 474 2313 naturalem
499 2249 663 2339 agnoscendi
682 2250 912 2318 configurationes
931 2252 999 2305 citra
1017 2249 1181 2316 discursum,
1209 2246 1243 2300 de
1261 2261 1315 2314 quo
1333 2244 1420 2298 multa
1443 2245 1512 2301 libro
1529 2245 1577 2301 IV
1597 2245 1661 2305 dini,

311 2332 351 2386 sic
369 2330 450 2384 etiam
468 2329 624 2382 instinctum
643 2328 670 2380 in
690 2327 761 2396 Sole,
781 2329 946 2399 agnoscendi
963 2328 1117 2383 harmonias
1136 2325 1297 2393 coelestes,
1316 2324 1350 2377 de
1369 2339 1422 2391 quo
1441 2324 1486 2378 lib.
1500 2325 1530 2379 V.
1544 2340 1607 2393 cap
1622 2325 1661 2382 ιι).

311 2409 349 2463 Et
365 2408 393 2462 in
411 2407 552 2462 harmonia
570 2405 688 2459 inventio
707 2420 859 2474 causmnm,
879 2422 912 2460 ex
932 2407 1030 2477 quibus
1049 2412 1114 2459 sunt
1132 2403 1297 2471 harmoniae,
1315 2402 1433 2470 pertinet
1451 2402 1484 2456 ad
1498 2389 1660 2493 speculatio·

311 2502 373 2541 nem
392 2500 556 2556 expressam,
575 2484 801 2538 harmoniarum
794 2501 820 2537 ιιι
834 2484 945 2539 vocibus
964 2492 992 2539 ει
1009 2483 1118 2538 chordis
1137 2498 1185 2552 per
1198 2481 1344 2536 sectionem
1361 2480 1478 2536 chordae
1495 2483 1661 2549 canonicam,

311 2565 430 2634 pertinet
447 2562 482 2617 ad
501 2562 685 2630 operationem
702 2562 880 2624 manuariam,
907 2569 936 2616 at
954 2561 1101 2617 modulatio
1119 2570 1230 2628 cantus,
1257 2577 1306 2615 eeu
1325 2575 1403 2628 voce,
1423 2574 1472 2614 scu
1489 2578 1585 2628 manu,
1613 2575 1662 2614 seu

311 2641 406 2711 lingua
424 2648 452 2695 ct
468 2640 653 2694 instrumentis
672 2638 840 2703 sonantibus,
861 2649 903 2695 εει
921 2640 956 2695 ad
974 2641 1083 2695 habitus
1103 2627 1253 2695 ιειειειιιι.
1290 2639 1424 2706 Quorsum
1443 2639 1524 2692 etiam
1543 2638 1661 2692 referen-

222 2738 224 2742 ·
312 2719 363 2775 dns
381 2721 526 2775 instinctus
552 2718 598 2772 ille
616 2708 781 2774 ιἰιιιιιιιιε
774 2736 801 2773 ιι
819 2717 987 2785 hominibus,
1015 2715 1195 2791 agnoscendi
1206 2725 1242 2773 et·
1258 2716 1391 2787 probandi
1417 2717 1573 2801 harmonias
1592 2716 1660 2771 citra

313 2798 393 2855 etiam
413 2798 590 2869 disciplinam

860 2984 1001 3055 aaron
1029 2975 1116 3055 ιιι
1150 2951 1153 2957 ’

312 3141 316 3147 “
401 3140 487 3217 Quod
509 3143 555 3201 vis
577 3124 762 3204 harmonicae
785 3146 1060 3223 contemperationis
1084 3144 1218 3203 omnibus
1241 3145 1327 3204 rcbus
1350 3146 1434 3217 insit,
1460 3159 1583 3219 quarum
1606 3161 1660 3202 ua·

314 3264 397 3316 barae
419 3255 531 3316 altioris
553 3256 738 3333 perfectionis
768 3257 860 3332 ριιιιιιι
883 3259 1064 3331 consistunt,
1096 3267 1123 3316 et
1151 3257 1229 3334 quod
1261 3256 1290 3315 id
1313 3260 1437 3316 merisne
1468 3266 1608 3333 appareat
1632 3258 1659 3313 ιιι

313 3368 450 3429 humanis
473 3371 577 3428 animis
601 3372 688 3445 inque
711 3369 887 3429 coelestibus
909 3369 1142 3429 revolutionibus
1156 3366 1199 3449 ¹¹)

403 3480 489 3557 Quod
511 3484 599 3558 igitur
627 3482 701 3542 haec
723 3483 891 3542 harmonica
922 3483 1046 3542 facultas
1069 3486 1181 3558 specics
1205 3482 1349 3560 quaedam
1379 3484 1417 3540 sit
1439 3498 1546 3541 εειιειε
1569 3483 1661 3541 ratio·

314 3571 449 3642 cinantis,
472 3587 591 3630 versans
614 3563 690 3629 cirea
714 3572 1010 3629 commensurationes
1033 3583 1179 3643 motuum,
1208 3580 1237 3629 ει
1260 3570 1338 3646 qood
1362 3572 1495 3642 scientia,
1519 3572 1549 3628 in
1573 3569 1660 3645 hujus

315 3654 462 3717 facultatis
493 3655 740 3733 contemplatione
772 3668 929 3734 occupata,
960 3659 1072 3735 species
1103 3661 1141 3715 sit
1166 3658 1400 3728 mathematices,
1435 3674 1554 3716 versans
1586 3660 1661 3714 circa

317 3747 521 3825 proportiones
550 3743 775 3804 differentiarum
807 3745 981 3805 audibilium
1012 3744 1192 3821 tendensque
1223 3748 1251 3802 in
1282 3746 1424 3803 culturam
1455 3746 1550 3817 vitae,
1587 3760 1662 3820 quae

316 3832 398 3892 solet·
415 3832 538 3891 ειιειειε
565 3849 600 3890 ει
624 3832 884 3909 contemplatione,
914 3835 940 3890 si
970 3834 1059 3890 etiam
1090 3833 1212 3892 accedat
1240 3834 1362 3890 imitatio
1386 3849 1501 3904 corum,
1534 3832 1584 3907 qui
1608 3832 1661 3890 sub

317 3918 470 3994 disciplina
494 3936 593 3977 eorum
617 3931 684 3977 sunt
706 3923 870 3991 constituti,
903 3919 932 3977 id
955 3938 1006 3996 per
1025 3919 1088 3996 jam
1111 3920 1219 3979 dictum
1236 3924 1283 3978 sic
1307 3920 1510 3978 adumbratum
1533 3926 1606 3980 esto.

281 4007 284 4014 “
404 4006 616 4082 Explicandum
640 4025 709 4067 vero
723 3999 762 4067 ¹et
784 4007 821 4065 ad
844 4016 972 4067 mentem
994 4007 1191 4066 revocandum
1215 4007 1416 4083 estamplius,
1441 4006 1520 4083 quod
1543 4022 1662 4065 neeesse

317 4094 427 4169 ubique
450 4096 497 4165 sit,
520 4092 689 4152 facultatem
713 4101 812 4153 tantae
835 4097 1041 4171 praestantiae,
1066 4095 1140 4154 sicut
1163 4103 1193 4154 et
1208 4103 1319 4154 ceteras
1336 4090 1472 4176 (rationis
1491 4088 1661 4173 facultates)

318 4181 453 4240 omnibus
477 4182 564 4241 etism
588 4180 654 4239 aliis
678 4185 773 4242 inesse
796 4184 898 4255 rebus,
929 4199 1005 4258 quae
1027 4184 1201 4259 principium
1224 4193 1320 4240 motus
1343 4183 1453 4241 babent
1474 4183 1503 4237 in
1527 4196 1558 4239 se
1582 4182 1662 4256 ipsis,

318 4270 348 4325 in
372 4277 513 4350 quantum
544 4268 573 4326 id
596 4272 719 4344 quaevis
748 4269 850 4341 habet,
881 4271 1111 4348 inprimis'vero
1141 4278 1170 4329 ει
1199 4269 1365 4346 plenissime
1393 4270 1480 4328 rebus
1503 4270 1554 4341 iis,
1587 4284 1662 4343 quae

319 4356 497 4433 perfectioris
520 4360 549 4414 et
570 4356 766 4415 rationalioris
789 4366 911 4416 naturae
933 4366 1001 4416 sunt
1022 4359 1194 4435 participes,
1217 4365 1333 4433 ριοριει
1357 4366 1436 4415 οιιιιε
1459 4357 1662 4431 cognationem

320 4452 350 4503 et
371 4439 672 4519 familiaritatemffl);
701 4447 730 4501 in
754 4447 789 4502 iis
813 4447 920 4521 quippe
943 4445 1013 4503 solis
1042 4444 1163 4503 evidens
1188 4446 1248 4504 ficri
1271 4454 1379 4522 potest,
1410 4462 1497 4520 quam
1521 4440 1573 4517 illa
1596 4442 1663 4501 har-

319 4533 418 4590 monia
440 4540 469 4589 et
492 4532 649 4590 universim
673 4540 703 4591 et
724 4541 858 4591 accurate
881 4540 997 4591 tueatur
1021 4527 1176 4613 (quantum
1203 4532 1319 4608 quidem
1340 4532 1400 4591 fieri
1418 4534 1535 4590 omniuo
1552 4524 1663 4609 potest)

320 4618 539 4677 similitudinem
565 4622 792 4696 proportionum,
816 4620 923 4695 quibus
947 4622 976 4677 in
1000 4620 1187 4679 dissimilibus
1202 4621 1356 4697 speciebus
1380 4619 1479 4695 aliqua
1495 4626 1580 4693 grata
1594 4635 1664 4675 con·

211 4721 214 4730 ·
320 4706 492 4781 temperatio
526 4713 555 4764 et
589 4708 793 4766 convenientia
828 4710 1021 4766 constituitur.
1074 4708 1113 4774 Ιιι,
1143 4710 1310 4767 universum
1347 4709 1421 4766 enirn
1455 4704 1665 4781 unaquaelibet

322 4810 421 4853 esrum
445 4810 550 4862 rerum,
574 4811 647 4869 quas
670 4803 776 4853 natura
797 4796 942 4872 gahemat
963 4805 992 4853 ει
1015 4789 1223 4871 complectitur,
1247 4797 1440 4872 proportionis
1456 4794 1582 4869 alicujus
1598 4808 1665 4869 par·

253 4939 256 4946 ,
321 4882 413 4956 ticeps
445 4889 489 4940 est
512 4898 578 4939 cum
610 4882 639 4939 in
662 4882 807 4956 motibus,
838 4889 899 4940 tum
923 4884 1010 4941 etiam
1045 4886 1072 4939 in
1097 4882 1235 4957 subjectis
1263 4884 1318 4943 sibi
1346 4884 1490 4953 materiis,
1522 4881 1606 4955 cujus
1629 4877 1665 4936 ad

320 4970 531 5046 praescriptum
554 4985 810 5046 commensumque
832 4970 952 5027 rationis
976 4964 1022 5049 (in
1045 4976 1185 5045 quantum
1209 4970 1259 5028 illa
1282 4968 1398 5046 quidem
1430 4968 1580 5027 observari
1603 4985 1665 5023 orn-

321 5057 390 5133 nino
414 5057 638 5132 conservarique
660 5053 774 5138 potest)
797 5067 827 5115 et
848 5058 998 5132 generatio
1022 5060 1052 5115 in
1074 5074 1103 5115 re
1127 5059 1202 5115 inest
1233 5065 1262 5117 et
1283 5058 1464 5116 alinrentatio
1497 5065 1526 5115 et
1548 5072 1666 5116 conser-

324 5145 405 5202 vatio
429 5151 458 5203 et
480 5143 621 5218 quicquid
643 5148 760 5203 omnino
784 5144 911 5204 melioris
936 5150 1023 5216 notae
1046 5144 1100 5203 dici
1125 5152 1238 5220 potest3
1261 5162 1327 5204 cum
1343 5161 1410 5203 vero
1434 5145 1521 5203 rebus
1544 5139 1666 5224 (quibus

321 5229 440 5305 quidem
464 5233 576 5310 potest)
598 5230 717 5290 ademta
738 5232 824 5291 fuerit
845 5231 920 5291 haec
942 5231 1168 5291 familiarissima
1182 5232 1324 5304 foculus,
1348 5233 1446 5291 omnia
1466 5241 1536 5290 tunc
1559 5246 1665 5297 coruus,

322 5334 399 5393 quae
425 5318 488 5393 jam
518 5317 659 5393 diximus,
691 5322 835 5378 contraria
864 5322 898 5376 iis
930 5321 1068 5379 eveniunt
1097 5328 1241 5395 ruuntque
1269 5326 1298 5379 et
1320 5327 1443 5395 vergunt
1471 5322 1500 5375 in
1522 5311 1665 5393 pejus1V).

322 5404 433 5465 Verum
448 5408 477 5464 in
493 5408 632 5466 materiae
648 5409 739 5483 ipsius
756 5408 932 5466 motionibus
956 5406 1117 5467 alterativis
1141 5406 1169 5464 id
1193 5424 1250 5466 non
1268 5409 1309 5466 ita
1323 5408 1510 5482 conspicuum
1527 5412 1580 5478 est,
1604 5421 1667 5463 cum

323 5494 352 5550 in
376 5489 428 5551 illa
449 5510 542 5575 nequo
567 5497 715 5569 quantitas
736 5512 832 5571 neque
856 5493 983 5571 qualitas
1006 5502 1122 5572 propter
1145 5494 1364 5554 instabilitatem
1392 5493 1575 5553 determinari
1599 5507 1667 5567 pos·

323 5576 416 5657 siti),
445 5581 473 5638 in
498 5581 625 5641 motibus
649 5598 732 5654 vero,
762 5585 811 5658 qui
840 5588 872 5641 ut
899 5582 1056 5660 plurimum
1085 5585 1158 5641 inter
1186 5584 1299 5658 species
1326 5599 1378 5641 seu
1407 5581 1514 5641 formas
1545 5594 1667 5640 conver·

324 5668 474 5749 santuril)
498 5662 579 5756 [stant
601 5676 700 5730 autem
722 5668 752 5742 ii,
776 5668 826 5750 qui
848 5671 948 5730 insunt
970 5670 1066 5745 rebus,
1088 5676 1207 5732 naturas
1222 5670 1408 5749 perfectiores
1422 5675 1452 5728 ct
1467 5666 1667 5729 rationaliores
