3684 7259
766 1199 849 1255 Liber
862 1199 909 1257 IV.
929 1201 1087 1300 Capuam
1536 1203 1599 1264 25¹!

247 1376 308 1433 sine
332 1384 467 1453 respectu
491 1377 728 1451 configurationis
753 1396 817 1436 cum
841 1380 922 1453 aliis,
946 1379 1026 1439 solus
1049 1381 1117 1438 iacit
1141 1380 1261 1439 omnia?
1295 1396 1388 1456 eaque
1412 1396 1470 1438 non
1493 1385 1526 1436 ut
1549 1395 1600 1437 eus

244 1464 385 1535 rationis,
409 1464 460 1521 sed
485 1475 517 1521 ut
539 1481 628 1523 causa
650 1465 809 1539 naturalis,
833 1478 977 1542 quatenus
1000 1484 1040 1526 sc.
1063 1468 1187 1526 intendit
1209 1470 1244 1524 iis
1268 1468 1399 1543 partibus
1421 1466 1548 1525 calorem
1571 1472 1602 1525 et
1643 1521 1646 1526 .

247 1557 370 1622 aestum,
394 1558 427 1609 ut
448 1551 486 1608 ad
508 1554 669 1626 partes·sic
693 1562 784 1611 tostas
800 1572 836 1611 cr
852 1552 943 1613 t'errae
968 1556 1127 1613 visceribus
1144 1556 1452 1631 exspiretuttenuatus
1475 1551 1603 1611 humor?

246 1634 432 1712 Respondeo,
457 1642 601 1697 actionem
625 1639 701 1697 harro
722 1642 884 1702 naturalem
907 1640 968 1700 Soli
992 1660 1051 1700 nou
1074 1659 1137 1701 esse
1159 1641 1339 1717 aagendam
1363 1650 1394 1701 at
1417 1657 1533 1701 aaaron
1557 1645 1601 1699 est

245 1722 338 1781 solius
361 1743 453 1785 zonae
474 1726 598 1784 torridae
622 1729 745 1804 propria,
769 1728 820 1787 sed
844 1731 933 1787 etiam
954 1747 1044 1805 penes
1066 1746 1120 1789 nos
1142 1732 1267 1806 spectari
1290 1736 1396 1805 potest.
1433 1728 1507 1787 Nam
1531 1726 1601 1786 Sole

246 1814 276 1868 iu
299 1819 400 1870 nostro
424 1813 638 1889 hemisphaerio
661 1831 712 1892 per
734 1823 875 1874 aestatem
892 1818 1076 1892 obversante,
1098 1816 1268 1895 plerumque
1292 1819 1471 1893 copiosiores
1493 1815 1600 1872 imbres

247 1898 402 1972 decidunt,
427 1918 514 1976 quam
537 1919 587 1977 per
608 1901 749 1974 hiemem,
774 1904 894 1962 absente
918 1903 997 1976 Solo,
1019 1903 1094 1963 solet
1117 1922 1182 1963 esse
1204 1904 1265 1963 ulla
1287 1906 1346 1963 aix.
1393 1902 1480 1978 Quod
1504 1911 1601 1961 autem

245 1987 333 2045 uobis
357 1997 499 2063 augentur
522 1988 641 2046 flumina
658 1989 884 2064 liquescentibus
900 1992 1027 2065 nivibus,
1052 2009 1127 2068 quae
1150 1992 1291 2050 imbribus
1316 1989 1519 2049 decidentibus
1542 2006 1600 2048 non

247 2073 322 2133 adeo
346 2076 482 2132 videntur
504 2078 613 2150 augeri,
640 2089 715 2135 corto
738 2093 796 2134 non
818 2077 891 2137 adeo
908 2079 1050 2137 diuturnis
1072 2081 1264 2152 incrementis,
1290 2079 1317 2136 id
1341 2080 1446 2153 partim
1470 2076 1537 2134 inde
1560 2074 1617 2148 fit,

246 2164 318 2237 quia
341 2165 453 2220 uirium
476 2165 641 2221 minutatim
665 2163 859 2223 decidentium
883 2166 1016 2241 singulae
1040 2169 1155 2226 tunicae
1187 2160 1371 2225 cumulantur‘
1399 2173 1429 2223 et
1451 2168 1479 2222 in
1503 2179 1602 2241 proru-

247 2252 343 2308 tuario
367 2250 546 2326 permultos
569 2268 684 2308 menses
709 2255 737 2308 vi
760 2252 875 2328 trigoris
898 2248 1104 2326 asserrautdr,
1128 2271 1194 2311 oum
1218 2254 1324 2313 imbres
1348 2254 1486 2323 aestivos,
1512 2252 1599 2310 etiam

246 2338 444 2413 largissimos,
475 2347 558 2420 terra,
573 2338 685 2396 solibus
718 2356 803 2398 arens
826 2343 980 2415 potissima
1005 2350 1086 2417 parte
1118 2342 1239 2404 hauriat¹
1254 2342 1369 2414 statim3
1404 2341 1509 2415 partim
1532 2353 1602 2397 vero

246 2426 316 2483 inde
340 2424 380 2498 fit,
405 2427 475 2501 quia
497 2428 546 2482 nix
570 2427 597 2481 in
623 2425 757 2500 Alpibus,
781 2429 837 2484 nisi
862 2431 983 2486 aestivis
998 2430 1138 2487 imbribus
1156 2430 1367 2504 copiosissimis
1391 2426 1601 2496 decidentibus,

247 2515 372 2573 dissolvi
396 2531 452 2571 uon
476 2522 581 2587 potest,
607 2522 640 2570 ut
662 2515 704 2570 sic
728 2516 867 2574 contiuua
882 2516 933 2574 illa
956 2516 1106 2576 fluminum
1129 2518 1306 2574 incrementa
1321 2530 1379 2572 non
1395 2516 1453 2573 sint
1475 2511 1602 2570 solarum

203 2594 209 2604 ’
245 2605 369 2674 nivium,
393 2601 444 2659 scd
468 2604 556 2658 otiam
575 2600 743 2674 junctorum
766 2602 911 2662 imbrium.
957 2601 1054 2678 Quare
1078 2605 1102 2660 si
1126 2606 1225 2663 omnia
1248 2601 1407 2679 expendas,
1430 2600 1524 2675 major
1546 2599 1603 2656 ltu-

245 2692 335 2747 moris
360 2691 446 2763 copia
467 2687 638 2765 plerumque
661 2705 712 2763 per
735 2696 878 2748 aestatem
902 2690 1026 2750 exsudat
1042 2692 1129 2749 etiam
1153 2707 1241 2768 penes
1264 2683 1329 2763 hos,
1351 2706 1440 2765 quarn
1462 2704 1514 2763 per
1537 2681 1602 2743 hiess
1633 2734 1637 2743 .

245 2796 332 2836 mem.
378 2775 444 2834 Hoc
472 2777 560 2850 igitur
588 2777 724 2849 impetrat
757 2777 901 2851 objectio,
931 2787 965 2835 ut
991 2780 1030 2836 sit
1061 2793 1218 2855 concursus
1247 2794 1401 2836 causarum
1424 2773 1604 2845 coelestium,

246 2882 371 2941 quarum
394 2866 430 2921 sit
454 2861 514 2921 alia
537 2861 687 2935 naturalis,
712 2862 791 2921 calor
806 2862 893 2937 Solis,
917 2864 977 2924 alia
999 2863 1161 2937 rationalis,
1185 2871 1336 2939 aspectus3
1360 2866 1398 2922 sit
1421 2864 1509 2921 etlam
1532 2877 1605 2927 cona
1659 2910 1661 2914 ,

247 2967 350 3019 cursus
375 2965 528 3009 causarum
551 2948 767 3020 subluendum,
798 2959 831 3008 ut
853 2947 1049 3011 non'tautum
1072 2967 1132 3009 une
1154 2969 1229 3010 zona
1253 2952 1319 3029 plus
1342 2951 1452 3009 habeat
1474 2948 1604 3007 humoris

247 3057 337 3141 quam
361 3037 435 3110 alia,
468 3035 632 3095 sedetiam
661 3038 690 3092 in
714 3038 817 3095 eodem
845 3038 961 3097 climate
987 3057 1045 3097 una
1072 3041 1152 3113 regio
1176 3040 1243 3116 plns
1266 3047 1360 3114 quant
1378 3038 1453 3111 alia,
1484 3038 1545 3094 suis
1568 3034 1605 3092 de

247 3128 355 3186 causis.
400 3125 519 3183 Interim
551 3127 639 3181 etiam
666 3125 695 3180 in
727 3125 834 3183 torrida
864 3127 930 3203 plus
958 3127 1058 3202 pluere
1088 3134 1185 3201 potest
1208 3128 1262 3185 sub
1285 3135 1400 3202 tempus
1425 3131 1604 3201 aspectuum,

249 3233 338 3291 quam
363 3212 466 3271 diebus
490 3212 528 3269 ab
551 3211 720 3287 aspectibus
743 3215 854 3270 vacuis.

335 3299 422 3357 Hanc
445 3316 523 3370 vero,
548 3317 635 3374 qnam
651 3299 780 3357 secundo
804 3299 870 3357 loco
894 3300 963 3373 dixi,
988 3299 1293 3362 characterisationem
1316 3278 1432 3358 animae
1449 3296 1604 3367 Terrenus,

249 3389 357 3447 iactam
381 3405 399 3444 a
422 3386 542 3444 zodiaco
566 3385 667 3445 sensili
691 3395 813 3461 totaque
837 3387 911 3446 adeo
935 3386 1060 3464 sphaera
1082 3388 1214 3460 fixarum,
1236 3385 1311 3445 illud
1334 3386 1422 3445 etiam
1445 3384 1605 3453 coufirmat,
1691 3418 1695 3429 ι

250 3474 328 3551 quod
353 3491 459 3548 magno
484 3485 644 3547 temporum
669 3475 797 3531 omnium
821 3491 964 3533 consensu
988 3483 1118 3548 constat,
1144 3478 1177 3534 ‘si
1208 3475 1279 3533 novi
1302 3471 1402 3549 quid
1393 3489 1423 3530 nr
1446 3472 1530 3532 coelo
1553 3487 1607 3528 ex·

249 3566 334 3635 istat,
369 3578 421 3619 seu
451 3559 610 3618 secundnm
640 3562 816 3619 ordinarium
847 3561 921 3620 coeli
952 3577 1080 3634 cursum,
1112 3570 1144 3620 ut
1178 3569 1246 3620 sunt
1277 3562 1400 3621 rariores
1432 3573 1608 3635 congressus

250 3649 377 3726 plurium
401 3647 535 3719 siderum,
560 3655 592 3703 ut
615 3647 738 3723 eclipses
754 3647 939 3707 luminarium
955 3650 1136 3725 insigniores,
1161 3651 1224 3708 sive
1238 3656 1354 3725 praeter
1369 3656 1503 3707 naturam
1525 3661 1608 3705 com-

250 3754 377 3809 munem,
401 3744 433 3793 ut
456 3742 587 3793 cometae
611 3743 662 3792 aut
685 3735 788 3794 stellae
812 3736 887 3796 lixae
910 3752 1022 3797 novae:
1048 3736 1134 3794 simul
1150 3740 1238 3796 etiam
1261 3745 1395 3795 naturam
1419 3734 1608 3794 sublunarem

251 3819 362 3883 turbari
385 3839 442 3879 non
459 3823 575 3881 usitatis
590 3821 751 3896 affectibus,
776 3833 809 3881 ut
832 3832 900 3882 suut
913 3827 1016 3900 ingens
1039 3833 1068 3883 et
1085 3826 1223 3883 continua
1246 3826 1290 3882 vls
1313 3823 1480 3900 pluviarum
1497 3828 1609 3897 practer

251 3909 404 3970 modulum
426 3918 614 3990 aspectuum,
638 3917 689 3967 aut
712 3913 856 3969 contraria
878 3913 995 3972 siccitas
1019 3922 1048 3970 et
1070 3912 1222 3988 squalores
1245 3911 1412 3986 Terraeque
1436 3918 1533 3968 motus
1556 3923 1608 3965 co-

252 4003 350 4072 mites;
380 3996 506 4073 denique
528 3981 661 4054 madores
685 3999 760 4055 a'c'ris
784 4000 904 4071 insueti,
934 4002 985 4075 qui
1013 4000 1161 4057 catarrhos
1196 3997 1368 4089 pestilentes
1390 3996 1523 4071 aliasque
1545 3992 1609 4064 lues

253 4081 465 4164 epidemicas“
447 4103 482 4143 us
505 4085 689 4161 potissimum
704 4082 776 4144 locis
800 4086 935 4160 inierunt,
961 4085 1038 4146 unde
1061 4065 1216 4164 exspirant
1231 4085 1334 4161 majori
1350 4085 1380 4143 ri
1396 4092 1447 4144 aut
1470 4097 1608 4157 quorsum

254 4173 446 4233 crebrioribus
471 4173 566 4230 ventis
589 4170 763 4232 deteruntur.

345 4259 487 4335 Adeoque
510 4261 597 4317 etiam
628 4259 738 4334 aliquid
769 4259 862 4324 simile
890 4263 1049 4320 memoriae
1077 4259 1246 4319 animalium
1277 4258 1345 4317 huic
1368 4260 1482 4318 animas
1504 4255 1609 4324 inesse,

257 4351 356 4409 monui
381 4350 414 4405 in
432 4346 507 4405 libro
531 4344 566 4403 de
589 4345 681 4404 Stella
704 4346 788 4405 Nova
819 4364 882 4424 cap.
907 4347 949 4405 X.
973 4348 1023 4407 iol.
1048 4350 1099 4408 44.
1128 4354 1168 4419 (11.
1184 4352 1255 4420 647.)
1294 4345 1369 4405 Nam
1391 4346 1465 4404 baec
1488 4350 1534 4400 est
1554 4347 1620 4398 na·'

257 4448 323 4496 tura
344 4453 439 4495 rerum
463 4435 605 4505 omnium,
638 4451 713 4509 quae
741 4434 800 4492 luci
832 4441 900 4493 sunt
930 4442 1087 4511 cognatae,
1119 4443 1150 4494 ut
1180 4436 1293 4495 excitae
1324 4452 1343 4493 a
1369 4433 1435 4491 luce
1457 4429 1535 4489 Solis
1559 4433 1610 4485 out

257 4526 362 4584 saltem
385 4522 451 4594 diei,
474 4522 656 4579 affectionem
679 4521 807 4596 aliquam
831 4523 1005 4597 concipiant,
1029 4522 1067 4581 ad
1090 4531 1200 4583 certum
1223 4530 1336 4599 tempus
1359 4517 1529 4579 durabilem.
1559 4513 1611 4575 sie

259 4615 285 4670 in
310 4610 403 4670 oculis
426 4612 545 4684 spiritus
569 4610 686 4685 visorii,
710 4607 783 4666 lucis
806 4608 938 4682 soboles,
963 4610 1065 4668 imbuti
1089 4611 1126 4669 ab
1150 4610 1314 4713 improvido
1337 4607 1497 4683 conspectu
1520 4602 1608 4673 Solis,

258 4715 433 4777 quocunque
457 4696 567 4754 aversis
589 4695 695 4774 oculis,
716 4705 821 4771 gerunt
843 4698 1104 4773 circumieruntque
1119 4698 1223 4758 hanc
1215 4699 1378 4801 rmagipem,
1403 4695 1492 4752 etlanr
1514 4689 1610 4747 iuviti.

257 4788 304 4847 Sic
328 4790 404 4844 inter
426 4785 632 4861 chymistarnm
659 4800 766 4841 arcana
800 4792 845 4843 cst
877 4783 1010 4846 mirabile
1041 4785 1098 4844 hoc
1128 4793 1157 4844 et
1188 4786 1327 4862 imprimis
1357 4775 1611 4883 commemorabile

258 4877 502 4953 experimentum,
527 4869 645 4946 quod
631 4887 776 4942 eemmas,
801 4881 832 4930 ut
855 4889 948 4948 nuper
970 4872 1127 4931 admodum
1149 4876 1255 4932 rescivi
1278 4891 1296 4932 a
1319 4869 1446 4947 quodam
1469 4863 1610 4943 «ιύτοπτῃ.

257 4969 417 5041 apparant,
441 4976 517 5035 quae
541 4976 606 5016 cum
629 4956 771 5015 lateant
764 4977 791 5015 ιιι
816 4961 959 5037 tenebris,
986 4968 1018 5018 ut
1043 4959 1102 5019 alia
1125 4960 1234 5019 lumine
1258 4975 1350 5023 cassa.
1375 4959 1399 5015 si
1423 4955 1489 5030 quis
1512 4961 1610 5012 tamen

257 5051 323 5109 illas
346 5052 404 5108 luci
427 5049 517 5107 solius
541 5046 598 5102 diei
622 5051 765 5120 exponat,
798 5047 992 5107 incenduntur
1015 5064 1050 5106 aa
1073 5055 1106 5106 ut
1129 5046 1270 5107 candelae
1293 5043 1536 5121 splendoremque
1560 5053 1609 5096 se-

258 5158 322 5198 cum
348 5141 376 5196 in
400 5136 535 5196 tenebras
560 5136 647 5193 etiam
670 5131 810 5207 deserunt,
843 5134 974 5194 lucentes
998 5142 1029 5193 ut
1053 5134 1270 5211 oculidclium,
1302 5133 1352 5208 qui
1376 5125 1458 5190 bra'vi
1480 5136 1612 5202 tempore

258 5229 362 5285 iterum
386 5223 588 5298 exstinguitur.
634 5219 709 5277 Tale
736 5220 807 5296 qnid
830 5222 936 5280 accidit
958 5221 1027 5282 huie
1049 5225 1179 5294 animae,
1212 5238 1300 5298 qnam
1323 5219 1381 5278 luci
1405 5225 1436 5277 et
1457 5216 1517 5291 igni
1540 5229 1613 5289 cog-

258 5323 357 5373 natam
382 5310 459 5383 dixi,
491 5321 522 5367 ut
546 5308 626 5365 illa
620 5324 647 5363 ιιι
671 5305 760 5383 plaga
787 5310 940 5383 (punctum
963 5309 1041 5382 apim
1061 5318 1107 5368 ost
1130 5309 1195 5377 illa,
1224 5308 1322 5385 plagis
1345 5306 1530 5374 distinctum,
1561 5315 1614 5360 san

258 5401 384 5461 circulus
407 5354 544 5458 zodiacus
568 5393 762 5471 potentialis),
786 5396 815 5451 in
837 5412 897 5471 qua
920 5385 1082 5474 confitendi
1085 5393 1207 5456 inerunt
1220 5396 1384 5472 superiores
1400 5391 1538 5469 planetae
1560 5394 1613 5447 ant

258 5492 376 5569 eclipsis
399 5489 547 5566 apparuit,
582 5482 726 5557 concipiat
757 5482 967 5543 characterem
984 5479 1214 5560 munionis,
1247 5480 1416 5541 durabilem
1439 5481 1473 5537 iu·
1492 5473 1615 5555 aliquod

258 5586 390 5655 tempus,
420 5579 519 5651 itaque
549 5570 662 5645 quoties
685 5568 867 5644 planetarum
897 5565 1031 5648 aiiqtib,
1032 5571 1208 5647 praecipue
1231 5568 1282 5629 Sol
1313 5568 1361 5628 vel
1384 5567 1482 5638 Luna,
1517 5563 1615 5624 locum

258 5670 375 5745 transis
409 5671 473 5746 apsa
498 5669 555 5726 vim
579 5674 661 5725 suam
684 5656 774 5780 talem
797 5667 930 5737 exserat,
956 5653 1074 5735 ¹qualem
1098 5657 1136 5717 ad
1164 5661 1259 5737 ipsam
1283 5654 1497 5734 conjunctionis
1520 5650 1615 5712 exsti·

310 5780 406 5831 :aptari
419 5780 494 5830 Opera
506 5781 533 5821 V.
1296 5789 1299 5798 ’
1374 5766 1459 5822 ’17
