3684 7259
754 1181 838 1255 fiber
853 1194 905 1255 nl.
926 1194 1016 1266 capnt
1034 1183 1107 1251 viil.
1541 1197 1605 1260 tas

254 1374 327 1444 qnod
346 1374 532 1432 dccnomnare
550 1369 650 1442 mittar,
670 1376 760 1423 motas
778 1368 912 1428 coelestes
974 1368 1081 1426 'ombus
1089 1369 1261 1454 manicis
1279 1383 1340 1426 esse
1351 1375 1531 1441 comparatos,
1548 1377 1607 1428 tan-

253 1461 312 1508 tum
334 1451 535 1508 controversiae
556 1447 644 1504 eidem
666 1462 761 1502 moveo
788 1463 871 1517 super
892 1463 919 1503 m
987 1489 994 1513 ,
1018 1449 1118 1517 quibua
1133 1448 1187 1504 hoc
1210 1448 1268 1504 ieri
1286 1455 1386 1518 potest.
1421 1450 1493 1504 Nam
1509 1450 1537 1505 in
1554 1450 1607 1504 buc

254 1530 364 1600 qnidam
383 1528 472 1599 capite
493 1527 550 1585 siue
568 1541 612 1581 ιιι
630 1528 702 1582 inter
719 1542 749 1580 se
767 1534 948 1595 comparatas,
967 1529 1025 1582 sive
1040 1528 1134 1598 priora
1150 1527 1204 1582 dno
1223 1529 1383 1594 etpumia
1399 1528 1608 1597 comparationis

253 1600 420 1658 intueamur.
444 1597 513 1653 nihil
539 1612 604 1653 sane
629 1595 811 1672 muscham,
838 1597 913 1668 quod
937 1596 1079 1665 genuinam
1103 1613 1192 1653 remm
1217 1603 1395 1664 ιιιιιιιιιχιι
1412 1598 1607 1654 connexionem

255 1678 328 1733 inter
345 1692 375 1732 se
395 1692 494 1733 causae
512 1684 540 1730 et
558 1674 672 1732 effectus
691 1673 791 1754 sapq'stl
824 1675 944 1730 Primum
963 1675 1035 1730 enhu
1051 1690 1086 1730 er
1099 1690 1153 1730 una
1164 1683 1243 1744 parte
1254 1665 1391 1747 aoffihs,
1410 1686 1442 1733 nt
1457 1678 1480 1732 is
1498 1678 1607 1748 quidem

253 1754 348 1827 incipit
365 1773 383 1811 ι
400 1755 455 1811 lixo
474 1756 593 1825 quodam
610 1760 722 1823 puncto,
741 1762 784 1809 est
801 1753 919 1811 circulm
937 1755 1110 1823 imaginarius
1129 1755 1157 1809 in
1175 1755 1293 1824 sphaera
1304 1755 1415 1827 entius,
1431 1756 1464 1832 hp
1479 1774 1533 1827 quo
1546 1757 1607 1828 ipso

256 1833 347 1890 nnllus
364 1835 536 1905 planetamm
554 1833 664 1903 incedit,
681 1833 730 1890 sed
743 1836 819 1889 bene
837 1826 888 1892 inb
907 1851 941 1890 eo
958 1849 1052 1890 omnes
1070 1833 1196 1889 incedere
1214 1834 1351 1890 ridentum·
1367 1834 1427 1890 *hx
1439 1835 1526 1892 altera
1543 1850 1607 1893 vero

254 1920 333 1983 parte
351 1921 470 1984 erumna
488 1912 638 1983 perfectum
657 1920 700 1967 est
716 1913 789 1968 inter
807 1928 909 1981 organa
927 1921 956 1966 et
972 1928 1043 1982 pene
1060 1912 1128 1965 nihil
1141 1912 1223 1977 abed,
1242 1923 1329 1982 queat·
1340 1913 1408 1968 artis
1420 1927 1495 1983 opus
1528 1911 1607 1981 Quod

254 1998 286 2046 nt
303 2000 435 2062 appareat
452 2007 533 2062 qnam
552 1991 605 2045 vim
624 1991 738 2060 habeat,
761 1992 850 2046 notari
868 1989 963 2060 selim,
988 1992 1028 2046 iu‘
1039 2007 1069 2050 re
1094 1993 1252 2047 harmonice
1276 1989 1491 2062 ammoniaca
1516 1993 1607 2050 inesse

254 2073 383 2140 mamhra,
401 2072 452 2128 sed
470 2087 525 2125 non
543 2069 634 2125 omnia
652 2069 775 2138 ejusdem
793 2068 910 2140 ordinia;
930 2065 1078 2143 enemim
1095 2084 1183 2139 muca
1199 2068 1291 2139 aliqua
1302 2070 1391 2138 prima
1406 2071 1535 2141 omnique
1546 2088 1607 2141 pro-

252 2148 333 2219 tlma,
350 2149 471 2205 emunda
489 2149 582 2219 primis
600 2156 798 2221 superstructa,
814 2151 898 2205 tertia
915 2145 1050 2220 secunda,
1068 2157 1171 2218 ¹(luania
1189 2147 1285 2202 tertiis.
1321 2146 1413 2202 Prima
1422 2156 1493 2205 -sunt
1509 2150 1607 2205 asebe-

253 2242 303 2284 ιιι
320 2226 494 2284 harmonicae
512 2226 607 2284 umuli
625 2234 739 2297 septem,
757 2227 810 2282 hae
828 2228 983 2284 immediate
1000 2242 1035 2284 ιι
1052 2226 1114 2297 ipsa
1130 2226 1280 2298 geometria
1297 2225 1390 2281 circuli
1408 2225 1608 2298 figurarumque

252 2305 470 2376 inscriptibilinm
496 2305 628 2360 oriiuntur.
663 2306 715 2360 ilis
733 2305 827 2375 igitur,
855 2321 927 2375 qnae
944 2321 961 2360 a
978 2305 1080 2374 cirpulo
1099 2304 1288 2373 defluxerunt,
1312 2303 1469 2359 harmonice
1490 2304 1549 2374 ism
1566 2322 1607 2361 se·

251 2384 343 2459 cando
360 2385 446 2443 ιιιιῙιι
464 2386 570 2454 miscet,
589 2384 654 2454 quia
670 2383 783 2451 chorda,
803 2384 919 2453 primum
938 2383 1089 2452 subjectum
1108 2384 1307 2439 transimennum
1325 2382 1419 2439 cuculi
1438 2383 1607 2452 divisionum,

252 2468 296 2519 ot
312 2461 387 2519 linea
401 2472 485 2521 recta
522 2465 568 2519 Fit
584 2464 667 2532 igitur
685 2464 737 2519 hae
755 2464 934 2533 rectitsndine,
959 2470 1062 2519 utnon
1080 2471 1187 2519 tantum
1214 2463 1317 2519 chorda
1332 2463 1438 2534 integra
1460 2462 1564 2520 derivet
1580 2465 1607 2518 in

254 2554 286 2596 aa
303 2540 449 2599 divisiones
466 2542 563 2598 eiressli
581 2542 821 2611 demonstrabiles,
846 2542 895 2597 sed
912 2542 995 2598 etiam
1013 2540 1150 2611 quaelibet
1168 2542 1290 2610 ejusdem
1309 2543 1393 2598 maius
1410 2541 1528 2599 chordae
1545 2559 1608 2614 pars

255 2621 366 2677 easdem
385 2622 531 2678 divisiones
549 2619 644 2676 circuli
664 2622 802 2691 suscipiat.
839 2620 870 2676 ld
889 2636 954 2677 sero
975 2620 1004 2675 in
1022 2619 1123 2676 circulo
1142 2637 1196 2676 nou
1213 2622 1309 2691 quovis
1326 2621 1408 2677 modo
1431 2620 1492 2675 lieri
1508 2629 1608 2691 potat,
1696 2633 1699 2640 '

257 2716 313 2756 aon
332 2703 413 2767 enim,
432 2702 456 2755 si
473 2709 548 2756 totus
566 2699 867 2770 circulus'geometrice
886 2699 970 2756 dividi
987 2707 1078 2769 potest
1095 2701 1122 2753 iu
1141 2700 1194 2754 tria
1212 2699 1345 2769 aequalia,
1365 2707 1510 2770 propterea
1528 2693 1608 2757 etiam

254 2779 314 2850 eiua
339 2781 421 2835 tertia
446 2787 494 2835 aut
519 2778 614 2848 quinta
640 2779 826 2847 assenseris
851 2794 917 2849 pars
939 2777 1063 2833 similiter
1085 2777 1113 2832 in
1132 2777 1184 2832 triu
1208 2777 1371 2847 geometrice
1394 2776 1477 2833 dividi
1502 2780 1608 2848 poterit

256 2855 349 2914 emsa
368 2865 411 2913 est
428 2857 456 2913 in
475 2854 638 2911 excellentie
655 2855 750 2912 cuculi
767 2872 834 2926 prae
851 2855 924 2913 linea
940 2864 1024 2912 recta.
1061 2857 1131 2912 Nam
1146 2857 1263 2912 circulm
1281 2856 1403 2926 perfecte
1414 2856 1547 2925 figuratus
1560 2866 1609 2921 est,

256 2933 360 3005 qnippe
378 2952 395 2990 a
413 2950 443 2990 se
461 2936 521 3004 ipso
540 2932 668 2989 delinitus
685 2940 714 2987 ιι
732 2929 941 3004 determibatns;
968 2942 1057 2999 recta,
1082 2934 1135 2990 etsi
1152 2934 1274 2990 noscitur
1291 2934 1454 3004 figuratione
1470 2935 1610 2991 rectitudi-

255 3012 312 3085 nis,
331 3029 386 3069 non
403 3021 494 3069 tamen
512 3012 708 3067 determinatur
727 3014 761 3069 ab
774 3012 827 3068 hac
837 3029 888 3069 sua
899 3012 1070 3083 figuratione,
1088 3014 1153 3083 quia
1163 3029 1213 3084 per
1224 3014 1296 3068 hauc
1309 3013 1419 3069 licetilli
1437 3013 1465 3066 in
1477 3012 1610 3070 infinitum

255 3105 415 3164 caenrrere5
434 3107 505 3163 opus
523 3090 607 3158 igitur
623 3088 707 3146 habet
724 3091 848 3161 punctis,
866 3090 980 3149 ιΙιιιίιιι
997 3092 1087 3149 lineae
1103 3094 1226 3150 sectione
1243 3092 1336 3157 iactis,
1360 3101 1390 3148 ut
1408 3092 1609 3150 determinetur.

255 3163 353 3248 mue
374 3151 450 3225 nihii
464 3176 555 3226 rectae
580 3168 687 3224 decedit
709 3170 744 3224 de
768 3171 886 3227 essentia
907 3186 974 3227 snae
997 3171 1180 3242 figurationis,
1203 3171 1260 3227 sive
1277 3177 1337 3226 tota
1359 3172 1451 3241 aliqua
1468 3172 1609 3243 longitudo

256 3254 394 3318 sumatur,
419 3249 475 3304 sine
496 3263 575 3317 pars,
599 3254 628 3302 at
650 3247 752 3306 circulo
777 3249 849 3317 perit
866 3248 928 3320 ipsa
943 3247 1086 3319 figuratio,
1107 3250 1225 3321 primum
1244 3258 1326 3321 atque
1350 3267 1413 3321 pars
1431 3252 1470 3307 illi
1489 3252 1609 3323 eripitur,

301 3328 407 3384 ’mens
424 3326 551 3384 residuus
570 3341 641 3382 noua
658 3326 819 3396 figuratione
843 3326 872 3382 in
889 3327 1019 3383 menium
1041 3330 1171 3384 minorem
1195 3336 1414 3399 contorqueatur.
1452 3332 1547 3401 ltaque
1564 3330 1612 3401 qui

313 3406 373 3461 salt
390 3405 512 3461 diuidere
530 3404 668 3461 residuum
687 3406 794 3472 circuli,
818 3408 888 3464 sicut
905 3414 966 3463 erat
983 3408 1098 3476 diebus,
1116 3408 1139 3464 is
1157 3425 1212 3464 non
1231 3424 1323 3477 unum,
1342 3408 1390 3464 sed
1409 3408 1478 3466 duos
1496 3410 1612 3465 circulos

249 3483 369 3541 'diuidet
404 3485 457 3555 Qui
481 3500 544 3540 vero
570 3492 625 3539 tam
653 3491 738 3541 totam
761 3486 891 3544 chordam
914 3503 995 3556 quam
1020 3490 1192 3557 pancasius
1218 3489 1314 3544 audem
1330 3488 1435 3542 maone
1453 3486 1560 3556 diuidit,
1587 3487 1611 3542 is

256 3579 337 3620 anam
356 3565 500 3632 utrobique
527 3572 555 3619 et
573 3565 686 3620 eandem
705 3573 806 3621 rectam
825 3566 922 3623 dividit
939 3569 1022 3639 inque
1039 3583 1073 3623 ea
1089 3576 1182 3638 partes
1203 3566 1291 3621 sanas
1313 3566 1467 3635 constituit,
1493 3566 1565 3621 inter
1581 3579 1612 3620 se

257 3644 470 3713 comparabiles,
496 3644 581 3698 etsie
599 3643 692 3713 plures
710 3646 738 3700 in
756 3646 803 3702 illa
820 3648 1010 3718 proportiones
1028 3646 1193 3715 accumulet,
1221 3662 1301 3716 quem
1327 3646 1355 3699 in
1373 3643 1473 3702 circulo
1495 3649 1612 3714 possunt

257 3722 385 3780 existere.
421 3722 489 3792 Qum
504 3724 587 3793 igitur
605 3722 762 3780 harmonice
781 3741 880 3782 exorsa
897 3746 914 3783 a
933 3726 1176 3783 divisione'cironli
1197 3734 1297 3795 pergat
1314 3723 1442 3792 deinceps
1466 3722 1495 3779 in
1512 3729 1611 3780 naem-

257 3804 333 3857 tione
351 3811 485 3859 motarum
505 3803 680 3873 chordamm,
700 3806 836 3876 sequitur,
860 3814 890 3862 ut
906 3808 988 3877 plura
1002 3808 1059 3876 jam
1076 3808 1105 3863 in
1122 3806 1285 3862 harmonicis
1304 3819 1384 3874 qnam
1403 3803 1431 3857 in
1449 3802 1550 3859 circulo
1568 3816 1611 3857 se

258 3879 334 3935 ιιὶιιιι
352 3881 555 3938 consideranda.
592 3884 660 3939 Nam
686 3888 881 3942 comonantiee
903 3887 1021 3944 minores
1046 3903 1126 3956 quarn
1148 3885 1297 3957 diapason,
1326 3890 1357 3940 ut
1373 3882 1453 3938 docui
1479 3882 1570 3951 capite
1586 3881 1611 3938 6.

256 3959 319 4016 libri
337 3962 389 4015 mei
407 3961 454 4026 IV,
468 3963 526 4029 jam
545 3962 670 4019 oriuntur
687 3979 721 4019 ιι
739 3964 789 4019 tali
807 3967 1009 4037 comparatione
1034 3966 1159 4025 residuae
1176 3967 1263 4037 partis
1281 3968 1360 4034 (quae
1379 3964 1492 4018 semisse
1509 3979 1564 4019 non
1581 3962 1613 4016 lit

258 4041 357 4110 minor)
376 4057 438 4095 cum
456 4048 515 4097 tote
533 4050 660 4112 stantque
678 4041 738 4099 lo'co
756 4045 849 4112 terti03
868 4060 903 4100 ex
921 4045 966 4101 his
984 4060 1048 4101 vero
1066 4045 1248 4101 consonantiis
1267 4043 1415 4099 minoribus
1437 4049 1533 4113 sumto
1551 4041 1612 4098 loco
1673 4034 1677 4046 '

255 4120 314 4189 ιἰιιι
331 4122 468 4177 resultant
485 4121 628 4177 intervella
644 4122 910 4191 ᾱιιιιιιιιιιιιιίιιι,
929 4124 986 4184 toai
1003 4140 1041 4180 sc.
1060 4132 1089 4178 et
1106 4123 1265 4189 semitonia,
1286 4137 1336 4192 per
1353 4120 1421 4196 heah
1444 4127 1447 4132 '
1503 4128 1534 4178 ιο
1550 4120 1612 4175 loco

242 4197 417 4255 dividuntur
434 4202 628 4258 combussere
645 4196 849 4280 sortiuntmuae
867 4218 917 4258 suu
935 4193 1058 4270 nonium
1078 4210 1156 4260 sento
1174 4217 1210 4259 ιι
1226 4201 1359 4257 divisione
1376 4199 1403 4256 i''
1471 4195 1612 4270 'diapason

257 4278 286 4333 in
304 4278 438 4334 concinna
453 4279 590 4340 multam
606 4277 731 4340 diamasa
753 4277 860 4350 spicios
880 4282 954 4349 ejus3
980 4283 1096 4352 septimo
1117 4281 1248 4351 deminus,
1271 4288 1336 4336 uto
1505 4277 1613 4356 species

257 4359 286 4413 in
303 4375 359 4414 nno
377 4365 524 4428 systemate
542 4359 677 4428 speculari
694 4357 844 4431 penninas,
877 4362 1065 4430 componimus
1090 4363 1146 4417 dno
1162 4362 1294 4433 diapason
1316 4359 1345 4414 in
1516 4350 1556 4432 ‚''
1586 4374 1612 4412 m

257 4444 385 4509 'ymb
404 4436 432 4491 id
449 4445 539 4493 imm
558 4439 807 4512 mahumetana
824 4442 938 4511 ratione
957 4457 1038 4511 quam
1051 4441 1226 4509 necessitate3
1245 4454 1388 4511 possemus
1405 4435 1477 4493 enim
1494 4435 1613 4506 speeiem

257 4530 355 4583 mam,
379 4531 449 4585 quae
467 4515 549 4572 ultim
567 4516 674 4588 incipit,
692 4517 820 4576 mamre
838 4527 866 4573 et
885 4519 958 4588 qnod
977 4518 1011 4574 de
1029 4535 1062 4574 ea
1080 4520 1189 4576 excedit
1206 4536 1302 4590 supra,
1321 4518 1348 4574 id
1365 4518 1457 4573 locare
1475 4515 1558 4585 inira,
1581 4522 1614 4571 ut

256 4593 334 4663 prius
353 4594 435 4648 etiam
452 4594 480 4648 in
498 4595 620 4664 perfeeto
639 4604 787 4667 systemate
806 4596 864 4652 fieri
882 4599 980 4668 potnit.
1016 4600 1089 4655 Ecce
1102 4607 1169 4670 qnot
1181 4600 1310 4670 gradihus
1328 4615 1344 4654 a
1362 4596 1455 4654 ciresffi
1466 4595 1614 4666 geometria

257 4670 426 4742 ιιιιᾱιιιιιιι,
444 4672 603 4742 priusquam
620 4676 796 4744 perveniatur
813 4675 848 4731 ad
867 4683 987 4745 systema
1005 4678 1164 4747 perfectum.
1199 4681 1294 4737 Bebns
1306 4679 1391 4751 igitur
1406 4677 1478 4733 inter
1494 4691 1525 4731 se
1542 4691 1613 4731 com·

256 4736 386 4823 parandb
403 4758 480 4806 tanto
497 4751 639 4806 intervallo
657 4759 686 4808 et
703 4769 720 4808 a
738 4762 835 4810 natura
854 4764 881 4810 et
893 4754 928 4810 ab
943 4756 1058 4812 invicem
1069 4757 1270 4828 recedentibus,
1288 4756 1455 4829 impossihile
1468 4763 1510 4812 est
1522 4760 1613 4824 aptam
1723 4804 1725 4810 ,

257 4829 363 4885 institui
386 4846 468 4899 posse
492 4830 735 4900 comparationem,
763 4833 914 4889 muendum
940 4836 1027 4905 magis
1044 4836 1182 4906 ingenium
1201 4836 1361 4905 Ptolemaei,
1388 4837 1435 4906 qui
1458 4832 1614 4905 probabiles

258 4916 350 4964 umen
367 4909 488 4964 rationes
506 4908 625 4964 invenire
644 4912 772 4978 potuerit.
808 4912 888 4969 uerte
907 4920 1027 4982 systema
1044 4916 1210 4984 perfectum,
1237 4915 1310 4985 quod
1328 4916 1451 4971 homines
1475 4914 1615 4982 elegerunt

259 4986 303 5042 sni
320 4993 418 5056 captus
436 5002 531 5052 causa,
557 5005 610 5043 non
636 4991 758 5059 potuerit
775 5008 850 5061 esse,
874 4992 948 5060 dico,
972 4992 1137 5064 archetypus
1159 4992 1353 5051 conformando
1376 4992 1479 5049 circulo
1495 4991 1615 5055 rodiano,

259 5064 308 5121 aad
327 5063 433 5122 excutit
456 5066 540 5136 hnjus
559 5075 664 5123 tractus
689 5068 867 5142 distinffipa
885 5071 984 5127 esteris
1006 5073 1076 5130 coeli
1094 5074 1226 5130 trmtibus
1244 5073 1336 5130 statim
1362 5088 1423 5127 cnm
1444 5071 1506 5140 ipsa
1563 5070 1570 5084 ⁹

257 5146 450 5206 convolutione
468 5145 541 5217 globi
560 5145 662 5202 Solaria
680 5143 848 5218 ohaam
867 5164 959 5218 axem,
983 5151 1090 5222 inipso
1108 5151 1312 5208 inu‘momnndi
1333 5151 1491 5221 complexu
1503 5084 1616 5226 ‚W

258 5228 350 5284 desim
370 5226 498 5281 zodiacus
517 5224 563 5279 ille
582 5225 690 5281 sensilis
708 5229 766 5286 ιιι
779 5221 833 5284 luit
851 5229 1006 5285 hominibus
1026 5245 1108 5285 eausa
1127 5228 1308 5297 constituendi
1325 5223 1615 5300 cumscientiam,

259 5305 310 5362 sed
327 5303 444 5360 circulus
463 5305 617 5360 abstractus
637 5313 664 5359 et
683 5299 876 5364 intasss'ctualis
894 5310 982 5378 prima
999 5308 1175 5364 fundamenta
1192 5309 1292 5379 posuit,
1312 5306 1411 5378 quihus
1429 5305 1538 5362 innixae
1554 5320 1615 5375 sep·

258 5382 429 5440 mordico
447 5383 661 5454 contignationes
684 5385 794 5441 tandem
816 5387 845 5441 in
864 5396 983 5457 systema
1005 5386 1157 5457 perfectum
1183 5387 1346 5443 desiverunt.
1382 5384 1475 5441 Rebus
1492 5384 1559 5456 ipsis
1580 5397 1615 5439 ex

260 5472 378 5532 utraque
401 5461 532 5517 facultate
557 5462 746 5529 comparandis
771 5466 812 5519 sic
835 5464 1011 5531 habentibus,
1038 5465 1135 5521 mirum
1158 5483 1213 5523 non
1239 5474 1294 5537 est,
1322 5471 1481 5536 argumenta
1507 5478 1616 5535 quoque

260 5543 472 5614 comparationis
497 5541 636 5608 vacillare3
661 5558 731 5610 quse
755 5544 864 5613 quidem
888 5543 944 5599 alia
969 5542 1030 5598 aliis
1048 5542 1159 5600 meliora
1182 5552 1253 5600 sunt.
1290 5545 1411 5600 Primum
1428 5544 1499 5599 euim
1522 5541 1616 5599 nititur

261 5619 372 5691 qnidam
390 5618 532 5675 identitate
551 5628 640 5675 motus
661 5622 788 5690 utrinqne
804 5622 908 5689 localis,
928 5628 957 5677 at
973 5621 1027 5677 hoe
1045 5621 1268 5694 nimiagsnerale
1286 5623 1455 5694 cognationis
1478 5626 1521 5678 est
1538 5636 1616 5690 argn-

315 5728 409 5783 mpurr
423 5728 537 5780 opacas.
1160 5731 1165 5748 ·
1415 5715 1457 5782 24

904 5849 959 6046 i
