3684 7259
592 1218 777 1276 'Harmoaieis
812 1220 896 1276 Libat
912 1217 963 1275 iil.
982 1209 1071 1291 (itpnt
1086 1219 1108 1275 1.
1466 1217 1528 1284 iit

180 1392 399 1478 (hemionicac)
432 1401 642 1459 consonantiae
674 1398 890 1475 indigstantar,
919 1399 978 1459 hae
999 1396 1074 1481 (non
1087 1394 1304 1480 harmonicae)
1321 1396 1530 1458 dissonantias.

179 1483 289 1558 Quodsi
311 1488 470 1544 accesserit
492 1489 581 1545 etiam
604 1487 698 1546 altera
720 1490 873 1563 proportio
895 1488 1084 1565 harmonica,
1110 1503 1217 1546 vocum
1244 1500 1442 1562 sonorumque
1464 1484 1532 1545 lon·

180 1588 282 1646 gornm
306 1582 337 1630 ct
360 1573 492 1632 brevium
515 1592 605 1633 causa
621 1565 786 1649 temporis,
820 1586 889 1636 trrnc
913 1574 983 1634 illae
1006 1590 1128 1651 corpora
1151 1573 1450 1644 consultationibus,
1472 1570 1531 1630 lin·

179 1677 251 1734 guas
274 1662 562 1734 pronuntiationibus
585 1660 632 1720 sd
647 1662 764 1722 easdem
781 1661 869 1736 leges
890 1658 1027 1735 movant3
1060 1662 1116 1720 buo
1146 1662 1264 1737 opilioas
1293 1659 1465 1720 malleorum
1487 1662 1532 1720 io·

168 1746 239 1814 'tus‚
270 1746 328 1805 huc
350 1746 459 1807 milites
482 1766 613 1824 gressum
637 1747 876 1828 acommodata,
905 1752 1012 1810 vivunt
1034 1752 1132 1810 omnia
1160 1749 1334 1810 durantibus
1363 1747 1530 1820 harmoniis,
1583 1770 1591 1779 ’

181 1842 349 1910 torpescunt
370 1834 473 1894 iisdem
496 1835 676 1906 disturbatis.
1392 1846 1394 1849 ‘
1427 1836 1431 1843 ’

266 1921 352 1981 Hace
372 1932 404 1981 et
426 1923 535 1983 similia
556 1924 671 1984 consilii
693 1927 753 1983 sint
776 1926 978 2000 instinctusve,
1002 1923 1058 1983 hoc
1074 1934 1120 1985 est
1140 1926 1247 1983 mentis
1266 1940 1358 2001 opus,
1382 1938 1419 1981 aa
1443 1924 1544 1998 etiam

184 2018 304 2069 naturae
326 2009 535 2070 elementorum
558 2015 755 2087 materiaeque
779 2015 956 2072 necessitate
979 2012 1038 2084 flat,
1063 2013 1271 2087 attemperies
1292 2011 1429 2071 sensibus
1451 2016 1534 2069 oom-

182 2095 270 2155 moda
293 2096 376 2156 nulla
398 2100 492 2175 possit
514 2116 595 2171 esso,
629 2101 685 2157 nisi
707 2116 784 2175 quae
808 2108 921 2159 constet
942 2100 1179 2176 proportionibus
1202 2097 1360 2174 figurarum
1383 2097 1534 2159 hamoni-

183 2186 232 2254 cis,
256 2183 286 2242 id
310 2187 390 2244 varie
417 2185 596 2263 disputatum
615 2185 673 2245 hrit
696 2204 714 2245 a
736 2187 934 2263 philosophis,
958 2188 1167 2263 quaerentibus
1189 2185 1339 2258 omnihus,
1370 2184 1447 2245 unde
1469 2186 1535 2244 exl-

184 2281 242 2329 stat
266 2270 318 2330 ilia
340 2275 483 2345 suavitas,
507 2290 584 2349 quae
606 2273 726 2333 auribus
748 2273 887 2334 allabitur
909 2292 946 2334 aa
967 2276 1154 2351 proportione
1170 2288 1285 2345 vocum,
1307 2289 1367 2348 qua
1388 2274 1535 2331 suavitate

186 2361 394 2418 consonantias
418 2359 580 2420 delinimus.
625 2359 682 2435 Qui
711 2360 748 2419 ad
771 2363 924 2421 materians
955 2371 984 2421 et
1005 2366 1117 2420 motum
1147 2359 1354 2420 elementorum
1384 2359 1536 2430 meliorent,

186 2446 352 2522 exemplum
374 2446 499 2507 afferunt
521 2448 585 2523 boc,
608 2465 665 2524 pso
682 2466 714 2507 se
738 2448 855 2525 quidem
878 2464 950 2508 sane
973 2466 1061 2526 qnam
1076 2447 1219 2519 mirabile,
1241 2447 1320 2524 quod
1344 2446 1452 2506 chorda
1467 2445 1553 2523 polz

186 2543 249 2592 sata
272 2534 411 2593 chordam
442 2533 531 2594 aliam
554 2552 611 2595 non
639 2536 787 2611 pulsatam
817 2553 915 2597 secam
944 2538 974 2595 in
998 2539 1127 2595 sonitum
1149 2533 1252 2608 trahit,
1285 2537 1311 2593 si
1332 2543 1418 2594 tensa
1448 2534 1536 2593 fuerit

186 2621 239 2679 sibi
263 2638 402 2694 consone,
425 2621 543 2681 dissone
565 2631 677 2681 tensam
701 2624 852 2683 immotam
874 2624 1020 2700 relinquit
1065 2622 1132 2683 Hoc
1158 2640 1224 2683 cnm
1254 2638 1313 2681 aon
1331 2624 1427 2698 possit
1447 2620 1537 2680 othni

186 2712 289 2767 mentis
313 2711 476 2769 ministerio
499 2709 569 2781 fieri,
593 2714 664 2785 quia
687 2727 785 2783 sonus,
809 2711 865 2771 hoc
886 2720 1035 2784 causatus,
1058 2720 1185 2770 mentam
1208 2716 1260 2767 ant
1276 2708 1454 2769 intellectum
1477 2724 1536 2767 oon

187 2797 288 2868 habet,
322 2799 467 2871 seqnitur,
497 2805 531 2856 nt
558 2797 588 2856 id
610 2801 877 2874 contemperatione
904 2806 1035 2858 motuum
1067 2798 1129 2858 fieri
1152 2796 1293 2857 dicamus.
1337 2796 1434 2856 Sonus
1459 2796 1537 2856 enirn

190 2884 312 2943 chordae
343 2884 434 2942 habet
460 2901 582 2943 acumen
612 2884 660 2943 vel
689 2887 865 2959 gravitatem
894 2885 1085 2945 abelenitate
1113 2884 1161 2946 vel
1190 2883 1328 2944 tarditate
1355 2883 1537 2958 ributionis,

190 2992 244 3048 qua
268 2979 332 3031 tota
354 2970 479 3031 chordae
502 2972 655 3044 longitudo
677 2972 770 3032 libera
793 2974 941 3045 vibratur,
963 2989 1019 3032 nee
1040 2974 1139 3031 insunt
1162 2971 1218 3032 bae
1241 2988 1378 3030 sonorum
1402 2971 1539 3031 diiicren·

190 3064 244 3121 tiae
269 3062 362 3136 primo
393 3068 423 3117 ct
451 3060 619 3119 immediate
649 3056 679 3117 in'
702 3063 767 3136 ipsa
797 3058 979 3135 longitudino
1012 3059 1058 3119 vel
1086 3061 1245 3131 brevitate,
1273 3058 1326 3119 aad
1356 3058 1538 3131 secandarlo,

190 3152 256 3225 quia
279 3146 391 3206 scilicet
412 3147 478 3205 curri
500 3146 682 3221 longitudine
705 3147 848 3207 diminuta
871 3146 994 3207 tarditas
1016 3147 1190 3207 vibrationis
1219 3145 1402 3220 diminuitur,
1434 3145 1538 3206 csisrl·

190 3246 232 3295 tas
254 3242 387 3310 augetur.
432 3232 504 3294 lnde
527 3242 579 3305 est,
604 3234 682 3310 quod
706 3244 841 3294 manente
864 3234 967 3293 eadem
991 3234 1117 3294 chordae
1132 3232 1315 3309 longitudine
1329 3232 1423 3293 libera
1445 3235 1540 3294 tensio

190 3327 249 3401 ipsa
272 3338 376 3381 sonum
399 3322 487 3390 acuit,
511 3324 580 3397 quia
602 3313 697 3391 rninus
719 3322 817 3381 laxam
840 3312 978 3382 chordam
1000 3320 1176 3398 relinquens,
1200 3320 1336 3380 diminuit
1358 3322 1446 3396 otiam
1468 3338 1540 3398 spa·

191 3415 268 3478 tium,
291 3426 344 3485 per
366 3408 445 3484 quod
469 3407 520 3466 illa
542 3409 689 3483 reciproco
713 3419 793 3467 motu
818 3411 925 3467 vibrari
948 3411 1050 3485 possit
1097 3410 1169 3466 Com
1193 3409 1282 3480 igitur
1307 3407 1541 3469 dnarnmchor·
1639 3477 1645 3489 ι

191 3500 289 3557 darom
312 3498 399 3554 luerit
422 3495 525 3554 eadem
548 3500 653 3567 tensio,
675 3499 719 3555 sie
742 3507 774 3555 ut
795 3501 952 3557 unisonum
975 3496 1095 3557 reddere
1109 3499 1237 3573 possint,¹
1255 3505 1325 3554 tunc
1338 3512 1428 3555 sonus
1442 3498 1539 3569 unlus,

192 3586 218 3643 id
240 3595 286 3644 cst
307 3586 420 3661 species
443 3583 639 3643 immateriata'
661 3585 790 3660 corporis
812 3583 949 3658 chordae,-
973 3586 1149 3645 constitutae
1170 3586 1201 3641 in
1222 3582 1395 3657 vibratione,
1419 3582 1541 3661 delapsa

191 3691 208 3730 a
228 3691 283 3733 sua
306 3672 425 3742 chorda,
449 3671 515 3730 ierit
538 3669 676 3739 chordam
699 3671 836 3746 alteram,
866 3674 943 3732 siem
965 3674 991 3731 si
1014 3673 1080 3747 quis
1103 3672 1223 3731 boatum
1253 3668 1323 3729 edat
1345 3678 1447 3731 versus¹
1469 3670 1541 3732 che·-

192 3761 235 3837 lyn
260 3769 312 3818 ant
335 3758 417 3818 aliud
440 3774 554 3831 cavum,
578 3775 613 3817 eo
638 3759 727 3817 boatu
750 3761 876 3835 percutit
897 3758 929 3817 ld
952 3776 1071 3833 cavum,
1105 3759 1234 3835 lecitque
1256 3748 1394 3837 resonare
1417 3758 1541 3819 chordas

192 3850 249 3922 ejus
266 3863 384 3920 omnes;
408 3845 472 3903 ierit
490 3854 588 3903 autem
605 3845 656 3903 iiia
673 3846 846 3905 vibrationis
862 3849 976 3923 species
991 3846 1130 3906 chordam
1146 3845 1267 3907 alteram
1284 3844 1388 3906 eodem
1403 3846 1541 3925 rhythmo

193 3936 360 4005 celeritatis,
393 3949 452 4008 quo
476 3942 610 3990 movetur
633 3942 662 3991 et
684 3933 773 4005 haec,
804 3934 874 4009 quia
897 3952 991 4011 acque
1015 3944 1116 4007 tensa,
1147 3945 1180 3992 ut
1201 3935 1244 3993 lta
1266 3932 1375 4009 singuli
1396 3934 1472 3993 ictus
1494 3928 1539 4015 (la

193 4040 261 4098 quos
287 4022 413 4081 vibratio
437 4018 537 4078 divisa·
560 4037 635 4079 csse‘
655 4016 844 4102 intelligitur)
868 4022 897 4081 in
920 4020 1052 4093 sinqnias
1082 4037 1237 4097 percussae
1264 4019 1385 4080 alterius
1415 4019 1540 4080 chordae

192 4108 388 4168 sessiunculas
404 4114 546 4184 perpetuo
565 4106 709 4166 incidant:
733 4110 774 4166 ita
789 4107 830 4179 tit,
854 4118 887 4167 ιιι
903 4111 1032 4168 omnium
1049 4109 1176 4168 maxima
1190 4115 1346 4167 moveatur
1359 4106 1539 4179 iliaebords,

192 4215 260 4273 quae
285 4196 323 4269 sd
346 4198 502 4255 unisonum
526 4202 570 4253 est
593 4205 677 4254 tensa
699 4212 764 4254 cnm
788 4196 903 4270 prima,
935 4205 1071 4256 movetur
1091 4212 1163 4255 vero
1185 4203 1216 4255 et
1237 4193 1289 4255 illa
1310 4193 1434 4267 chorda,
1464 4211 1541 4270 quas

193 4286 294 4361 duplas
318 4292 364 4342 cst
387 4291 439 4342 aut
461 4280 815 4356 subduplaeceleritatis,
840 4284 911 4358 qnia
934 4284 992 4343 duo
1009 4284 1182 4342 vibrationis
1198 4286 1274 4341 ictus
1295 4284 1325 4339 in
1342 4299 1401 4342 nna
1415 4281 1542 4342 chordas

192 4371 371 4431 cessiuncuia
394 4367 646 4433 absolvuntur.et
668 4372 711 4429 sic
724 4386 855 4446 semper
869 4373 945 4430 ictus
967 4389 985 4429 a
1008 4372 1097 4447 priori
1119 4372 1221 4431 tertius
1251 4371 1375 4445 quisque
1407 4371 1540 4446 congruit

192 4463 217 4517 in
245 4462 333 4518 unios
367 4455 568 4517 cessioneulac
598 4466 785 4532 extremam,
805 4466 942 4517 movetur
970 4458 1097 4534 denique
1128 4468 1158 4517 et
1186 4457 1239 4517 illa
1264 4455 1373 4517 chorda
1399 4455 1542 4529 nonnihil,

192 4564 263 4622 quas
287 4554 332 4606 est
355 4542 766 4621 sesquialteraeceleritatis,
794 4546 865 4618 quia
887 4553 946 4603 tres
968 4544 1146 4606 ictinnculas
1167 4546 1240 4604 liunt
1262 4546 1291 4601 in
1314 4542 1429 4604 duam
1451 4543 1539 4620 hujus

192 4633 388 4704 eessiunculis,
411 4630 464 4691 sed
483 4630 543 4706 jam
568 4633 711 4706 incipiunt
732 4630 857 4690 invicem
880 4632 1001 4691 obviare
1024 4632 1154 4692 crebrius
1176 4631 1218 4691 illi
1241 4633 1317 4691 ictus
1340 4637 1376 4707 ‘et
1398 4630 1454 4691 hae
1476 4643 1542 4690 ces·

191 4720 339 4780 siuncuiae
361 4736 452 4795 seque
474 4726 577 4775 mutuo
600 4716 760 4791 impedire,
774 4716 842 4776 dnm
857 4716 917 4777 duo
940 4718 1019 4778 iilius
1042 4721 1116 4778 ictus
1133 4738 1151 4778 a
1166 4719 1223 4779 tine
1240 4717 1439 4777 cessionarius
1453 4717 1542 4795 hujus

192 4810 334 4882 aberrant,
358 4825 434 4866 unus
457 4804 539 4863 solus
561 4805 663 4863 incidit
685 4820 822 4879 conanae,
847 4823 906 4880 qno
929 4822 1050 4866 occursu
1074 4816 1171 4867 motus
1186 4804 1360 4866 chordarum
1382 4814 1541 4865 ceterarum

191 4900 307 4968 sistitur,
331 4912 389 4955 non
412 4910 497 4954 secus
519 4909 555 4950 ac
577 4894 601 4949 si
625 4895 691 4967 quis
714 4891 838 4968 digitum
861 4894 996 4954 vibratae
1018 4894 1207 4955 admovisset.
1252 4891 1338 4951 Haeo
1363 4891 1434 4950 mihi
1456 4891 1543 4953 vida·

191 4994 233 5042 tur
256 5001 348 5043 causa
370 4980 512 5042 mirabilis
534 4979 623 5054 hujus
639 4981 849 5056 experimenti:
873 4984 924 5058 qni
947 4998 994 5042 ma
1017 4981 1130 5043 ielicior
1151 4987 1196 5041 est
1216 4978 1357 5056 indagine
1376 4981 1490 5053 mentis,
1514 4980 1542 5040 sl

190 5071 314 5146 palmam
336 5071 424 5130 dabo.
1311 5110 1314 5117 ·

275 5158 353 5233 Quid
376 5157 488 5233 igitur?
510 5157 534 5211 si
558 5153 694 5213 celeritas
716 5154 842 5215 chordae
863 5160 951 5216 nnius
975 5155 1054 5216 valet
1076 5154 1115 5216 ad
1136 5160 1248 5214 motum
1275 5153 1401 5215 chordae
1423 5153 1544 5213 alterins

194 5250 448 5322 proportionatae,
472 5259 549 5319 quae
572 5242 671 5315 quoad
695 5243 790 5301 visum
813 5252 913 5303 manet
935 5246 1061 5315 intacta,
1093 5255 1130 5302 an
1153 5258 1211 5301 non
1234 5240 1356 5301 eaedem
1379 5240 1548 5301 celeritates·

192 5333 310 5392 duarum
334 5333 506 5393 chordarum
529 5333 603 5388 inter
625 5346 657 5388 se
680 5328 822 5389 valebunt
843 5330 881 5389 ad
898 5329 1094 5391 titillationem
1109 5328 1227 5388 auditus
1242 5346 1364 5388 suavem
1378 5335 1543 5405 propterea,

192 5421 267 5496 quod
290 5423 315 5480 is
338 5418 554 5497 quodammodo
577 5416 759 5477 uniformiter
786 5419 825 5476 ab
848 5425 970 5493 utraque
993 5416 1102 5477 cirorda
1129 5428 1264 5477 movetur
1285 5415 1405 5492 duoque
1428 5418 1502 5475 ictus
1523 5433 1544 5476 ι
1570 5491 1572 5495 .

192 5508 303 5568 duobus
325 5510 405 5568 sonis
428 5525 481 5567 seu
504 5504 717 5565 vibrationibus
746 5506 776 5562 in
800 5503 876 5565 idem
899 5510 1079 5564 momentum
1111 5502 1304 5580 competunt?
1347 5502 1543 5579 Nequaquam

191 5610 270 5675 vero,
292 5599 412 5673 inquam
437 5613 502 5673 ego,
525 5598 567 5653 ita
589 5590 673 5651 laclia
695 5593 865 5668 bensigitur
886 5608 953 5652 oum
969 5589 1026 5650 bac
1040 5608 1088 5663 rs,
1103 5593 1252 5670 mirorque
1264 5589 1437 5669 Porphyrio,
1459 5605 1542 5652 covu-

190 5686 343 5747 nrentatori
365 5700 455 5761 anper
477 5680 656 5748 Harmonice
677 5677 850 5756 Ptolemaei,
873 5679 933 5742 tals
955 5677 1126 5758 quocies
1145 5678 1235 5758 bajas
1248 5680 1297 5739 rai
1319 5695 1438 5742 num
1452 5679 1544 5742 anis-
