3684 7259
297 1206 336 1267 '18
889 1198 1041 1262 namatio.

270 1378 386 1440 ,veluti
416 1387 518 1440 votum
547 1395 643 1437 meum
671 1378 777 1454 legatie
799 1379 856 1438 tuis
879 1378 917 1438 ad
939 1378 1038 1438 aulam
1060 1379 1275 1457 imperatoriam
1304 1377 1394 1440 semel
1425 1384 1513 1455 atque
1537 1380 1643 1440 itemm

294 1473 433 1527 testatum
463 1469 526 1528 feci.
570 1465 690 1541 Causas,
714 1466 750 1526 de
778 1466 836 1525 hoc
862 1466 1106 1527 Harmonicorum
1134 1484 1264 1528 meorum
1291 1468 1452 1544 patrocinio
1483 1467 1641 1543 cogitandi,

294 1554 501 1633 suppeditabat
522 1554 593 1611 mihi
616 1555 797 1614 dissonantia
819 1553 871 1614 illa
892 1553 1045 1633 multiplex
1068 1556 1096 1612 in
1119 1555 1204 1614 rebus
1226 1554 1370 1628 humanis,
1397 1554 1551 1613 manifesta
1574 1556 1643 1630 qui-

294 1641 368 1715 dem,
392 1651 424 1700 ut
446 1659 504 1701 non
526 1645 618 1719 possit
641 1658 699 1701 non
723 1641 885 1717 offendere3
910 1659 946 1700 ex
967 1643 1115 1701 concinnis
1133 1649 1230 1702 tamen
1252 1650 1282 1701 ct
1297 1641 1457 1702 articulatis
1480 1641 1643 1701 intervallis

293 1730 427 1804 conflata,
451 1745 574 1805 quorum
596 1731 669 1791 haec
691 1735 736 1788 est
751 1738 864 1804 natura,
887 1737 920 1787 ut
935 1728 1066 1788 auditum
1082 1731 1111 1786 in
1125 1728 1223 1789 madia
1237 1727 1435 1789 discordantia
1450 1731 1642 1807 promissione

293 1833 479 1877 snccessurae
501 1819 601 1877 suavis
634 1816 804 1878 concordiae
827 1815 991 1877 demulceat
1021 1815 1210 1894 ejusdemque
1238 1818 1455 1896 exspectatione
1488 1825 1642 1876 sustentet.

294 1904 448 1964 Enimvero
480 1902 569 1981 digna
604 1912 666 1965 erat
693 1905 810 1964 homine
833 1903 998 1964 Christiano
1027 1906 1195 1982 persuasio,
1224 1904 1319 1966 Deum
1342 1921 1423 1978 esse,
1455 1906 1504 1980 qni
1528 1921 1643 1964 omnem

292 1991 448 2051 melodiam
473 1993 718 2051 vitaehumanae
747 1991 962 2066 moderaretur,
996 1990 1084 2067 digna
1107 1991 1306 2069 magnitudine
1328 1992 1384 2052 Dei
1407 1993 1556 2070 patientia,
1584 2008 1643 2050 non

294 2079 400 2139 offendi
422 2079 588 2155 prolixitate
611 2080 855 2139 dissonantfarum
877 2096 931 2139 nec
953 2096 1020 2157 spes
1043 2079 1184 2155 abjicere3
1207 2086 1397 2158 reputantem,
1420 2095 1479 2138 non
1494 2079 1551 2140 Dei
1573 2096 1644 2157 pro-

295 2165 456 2225 videntiam
479 2166 556 2227 lente
579 2185 675 2244 agere,
698 2164 751 2227 sed
773 2173 904 2226 nochum
924 2166 1107 2243 singulorum
1129 2168 1196 2227 aevi
1217 2168 1344 2246 spatium
1359 2166 1499 2228 velociter
1513 2168 1642 2226 avolare.

293 2254 431 2314 Docebat
455 2255 590 2330 equidem
604 2257 694 2315 sacris
710 2255 846 2333 oraculis,
869 2254 968 2313 omnia
983 2272 1002 2312 a
1015 2254 1079 2313 Deo
1103 2256 1189 2314 certis
1212 2262 1241 2315 et
1262 2255 1439 2315 salutaribus
1463 2255 1564 2314 usibus
1579 2272 1644 2315 esse

298 2340 451 2415 destinata,
476 2345 565 2401 etiam
588 2339 708 2402 diesoha
730 2344 796 2416 ista,
819 2341 859 2401 ad
881 2339 1084 2401 elucidandam
1107 2350 1136 2400 et
1152 2321 1643 2403 commendandanPtonsonantiae

293 2431 478 2490 suavitatem.
524 2430 581 2488 Cur
603 2439 702 2490 autern
724 2448 743 2489 a
765 2438 816 2488 tua
837 2430 1022 2507 potissimum
1043 2429 1143 2507 Harpe
1160 2427 1317 2497 Dauidica,
1336 2429 1400 2490 Rex
1414 2428 1538 2507 inclyte,
1561 2432 1643 2507 prin·

293 2518 400 2595 cipium
427 2515 547 2593 aliquod
578 2525 745 2595 exspectare
767 2519 975 2577 consonantiae
998 2517 1205 2577 restaurandae
1229 2515 1374 2579 desideria
1400 2534 1467 2576 mea
1488 2535 1535 2577 me
1553 2518 1644 2593 jube-

178 2627 181 2635 *
293 2612 371 2665 rente
402 2607 458 2665 etei
480 2622 538 2663 non
562 2613 607 2664 eet
629 2605 716 2681 hujus
738 2605 798 2664 loci
820 2605 912 2664 fusius
936 2604 1098 2683 explicare,
1123 2623 1159 2664 ne
1181 2603 1355 2683 pmdentum
1377 2607 1488 2664 monita
1510 2614 1643 2665 contem-

293 2709 360 2752 nere
387 2691 502 2765 videar,
525 2692 601 2752 hane
616 2699 712 2753 tamen
736 2700 798 2752 toto
822 2691 933 2773 dudum
954 2694 992 2752 ab
1016 2695 1085 2753 orba
1101 2693 1263 2751 confessam
1276 2703 1389 2770 partem
1412 2692 1524 2770 gloriae
1547 2709 1643 2752 rerum

293 2780 346 2839 abs
369 2778 411 2839 Te
434 2788 580 2856 geetamm
608 2783 751 2857 attingere
786 2795 872 2839 nemo
896 2778 1065 2855 prohibeat:
1097 2778 1178 2854 qnod
1200 2778 1326 2856 Anglfae
1356 2795 1479 2858 regnum
1506 2779 1644 2847 haeredi·

292 2872 353 2926 tate
377 2876 405 2927 et
428 2883 571 2927 consensu
593 2868 694 2944 populi
716 2866 848 2945 adeptus,
870 2867 953 2926 brevi
976 2865 1019 2925 illi
1042 2883 1193 2927 commune
1209 2883 1274 2926 cum
1289 2867 1391 2944 Regno
1406 2868 1532 2941 Scotiae,
1555 2866 1644 2945 Mag-

269 2976 271 2980 ·
294 2972 350 3013 nae
373 2954 542 3015 Britanniae
575 2973 679 3015 nomen
704 2954 825 3029 dedisti,
855 2970 892 3013 cx
913 2962 1038 3030 utraque
1060 2956 1226 3032 ‘provincia
1248 2954 1381 3040 Regnum
1403 2964 1432 3015 ct
1453 2953 1644 3015 Harmoniam

293 3059 383 3101 unam
406 3044 486 3119 (nam
510 3041 580 3130 quid
603 3042 686 3102 aliud
710 3050 755 3103 est
776 3043 928 3118 Regnum,
951 3059 1041 3124 quam
1062 3041 1237 3124 Harmonia)
1261 3044 1501 3118 contemperasti,
1530 3042 1643 3103 discor-

293 3128 370 3188 diam
393 3128 614 3189 haereditariam
636 3132 788 3189 nationum
809 3129 1068 3188 infensissimamm
1091 3129 1257 3189 felicissime
1270 3127 1442 3203 sustulisti,
1469 3130 1643 3189 ‘memoriam

293 3215 458 3277 crebramm
480 3224 510 3276 et
531 3219 795 3278 amentissimarum
817 3216 954 3289 cladium,
978 3218 1086 3294 quibus
1108 3234 1162 3278 ceu
1185 3218 1262 3277 notis
1284 3216 1459 3292 quibusdam
1482 3219 1571 3278 series
1594 3235 1644 3277 se·

294 3303 426 3364 culomm
454 3312 515 3365 erat
544 3307 738 3380 interstincta,
769 3304 884 3383 penitus
912 3306 1084 3364 exstinxisti.
1129 3303 1195 3364 Hoc
1223 3303 1415 3364 domesticum
1446 3312 1529 3364 tuum
1564 3322 1641 3384 opus

295 3408 380 3452 omen
402 3388 487 3474 (inter
510 3400 606 3454 cetera
628 3391 849 3472 ponderosiora)
878 3408 938 3451 non
964 3389 1083 3451 infidum
1111 3391 1182 3451 mihi
1205 3393 1352 3453 continere
1382 3391 1552 3471 videbatur,
1581 3394 1642 3452 fore

294 3486 329 3540 ut
351 3480 440 3541 etiam
461 3480 546 3554 foris,
575 3480 639 3540 Rex
660 3482 734 3540 inter
756 3478 868 3557 Reges,
897 3477 983 3538 Fidei
1004 3479 1148 3540 Defensor
1176 3481 1251 3558 inter
1274 3478 1380 3539 Christi
1400 3475 1520 3559 fideles,
1546 3480 1642 3557 majus

128 3520 130 3524 Α
177 3569 179 3573 ’
294 3565 415 3644 aliquod
438 3574 468 3627 et
488 3570 684 3646 praestantius
707 3569 854 3644 etiamque
877 3543 1038 3627 durabilius
1060 3584 1141 3646 ‚opus
1173 3566 1341 3645 perficeraer
1371 3565 1450 3643 quod
1473 3566 1591 3644 quidem
1614 3576 1643 3627 et

293 3656 467 3715 notismeis
490 3655 587 3715 tacitis
609 3663 639 3715 et
661 3656 839 3716 ominatione
869 3653 988 3732 publica
1008 3656 1039 3712 in
1061 3654 1136 3715 libro
1160 3652 1196 3715 dc
1218 3653 1311 3715 Stella
1332 3652 1429 3734 Nova,
1452 3671 1528 3731 quae
1550 3651 1643 3715 'veluti

294 3741 487 3803 carbunculus
516 3742 629 3802 arderet
652 3744 749 3821 (notus
772 3738 889 3802 Scotlae
911 3739 1092 3822 versiculus),
1120 3759 1184 3801 snm
1212 3750 1390 3820 prosecutus.
1415 3741 1539 3819 ‘Itaque
1561 3742 1644 3803 velut

284 3829 355 3907 ,Jem
376 3830 517 3904 confecto,
547 3829 627 3907 quod
655 3831 793 3910 optabam
821 3837 851 3890 et
872 3830 1054 3907 auguratur,
1084 3828 1258 3889 Harmostae
1287 3837 1348 3889 tam
1375 3828 1531 3906 laudabili,
1562 3848 1643 3890 meas

293 3915 453 3995 aliquando
476 3916 642 3979 Mandanes
664 3915 840 3979 Harmoniae
863 3919 993 3977 occinere
1016 3924 1097 3994 tanto
1119 3915 1228 3976 firmius
1250 3916 1321 3976 mihi
1342 3918 1552 3996 proponebam.

380 4004 582 4084 Vellemhic,
611 4005 821 4072 dusonautiam
843 4004 991 4082 publicem
1013 4003 1120 4064 vocum
1141 4004 1281 4063 trifmiam
1302 4004 1531 4083 obstrepentium
1552 4004 1642 4081 paulo

173 4110 176 4120 ·
292 4087 364 4154 mihi
386 4094 530 4153 mitiorem
552 4110 626 4168 esee,
650 4101 682 4153 ut
705 4092 799 4154 audiri
820 4091 939 4170 publice
961 4109 997 4152 ex
1018 4093 1107 4152 animi
1130 4094 1187 4172 mei
1209 4092 1354 4152 sententia
1377 4110 1508 4171 possem:
1532 4110 1592 4170 qua
1613 4096 1642 4152 in

293 4196 324 4242 re
343 4181 430 4244 'visus
450 4181 539 4252 ¹fucrit
559 4179 708 4259 adspirare
730 4183 808 4241 votis
830 4178 977 4239 eventus?
1005 4185 1087 4256 quae‘
1103 4178 1225 4239 vulnera
1247 4181 1364 4257 capitis,
1394 4181 1501 4256 quibus
1524 4180 1643 4241 harmo-

293 4268 350 4341 niis
372 4270 497 4343 tentata,
529 4285 628 4346 aquo
651 4267 784 4329 medicei
815 4274 845 4327 et
874 4273 906 4325 ut
933 4268 1022 4327 etiam
1047 4266 1126 4326 hunc
1155 4284 1210 4344 ego
1239 4267 1366 4327 inlibro
1390 4265 1644 4329 dexteteriore

292 4352 380 4431 longe
404 4362 493 4415 antea
514 4356 592 4416 vivis
615 4356 760 4417 coloribus
783 4352 986 4430 depinxerim?
1015 4352 1057 4413 At
1079 4347 1226 4432 quodnam
1250 4357 1303 4414 erit
1325 4357 1594 4435 operaepretium,
1617 4357 1643 4415 af

292 4440 475 4508 hamoniam
497 4443 635 4503 adeamus
659 4446 773 4523 privato
796 4442 919 4520 strepitu
941 4458 996 4502 nec
1017 4443 1134 4503 vincam
1149 4441 1279 4502 fremitus
1295 4441 1429 4521 publicos
1444 4441 1643 4504 imbecillitate

293 4528 417 4594 letemm
439 4538 469 4590 et
489 4531 638 4592 molestiae
659 4530 779 4592 absurdi
801 4536 958 4590 concentus
981 4532 1012 4589 in
1032 4532 1106 4590 meis
1129 4530 1248 4591 auribus
1269 4532 1388 4608 insuper
1410 4530 1559 4608 augeam?
1582 4530 1643 4592 Fa·

294 4616 413 4679 undum
436 4618 572 4695 equidem
595 4625 649 4693 est,
672 4615 747 4698 prob
769 4616 862 4697 dolor,
884 4616 1115 4679 tumere-adhuc
1135 4617 1242 4676 vulnus
1265 4616 1460 4693 decussatum,
1486 4627 1524 4677 an
1546 4617 1643 4678 malu-

291 4721 358 4774 mne
379 4708 530 4767 sacratiori
552 4705 733 4782 feliciorique
759 4704 921 4777 vocabulo,
950 4706 1131 4781 cruciforme,
1163 4712 1289 4784 tumere,
1323 4706 1461 4782 inquam,
1490 4704 1642 4784 multiplici

292 4785 393 4871 labro,
424 4801 454 4854 et
474 4793 557 4853 nullo
590 4792 707 4853 illorum
729 4794 919 4867 connivente,
949 4792 1123 4855 medicinam
1144 4791 1287 4854 hactenus
1308 4793 1419 4852 irritam
1449 4793 1643 4871 omnibusque

293 4881 426 4961 partibus
447 4882 577 4955 irrisam,
600 4888 754 4960 propterca
777 4879 856 4957 quod
878 4880 1024 4961 medicus,
1047 4888 1080 4941 ut
1101 4896 1190 4956 aegro
1208 4878 1304 4942 deliro
1327 4879 1515 4959 pharmacum
1536 4880 1643 4942 fallens

296 4969 418 5046 ingerat,
440 4966 534 5030 multa
554 4967 680 5042 simulet,
703 4967 797 5028 multa
811 4966 898 5042 dicat,
922 4986 998 5045 quae
1020 4985 1127 5028 asana
1140 4969 1252 5028 ratione
1267 4966 1423 5047 plurimum
1442 4968 1523 5032 abire
1538 4968 1644 5030 vidan-

293 5062 349 5120 tur·
392 5055 518 5117 Rectam
539 5063 637 5120 tamen
658 5056 715 5116 hac
737 5057 802 5135 ipsa
824 5058 1013 5136 cogitatione,
1035 5054 1115 5132 qued
1137 5071 1288 5133 supremus
1302 5055 1456 5117 numerum
1478 5063 1643 5117 nostrorum

293 5140 416 5204 (iurator
437 5145 508 5205 artis
530 5162 602 5206 auae
625 5151 721 5204 certus
743 5146 782 5202 eit
803 5146 1037 5221 necquicquam
1058 5143 1164 5202 frustra
1186 5143 1323 5222 applicet
1367 5144 1445 5221 ibgo
1469 5146 1519 5222 qui
1543 5161 1642 5205 curam

289 5231 352 5307 J'am
376 5238 421 5291 est
442 5248 615 5310 aggressus,
649 5233 698 5308 qui
723 5231 786 5307 jam
809 5229 975 5308 expediiit,
999 5230 1062 5306 jam
1092 5228 1200 5289 mundo
1228 5233 1400 5292 monstrarit
1429 5230 1643 5292 consolidantia

293 5320 359 5394 ista,
381 5321 497 5381 interim
518 5337 588 5380 vero
611 5336 662 5397 per
685 5320 866 5380 calamitates
888 5315 1024 5397 publicae
1046 5317 1232 5379 erodentibus
1254 5321 1352 5393 utitur,
1376 5318 1475 5395 quoad
1485 5309 1643 5381 consumta

293 5423 379 5468 carne
401 5408 518 5487 putrida
539 5414 569 5469 et
591 5405 669 5482 fera,
700 5407 850 5468 charitatis
879 5405 991 5466 scilieet
1013 5406 1174 5485 extinctae,
1204 5422 1307 5467 sensus
1338 5404 1445 5484 aliquis
1473 5405 1582 5468 doloris
1604 5406 1643 5468 ad

289 5495 379 5560 Jvlvae
402 5498 496 5556 carnis
517 5494 745 5572 profunditatem
768 5491 965 5555 descenderit:
997 5490 1074 5552 idem
1104 5492 1205 5571 procul
1234 5492 1323 5555 dubio
1350 5493 1525 5556 lenientibus
1552 5497 1642 5558 etiam

292 5588 390 5643 utetur
412 5583 502 5662 prope
531 5582 608 5643 diem
637 5581 675 5664 ad
698 5580 901 5661 deprimendos
925 5588 1067 5660 tumores,
1096 5588 1129 5641 ut
1157 5579 1407 5642 consolidantibus
1432 5581 1491 5642 illis
1514 5581 1643 5660 denique

292 5667 375 5733 lacus
405 5688 470 5733 esse
498 5673 594 5749 possit
628 5669 805 5756 tandemque
839 5667 1020 5731 dimanantia
1049 5667 1123 5730 haec
1152 5668 1289 5731 diuturna
1318 5667 1364 5753 (ut
1392 5669 1432 5742 ad
1460 5672 1643 5750 propositum
