3684 7259
247 1191 311 1249 232
661 1181 1183 1253 mecaenatis-bunnuaria

246 1362 652 1433 ammaon,
681 1360 995 1429 reacoelooriuuda,
1023 1360 1508 1441 sed’n‘l'erramjamdelapa.
1552 1365 1603 1427 Da

247 1470 315 1512 rere
337 1453 512 1513 cudentibus
535 1469 605 1511 rcro
626 1451 786 1509 harmoniis
807 1450 884 1508 libro
906 1449 945 1509 V.
967 1468 1004 1507 ex
1025 1450 1157 1526 profe-o
1177 1468 1311 1525 agemus
1356 1451 1506 1511 Breritu:
1540 1463 1603 1513 tar.

245 1538 899 1599 daibamommbbrotcniotnemr
927 1538 1338 1613 bominisaeuartisopns,
1366 1539 1601 1599 boehbroIV.

246 1637 332 1688 erut
353 1639 476 1687 naturae
499 1644 590 1704 opus,
612 1626 688 1685 libro
711 1626 837 1701 deniqne
858 1623 897 1681 Y.
920 1635 1005 1682 eruut
1025 1641 1101 1700 opus
1122 1624 1180 1681 Dei
1203 1624 1360 1684 Oratoris

332 1714 388 1774 111
410 1712 702 1791 Quantumjamad
724 1711 1047 1781 rationalemcausam,
1070 1711 1602 1785 quacharmoairssaumaeecua·

247 1801 342 1874 duat,
365 1802 520 1863 dnatneu
541 1801 681 1860 librorum
703 1802 951 1874 tertiictquarti
974 1798 1599 1873 ngcnerennflmreraaeuraltmia

246 1890 354 1966 mede,
400 1889 566 1949 induebant
588 1891 666 1947 enim
688 1888 763 1947 libro
785 1886 841 1945 111.
863 1887 1034 1944 harmonia
1063 1887 1177 1944 ratione
1206 1888 1252 1945 sai
1279 1888 1406 1962 subiecti
1435 1890 1601 1948 mantia

245 1975 407 2056 (sonorum)
433 1980 462 2034 in
491 1994 608 2048 sensns,
640 1976 856 2053 recipiebantur
887 1986 917 2031 et
947 1972 1183 2049 dijudicabatur
1214 1976 1329 2032 ratione
1363 1993 1436 2033 suae
1465 1977 1606 2039 formalis.

246 2066 403 2137 morbac
426 2081 486 2141 qua
507 2064 677 2122 barmoniae
698 2072 767 2122 nunt
788 2061 832 2136 (id
859 2073 904 2119 cst
926 2060 1154 2135 formabantur),
1176 2061 1215 2118 ab
1239 2064 1378 2120 matium
1410 2067 1501 2122 merci
1526 2082 1601 2123 con-

247 2160 355 2223 creato,
377 2153 498 2209 monis
521 2153 584 2209 siue
607 2150 739 2208 diswnn
762 2151 914 2225 participe
959 2148 997 2206 Et
1023 2147 1166 2206 mamas
1192 2147 1364 2207 harmoniae
1395 2152 1600 2211 tautummodo

247 2255 281 2297 se
303 2241 374 2315 ipsis
396 2238 666 2297 considerabuntur.
710 2235 825 2295 Deinde
856 2252 927 2294 sero
953 2252 1005 2311 per
1030 2234 1193 2306 occultum,
1223 2235 1277 2293 sed
1305 2237 1470 2296 coelem
1498 2247 1599 2299 tamen

247 2328 451 2385 mmmcrcium
473 2325 648 2384 facultatum
669 2327 785 2382 animae
808 2321 1086 2381 uansfuudebantur
1099 2320 1269 2382 barmoniae
1292 2326 1446 2383 introrsum
1461 2338 1601 2403 receptae

248 2416 277 2470 iu
300 2414 421 2473 edemus
449 2413 544 2472 cordis
574 2415 685 2483 sanos,
718 2430 770 2488 per
796 2409 940 2485 quasdam
971 2412 1017 2466 aui
1043 2409 1248 2467 similitudines
1278 2428 1331 2469 sen
1354 2414 1468 2487 lconca3
1498 2423 1599 2473 trans-

246 2500 443 2560 fuudcbantnr
463 2511 493 2559 ct
516 2503 544 2555 in
567 2499 785 2570 locomotiram,
810 2507 841 2555 nt
862 2496 952 2555 homo
974 2507 1146 2573 conceptam
1162 2500 1260 2556 auimo
1275 2501 1403 2574 speciem
1425 2500 1599 2561 barmoniae

245 2604 306 2647 uon
329 2575 409 2647 voce'
425 2597 538 2647 tautum
559 2579 748 2662 exprimeret,
779 2586 831 2643 scd
860 2587 949 2643 etiam
978 2593 1059 2642 motu
1083 2587 1212 2661 corporis
1243 2588 1413 2645 imitaretur.
1458 2589 1506 2646 lta
1528 2589 1600 2647 har·

246 2678 363 2735 neniae
387 2679 466 2735 vices
489 2675 614 2749 alieuius
636 2690 745 2733 causac
765 2673 926 2730 subierunt.

331 2762 470 2822 Similiter
497 2772 527 2821 et
555 2761 751 2819 bieaniman
778 2777 943 2836 supponere
969 2775 1089 2818 omme
1119 2768 1182 2831 cst,
1219 2762 1266 2817 cui
1299 2760 1367 2819 iude
1400 2779 1419 2819 a
1449 2765 1599 2823 umbone

244 2867 340 2909 rerum
362 2853 401 2909 sit
424 2852 591 2908 instinctum
619 2849 675 2906 hoe
705 2850 925 2924 proportionum
955 2846 1186 2905 immonicarum
1209 2870 1355 2925 sumpius
1384 2858 1413 2907 ct
1435 2867 1513 2925 quae
1543 2869 1600 2908 an·

245 2936 347 3014 gnum
369 2938 492 2997 duorum
523 2936 698 2994 radiantium
725 2934 867 3005 siderum,
898 2933 1162 3009 quomodocunque
1192 2936 1267 2993 iutro
1295 2944 1445 3012 receptum
1468 2933 1539 3018 (scu
1570 2938 1600 2996 id

244 3024 297 3083 bat
319 3023 421 3101 aliqua
444 3042 474 3083 re
495 3040 634 3082 sensum
657 3022 796 3098 analoga,
820 3023 885 3080 sire
905 3039 978 3080 suae
1000 3023 1161 3093 madae,
1185 3038 1245 3096 qua
1266 3026 1366 3081 anima
1387 3034 1442 3095 est,
1463 3027 1600 3101 proprie·

245 3119 321 3184 tate3
352 3111 388 3170 dc
411 3129 470 3186 quo
493 3121 523 3170 et
547 3111 656 3169 dictum
678 3111 775 3185 capite
797 3107 982 3185 praecedenti
1014 3117 1043 3166 et
1064 3108 1196 3167 dicentur
1227 3111 1256 3165 in
1279 3112 1471 3186 sequentibus
1493 3110 1597 3194 plura)

244 3216 344 3259 tecum
367 3201 431 3275 ipsa
454 3199 598 3264 aestimet,
621 3196 659 3255 ad
682 3207 808 3272 quatuor
829 3203 925 3255 rectos
946 3205 1108 3270 comparet,
1132 3195 1334 3256 harmonicum
1355 3218 1373 3257 a
1395 3216 1454 3257 nou
1476 3200 1601 3259 barmo-

245 3288 311 3345 nlco
333 3284 484 3362 diiudicet,
507 3296 537 3344 et
558 3288 601 3344 sic
622 3285 793 3344 hannoniae
815 3300 901 3342 suum
922 3300 982 3342 me
1005 3282 1201 3342 intellectuale
1224 3285 1369 3359 conciliet,
1393 3285 1475 3361 quod
1495 3289 1601 3365 anguli

244 3373 276 3432 hi
298 3373 368 3433 loris
391 3364 476 3433 extra
495 3374 601 3432 mentis
623 3372 724 3430 limina
746 3369 877 3429 nondum
898 3370 1057 3429 habebant

331 3459 444 3535 Quodsi
474 3468 646 3537 quaeratur,
679 3457 844 3534 eujusmodi
873 3456 947 3516 haec
977 3461 1075 3517 anima
1101 3459 1155 3527 sit,
1186 3457 1307 3543 ubirel
1339 3461 1451 3535 inquo
1474 3478 1597 3538 corpore

246 3545 412 3620 collocetur,
436 3546 608 3626 respondeo,
633 3548 756 3623 primum
779 3544 853 3604 tales
875 3562 940 3603 csse
963 3548 1092 3604 omnium
1114 3544 1264 3603 hominum
1280 3550 1403 3604 animus.
1446 3548 1599 3608 Sedlibro

246 3636 332 3695 lertio
355 3645 418 3694 erat
440 3635 581 3709 facultas,
605 3651 681 3709 quae
704 3640 821 3711 praeest
842 3632 956 3690 auditui
986 3640 1016 3692 et
1036 3635 1080 3692 sie
1101 3632 1249 3705 sensibus,
1279 3632 1326 3692 hie
1349 3650 1406 3692 non
1429 3645 1474 3695 eat
1497 3639 1597 3695 aeusi-

247 3723 309 3780 tira
331 3722 464 3781 facultas.
510 3720 596 3782 Oculi
619 3723 705 3792 enim,
729 3738 851 3797 qnorum
875 3719 1023 3794 objectum
1045 3731 1114 3779 sunt
1135 3717 1186 3778 lnr
1209 3730 1239 3779 et
1260 3720 1333 3778 radii
1357 3721 1459 3795 lucidi,
1483 3723 1599 3783 nullum

247 3808 358 3867 faciunt
386 3808 522 3869 idoneum
554 3808 691 3867 indicium
722 3808 908 3866 harmonicae
937 3807 1107 3866 radiationis
1135 3807 1270 3866 binorum
1300 3807 1492 3884 planetarum.
1537 3812 1601 3872 Nee

247 3904 292 3955 est
313 3898 518 3955 ratiocinativa
539 3895 678 3970 facultas3
707 3897 760 3954 etsi
784 3897 861 3954 enim
883 3910 918 3952 ex
943 3895 1198 3955 observationibus
1221 3898 1424 3955 astronomicis
1451 3914 1503 3974 per
1526 3915 1601 3957 oeu-

246 3981 292 4042 los
314 3982 551 4042 administrandis
573 3985 647 4043 ratio
671 3985 784 4042 invenit
804 3992 834 4041 et
857 3990 1024 4057 computat,
1057 3986 1106 4058 qni
1129 3984 1235 4059 quovis
1258 3990 1388 4060 tempore
1414 3987 1473 4043 sint
1494 4003 1601 4062 aspec-

246 4076 303 4143 tos,
327 4070 357 4128 id
379 4079 476 4131 tamen
499 4088 558 4131 non
580 4072 642 4147 agit
668 4069 852 4141 naturaliter,
876 4071 986 4145 quippe
1008 4086 1066 4129 non
1089 4070 1168 4147 apud
1191 4086 1291 4129 omues
1314 4073 1479 4147 promiscue
1501 4072 1601 4131 bomi-

247 4175 309 4231 nes,
332 4156 384 4217 sed
406 4157 580 4233 voluntarie,
602 4157 682 4235 apud
705 4174 815 4236 paucos
838 4159 1035 4217 astronomiae
1063 4156 1248 4234 singulariter
1279 4158 1403 4218 deditos.
1449 4159 1507 4219 Sed
1531 4168 1601 4219 sunt

247 4248 363 4305 animae
394 4246 540 4304 hnmanae
569 4246 733 4321 subjectum
763 4245 979 4303 harmoniarum
1011 4245 1127 4304 illarum
1153 4248 1278 4320 primum
1305 4250 1417 4305 ratione
1445 4249 1601 4308 instinctus

247 4332 405 4406 naturalis,
436 4334 466 4389 in
490 4341 631 4408 quantum
661 4336 774 4392 animae
804 4343 873 4391 sunt
897 4331 1075 4408 exemplaria
1102 4336 1256 4404 creatoris,
1287 4343 1318 4391 nt
1341 4334 1449 4393 dietum
1479 4353 1545 4411 cap.
1569 4340 1600 4410 4,

248 4419 378 4480 secundo
402 4423 514 4480 ratione
537 4419 720 4493 facultatum,
752 4419 850 4479 vitalis
873 4429 902 4479 et
926 4420 1068 4479 naturalis
1091 4418 1280 4497 motuumque
1306 4421 1437 4482 vitalium
1459 4431 1488 4480 et
1511 4431 1601 4482 natu·

247 4506 362 4579 talium,
385 4525 438 4568 seu
461 4507 616 4568 Platonico
640 4525 719 4566 more
742 4508 979 4584 concupiscibllis
1002 4517 1031 4566 et
1053 4508 1207 4567 irascibilis
1229 4510 1373 4584 partium3
1396 4510 1508 4568 ratione
1530 4513 1601 4586 qui-

248 4594 314 4655 dem
338 4593 432 4668 lilius,
464 4596 492 4652 fn
526 4602 678 4672 qnantum,
713 4597 865 4660 armoniae
892 4603 974 4669 snut,
1008 4598 1121 4657 ratione
1152 4613 1222 4655 reto
1246 4595 1361 4669 irarum,
1396 4599 1424 4654 in
1456 4605 1600 4672 quantum

251 4684 365 4761 speeies
387 4682 601 4742 harmoniarum
672 4681 678 4694 “
724 4681 833 4743 ¹untur
863 4685 891 4739 in
920 4684 973 4742 bas
1003 4683 1158 4743 facultates
1188 4684 1318 4759 fiuntque
1348 4701 1454 4743 causae
1478 4701 1600 4762 opernm

247 4777 379 4842 naturae,
404 4778 464 4829 lum
487 4770 516 4827 in
540 4771 637 4829 animo
661 4765 749 4846 Μ
772 4774 801 4829 in
825 4787 953 4848 corpore,
977 4771 1155 4846 impnltriees
1180 4782 1209 4830 et
1231 4771 1447 4831 stimulatrices.
1483 4772 1600 4834 Deinde

248 4859 406 4935 praecipua
429 4858 536 4929 anima,
561 4859 588 4929 in
613 4851 710 4933 qnam
724 4857 780 4918 hae
802 4857 997 4916 radiationum
1020 4858 1188 4918 harmoniae
1210 4859 1343 4932 influunt,
1367 4867 1412 4918 est
1433 4858 1485 4918 illa
1500 4858 1600 4936 philo-

248 4943 349 5021 sophis
372 4943 450 5005 dieta
472 4953 576 5003 natura
598 4944 778 5019 sublunaris,
812 4963 862 5023 per
884 4952 979 5002 totum
1001 4945 1142 5019 Telluris,
1171 4946 1307 5004 alumnae
1329 4938 1461 5019 nostrae,
1492 4964 1600 5025 eorpus

251 5029 358 5091 dlffusa
370 5033 470 5108 ,inque
491 5031 555 5106 ejus
579 5031 679 5108 aliqua
701 5040 780 5092 certa
802 5040 884 5109 parte
907 5048 965 5090 non
981 5031 1073 5105 aliter,
1097 5052 1184 5109 qnam
1199 5036 1296 5091 anima
1312 5034 1439 5093 hnmana
1455 5035 1485 5091 in
1501 5035 1599 5107 eorde,

250 5116 393 5193 radicata,
423 5136 458 5179 er
481 5136 540 5195 qno
564 5136 617 5178 eeu
640 5119 720 5193 foco,
751 5120 831 5179 fonte
864 5116 911 5178 vel
938 5120 1079 5195 penetrali
1110 5140 1162 5198 per
1184 5123 1311 5197 speeiem
1333 5124 1378 5180 sni
1405 5123 1466 5181 exit
1488 5123 1517 5179 in
1540 5126 1600 5182 cir·

251 5206 414 5269 cumfusum
437 5204 535 5266 'l'erris
550 5223 691 5265 oceanum
708 5213 737 5266 et
751 5205 935 5284 superfusum
951 5209 1080 5283 utrisque
1096 5213 1200 5268 a'e'renr.
1248 5206 1501 5283 Quemadmodum
1517 5228 1598 5285 vero,

250 5294 300 5371 qni
323 5293 439 5357 melodo
462 5296 593 5353 suaviter
614 5296 728 5353 canenti
751 5292 912 5366 auscultat,
944 5295 969 5351 is
996 5293 1111 5355 laetitia
1139 5297 1254 5367 frontis,
1284 5314 1372 5370 voce,
1403 5296 1509 5372 plausu
1534 5317 1600 5357 ma·

249 5397 339 5440 nuum
361 5382 515 5460 pedumve,
539 5380 577 5440 ad
600 5379 744 5441 melodiae
766 5398 930 5441 mensnram
953 5390 1161 5460 attemperate,
1185 5390 1316 5456 testatur,
1344 5401 1375 5443 se
1397 5384 1477 5460 qnod
1500 5396 1544 5445 est
1567 5389 1598 5445 in

249 5465 377 5530 melodia
407 5468 606 5528 harmonicum
636 5471 783 5545 percipere
813 5478 842 5529 et
873 5470 1051 5547 approbare,
1091 5488 1147 5528 non
1178 5470 1262 5530 aliter
1299 5479 1402 5530 natura
1432 5471 1598 5534 sublunaris

249 5558 443 5618 commotione
465 5555 571 5631 insigni
600 5564 629 5616 el
652 5555 781 5617 evidenti
811 5559 954 5617 viscerum
977 5557 1119 5631 Telluris,
1148 5556 1186 5616 ad
1217 5558 1284 5617 illos
1314 5560 1496 5636 potissimum
1525 5560 1597 5635 dies,

250 5641 356 5723 qulbus
379 5645 506 5704 errantia
526 5642 622 5703 sidera
650 5641 739 5705 radiis
762 5645 824 5707 suis
845 5644 1014 5705 harmonice
1036 5645 1251 5722 configurantur
1278 5648 1308 5704 in
1331 5646 1443 5720 Terris,
1472 5654 1598 5707 testatur
