3684 7259
662 1217 745 1276 liber
761 1218 811 1278 ΙΙΙ.
828 1218 968 1291 Digretsh
985 1218 1103 1291 politica.
1497 1227 1558 1289 199

211 1403 389 1479 geometrica
411 1400 560 1478 proportio
584 1402 622 1459 sit
644 1400 732 1458 etiam
755 1397 939 1473 harmonica,
952 1406 995 1457 ἰιι
1021 1401 1055 1472 1,
1080 1404 1113 1473 2,
1139 1402 1173 1476 4,
1206 1404 1282 1460 sicut
1304 1401 1353 1461 bio
1375 1400 1559 1462 commodum

212 1500 272 1564 εει,
302 1497 334 1547 ιιι
357 1506 494 1566 procerus
517 1488 635 1564 longam
657 1493 771 1546 restem
792 1484 918 1558 habeat,
946 1487 1089 1546 interdum
1114 1504 1182 1546 vcro
1205 1488 1388 1549 arithmetica
1408 1492 1557 1567 proportio

211 1585 256 1637 est
279 1575 368 1636 etiam
389 1578 565 1649 harmonica,
589 1577 666 1647 ιιι2,
691 1575 720 1647 3,
743 1574 778 1644 4,
800 1574 878 1634 sicut
899 1573 948 1633 hie
963 1575 1146 1634 commodum
1161 1583 1213 1648 est,
1236 1584 1269 1635 ut
1284 1593 1437 1655 possessor
1452 1576 1558 1654 longae

210 1667 300 1724 vestis
320 1663 450 1741 pumilus
472 1666 597 1722 retincat
619 1660 736 1738 quidem
759 1676 852 1734 suum,
875 1660 958 1721 scd
951 1679 979 1718 ιιι
994 1664 1149 1738 pecuniam
1171 1672 1392 1744 commutatum,
1412 1677 1473 1741 qua
1494 1680 1560 1765 ree·

211 1756 268 1811 tius
291 1755 334 1809 uti
356 1760 469 1828 potest,
494 1768 582 1828 quam
604 1748 751 1826 superfluo
773 1749 874 1808 restis.

298 1839 355 1900 111.
379 1839 452 1898 Cum
475 1837 656 1942 gubernandi
679 1838 807 1895 rationes
830 1852 931 1895 omnes
954 1835 1106 1912 complexa
1128 1839 1167 1896 sit
1185 1838 1314 1913 justitia,
1339 1855 1375 1898 ex
1398 1837 1558 1899 Aristotele

211 1925 319 2001 allegat
341 1934 438 2002 partes
461 1927 524 2002 ejus
548 1925 638 1999 duas,
661 1924 931 1984 commutativam
922 1923 1151 2001 inaequalitate
1175 1925 1358 1986 arithmetica
1382 1934 1557 2001 versantem,

211 2014 424 2073 distributivam
446 2016 474 2071 iu
497 2012 687 2073 similitudine
708 2012 897 2088 geometrica,
927 2012 989 2086 ipse
1014 2013 1128 2070 tertiam
1150 2013 1276 2090 speciem
1296 2013 1430 2094 justitiae
1452 2012 1558 2073 suadet

210 2120 246 2161 ex
268 2111 392 2178 utraque
421 2103 548 2178 priorum
572 2100 741 2170 conflatam,
770 2114 846 2174 quae
878 2105 907 2158 et
929 2115 1023 2157 rerum
1047 2099 1279 2175 coplam‘eertis
1301 2102 1434 2178 personis
1462 2100 1558 2160 viliori

211 2191 304 2266 pretio
328 2188 413 2248 rendi
438 2188 501 2250 vult
524 2206 611 2264 quam
635 2187 738 2245 ceteris
769 2193 798 2243 et
819 2202 877 2244 uon
901 2202 1018 2261 semper
1038 2187 1152 2263 magnis
1175 2203 1281 2263 magna
1310 2184 1442 2247 distribui
1466 2195 1495 2248 et
1517 2190 1560 2248 sle

212 2286 365 2351 utrumque
388 2293 479 2352 genus
505 2276 578 2351 justi
602 2273 704 2333 violari
734 2271 963 2348 quadamtenus,
995 2274 1020 2331 sl
1044 2272 1123 2333 salus
1146 2276 1358 2335 universorum
1376 2274 1409 2332 id
1430 2273 1560 2376 postplet

212 2371 263 2423 aut
286 2366 311 2421 si
335 2363 517 2423 commodum
541 2362 608 2421 inde
630 2360 780 2464 publicum
803 2369 942 2437 emergat.
987 2360 1052 2420 Non
1082 2362 1155 2428 bene
1179 2363 1319 2422 conflatur
1351 2346 1512 2439 proportio‘
1522 2379 1558 2423 ex

213 2451 366 2527 speciebus
391 2451 504 2510 duabus
527 2450 602 2523 aliis,
625 2452 649 2509 si
673 2456 824 2523 utramque
847 2449 979 2523 peremit
1023 2448 1076 2508 Est
1098 2452 1187 2526 igitur
1208 2448 1367 2528 applicatio
1389 2449 1464 2510 haec
1486 2450 1559 2510 meis
1620 2508 1624 2516 ,

213 2538 419 2598 medietatibus
442 2539 617 2598 harmonicis
640 2537 743 2613 aptior.
789 2532 859 2594 Ut
851 2552 879 2592 ιιι
902 2537 1030 2594 numeris
1053 2538 1088 2610 2,
1119 2539 1154 2611 3,
1185 2540 1202 2595 5
1231 2555 1285 2597 nec
1307 2537 1490 2597 arithmetica
1512 2545 1558 2598 est

213 2638 383 2685 excessuum
399 2627 571 2702 aequalitas,
595 2641 649 2683 nec
666 2624 844 2700 geometrica
859 2624 1035 2699 progressio,
1052 2632 1207 2684 esttamen
1224 2627 1364 2685 intereos
1377 2624 1557 2684 harmonica
1667 2660 1672 2670 ·

298 2712 393 2771 Huc
387 2732 415 2770 ιι
439 2714 495 2773 line
519 2714 583 2773 libri
615 2716 718 2787 politas
742 2709 957 2783 accommodat,
989 2711 1039 2785 qui
1062 2710 1212 2772 Themidis
1235 2708 1328 2794 (quae
1348 2712 1464 2789 justitia
1496 2707 1558 2800 est)

213 2809 270 2860 tres
292 2800 405 2876 fingunt
419 2798 541 2860 filias
512 2814 653 2873 coropitae,
677 2797 836 2870 interseras,
860 2796 984 2876 es'pqsqr.
1012 2796 1102 2874 leges,
1125 2800 1314 2876 aequitatem,
1336 2815 1448 2877 pacem,
1473 2802 1558 2896 quasi

213 2890 299 2945 trium
322 2890 541 2965 proportionum
566 2885 721 2957 tutelares,
745 2884 961 2956 arithmeticae,
984 2888 1194 2961 geometricae,
1217 2885 1413 2947 harmonicae.

301 2974 354 3032 1V
380 2975 473 3051 Leges
490 2976 709 3045 connubiorum,
732 2972 919 3048 praecipuum
936 2973 1065 3031 civitatis
1082 2974 1238 3043 vinculum,
1261 2973 1441 3034 luculentum
1458 2956 1558 3054 aiem-

216 3061 297 3136 plum
323 3064 542 3120 subministrant
565 3064 651 3119 trium
674 3061 902 3136 proportionum.
948 3058 980 3117 Si
1002 3061 1114 3135 patricii
1139 3064 1275 3138 patricias
1298 3060 1403 3122 ducere
1429 3041 1558 3139 iubean-

214 3161 275 3221 tur,
299 3149 407 3225 plebeji
430 3149 580 3229 plebeias,
604 3149 779 3223 geometrica
802 3145 962 3206 similitudo
985 3153 1037 3205 est.
1083 3146 1167 3206 Sin
1154 3165 1204 3224 Jus
1228 3148 1371 3223 omnibus,
1395 3151 1560 3230 promiscue
1625 3207 1627 3212 ,

213 3237 360 3296 connubia
383 3238 429 3296 rel
453 3244 531 3296 sorte
555 3252 693 3312 quaerere
716 3232 764 3293 rel
786 3234 894 3309 forma,
918 3233 1033 3311 opibus,
1058 3235 1173 3311 virtute,
1196 3238 1259 3295 sine
1281 3237 1394 3312 generis
1417 3239 1560 3313 respectu,
1665 3271 1673 3299 .-
1723 3285 1727 3292 .

214 3324 387 3384 contendere
418 3332 558 3402 quantum
589 3323 702 3400 possis,
731 3338 785 3380 nec
813 3320 874 3379 ulla
907 3320 1036 3380 conditio
1062 3325 1171 3394 vetita,
1204 3322 1278 3382 haec
1309 3325 1363 3381 erit
1396 3322 1559 3401 aequalitas

214 3412 404 3471 arithmetica.
450 3412 558 3471 Verum
581 3412 621 3468 ibi
645 3411 753 3467 civium
776 3409 865 3466 animi
889 3407 1068 3468 divelluntur
1090 3404 1119 3466 ιιι
1138 3410 1289 3483 lectiones,
1313 3409 1361 3468 hic
1376 3409 1561 3472 contundie-

215 3506 260 3556 ιιι
284 3499 414 3571 ordines,
439 3508 592 3574 utrumque
614 3499 809 3575 perniciosum
832 3495 1020 3571 reipublicae.
1067 3495 1177 3556 Suadet
1199 3498 1289 3574 igitur
1303 3495 1443 3574 Bodinus,
1467 3499 1560 3576 patri-

215 3588 266 3644 ciis
289 3588 469 3645 tenuioribus
493 3585 637 3646 interdum
658 3586 824 3661 permittere
847 3585 994 3644 connubia
1015 3581 1134 3659 plebeja
1157 3581 1311 3660 opulenta,
1333 3583 1458 3662 plebejls
1482 3584 1561 3646 diri·

216 3673 291 3731 tibus
314 3675 452 3750 patricias
475 3676 585 3749 inopes.
631 3671 698 3735 Hoc
726 3674 801 3729 enirn
826 3672 941 3746 utrique
965 3670 1057 3730 ordini
1088 3670 1289 3745 commodum,
1320 3671 1470 3740 nobilibus
1493 3673 1561 3749 qtil·

216 3760 288 3831 dem,
312 3768 345 3819 ut
367 3764 444 3819 aucti
469 3762 575 3836 opibus
598 3768 734 3825 tueantur
756 3757 852 3817 locum
874 3775 962 3833 quem
985 3758 1126 3831 obtinent,
1150 3766 1180 3818 ct
1200 3758 1325 3819 feminae
1340 3758 1429 3835 hujus
1451 3761 1561 3821 ordinis

215 3850 400 3921 maritentur3
430 3847 508 3924 plebi
533 3864 619 3919 vero,
651 3856 683 3904 ut
709 3844 854 3923 patefacto
886 3844 924 3903 ad
948 3845 1072 3905 bonores
1101 3840 1183 3906 aditu
1214 3848 1314 3905 virtuti
1339 3845 1409 3906 dent
1431 3841 1559 3926 operam,

217 3934 341 4010 denique
363 3938 432 4010 reip.
456 3938 526 4013 ipsi,
551 3942 583 3993 ut
606 3932 721 3993 ordines
744 3941 845 3990 mutua
867 3948 932 3992 sese
955 3931 1098 3992 charitate
1121 3932 1359 4009 complectantur.
1462 3931 1474 3940 '

301 4022 426 4081 Rursum
457 4023 504 4081 bic
533 4023 654 4097 peremit
683 4021 888 4096 geometricam
915 4017 1096 4096 analogiam,
1135 4029 1167 4078 ut
1194 4018 1393 4080 harmonicam
1423 4018 1558 4100 elilcer'et,

218 4126 310 4184 neque
335 4120 429 4168 tamen
460 4127 525 4168 eam
548 4108 585 4168 ad
608 4126 720 4167 meram
739 4106 948 4183 aequalitatem
974 4105 1173 4166 arithmeticae
1197 4109 1407 4186 progressionis
1436 4105 1559 4183 redegit.
1645 4122 1649 4133 ·

219 4194 257 4255 Ut
279 4198 304 4255 ει
332 4200 360 4265 1,
384 4199 413 4269 3,
438 4198 465 4268 9,
489 4198 675 4272 geometrica,
698 4194 863 4273 perimatur,
892 4192 1002 4269 fiatque
1028 4197 1054 4266 l,
1079 4196 1107 4263 3,
1126 4196 1156 4273 3,
1184 4204 1325 4271 quantum
1348 4193 1395 4253 bic
1416 4210 1560 4256 recessum
1620 4264 1623 4272 ¹
1721 4197 1731 4204 ’

220 4292 263 4341 εει
285 4283 323 4343 ab
352 4288 376 4356 1,
402 4286 431 4357 3,
456 4286 484 4356 9,
508 4292 620 4343 tantum
643 4282 703 4341 lllic
726 4282 897 4354 derogatura
911 4282 1052 4358 patriciis,
1077 4288 1106 4341 et
1120 4290 1261 4359 quantum
1277 4282 1306 4340 iu
1325 4283 1353 4358 ι,
1378 4282 1405 4353 3,
1431 4282 1460 4353 3,
1484 4277 1560 4358 qbo'·

218 4387 280 4429 rum
305 4387 441 4432 excessus
464 4373 499 4443 2,
532 4367 655 4453 5(cum
677 4371 757 4447 prius
785 4376 883 4428 essent
912 4373 947 4441 2,
977 4365 1028 4449 6),
1060 4362 1235 4429 accessimus
1265 4369 1302 4428 ad
1328 4369 1561 4446 progressionem

219 4458 428 4518 arithmeticam
457 4462 488 4527 1,
520 4460 554 4533 3,
586 4453 714 4539 5(qnia
737 4455 840 4514 borum
870 4471 1007 4514 excessus
1031 4458 1067 4527 2,
1099 4459 1117 4514 2
1147 4452 1321 4539 aequales),
1352 4461 1466 4524 tantum
1497 4451 1558 4515 ulte

219 4544 317 4603 datum
340 4546 433 4627 plebi,
457 4555 489 4603 ut
511 4548 539 4602 in
563 4547 689 4603 numeris
711 4542 830 4620 quidem
853 4541 1058 4602 concordantia
1080 4547 1303 4605 constitueretur
1324 4545 1454 4617 interl,
1478 4541 1506 4617 3,
1531 4539 1559 4617 3,

219 4635 245 4688 in
269 4650 329 4710 rep
355 4650 425 4691 vero
448 4631 653 4691 concordantia
682 4632 757 4689 inter
777 4630 917 4707 patricios
945 4637 975 4688 et
1000 4628 1130 4706 plebem,
1159 4638 1295 4691 manente
1317 4636 1415 4690 tamen
1438 4584 1560 4692 ‹hsttnc-
1671 4682 1673 4686 ,

218 4720 294 4777 ιιοιιε
319 4719 461 4778 ordinum.
507 4719 589 4778 Haec
611 4719 859 4790 commutatiol,
888 4717 1021 4791 9inl,
1052 4718 1070 4774 8
1101 4726 1232 4778 occurret
1254 4716 1328 4777 libro
1351 4715 1389 4775 V.
1419 4718 1507 4777 etiam
1529 4718 1560 4775 in

217 4807 466 4970 cosloppspne'pm
496 4900 540 4952 est
562 4891 745 4951 arithmetica
766 4890 965 4968 aequalitas
957 4907 986 4948 tn
1009 4892 1184 4970 symposils,
1214 4892 1239 4948 si
1266 4889 1430 4969 promiscue
1460 4885 1561 4951 οιιιιιεέ
1642 4881 1646 4886 ’

217 4982 405 5050 accumbant,
432 4979 513 5038 nulla
534 4996 638 5050 sexus,
670 4979 858 5053 conditionis,
887 4980 993 5039 aetatis
1016 4977 1118 5038 habita
1140 4978 1267 5052 ratione3
1298 4975 1410 5037 insulsa
1431 4978 1561 5037 atatam

216 5087 293 5127 mera
323 5068 482 5127 similitudo
511 5068 697 5144 geometrica.
742 5066 817 5126 Nam
845 5068 871 5125 si
900 5066 978 5125 docti
1013 5074 1129 5127 tantum
1158 5064 1251 5123 doctis
1279 5064 1456 5143 iungantur,
1488 5055 1561 5141 qaid

216 5155 372 5258 proderunt
395 5154 557 5231 imperitis?
579 5156 604 5212 si
626 5145 763 5213 laminae
774 5154 845 5213 solis
867 5153 991 5225 leminis,
1016 5171 1092 5231 quac
1115 5149 1275 5228 voluptas?
1307 5153 1332 5212 sl
1355 5151 1475 5212 clamosi
1497 5147 1560 5213 eit:

216 5245 322 5317 mosis,
352 5244 434 5326 quis
439 5251 541 5301 auctor
563 5243 599 5300 iis
620 5239 820 5300 modestiae?
853 5240 892 5298 at
914 5241 940 5298 sl
962 5257 1058 5316 neque
1082 5242 1199 5299 caecam
1222 5239 1431 5316 aequalitatem
1453 5237 1560 5316 admlt7
1619 5270 1620 5274 =
1688 5289 1691 5298 ,

217 5338 276 5393 tas
305 5348 401 5406 neque
423 5346 568 5387 morosam
590 5327 824 5400 similitudinem,
854 5325 907 5385 sed
929 5330 1053 5386 misceas
1076 5334 1245 5402 utramque,
1275 5325 1388 5387 modies
1410 5326 1509 5387 umen
1529 5337 1561 5387 et

217 5429 280 5475 oum
300 5418 411 5493 judicio
435 5417 565 5488 rationis,
588 5415 737 5493 proportio
760 5414 814 5473 erit
836 5411 1012 5472 harmonica
1057 5411 1173 5473 liliicies
1196 5416 1288 5487 enim,
1311 5422 1345 5473 ut
1364 5430 1451 5475 senes
1469 5391 1560 5502 jure-

221 5522 303 5577 num,
333 5507 389 5562 viri
412 5505 582 5563 laminarum
613 5508 733 5579 aspectu
761 5498 927 5577 gaudeant,
954 5499 1079 5575 juvenes
1109 5495 1265 5578 prudentia
1286 5517 1403 5575 senum,
1434 5495 1559 5570 feminae

224 5594 350 5652 riromm
373 5594 546 5651 auctoritate
568 5596 712 5666 regantur,
735 5590 852 5651 tebicos
874 5586 978 5648 urbani
1001 5589 1126 5648 excitent
1146 5590 1334 5666 vicissimque
1354 5596 1383 5649 et
1396 5595 1559 5665 tueantur,
