3684 7259
593 1190 733 1262 suumn
747 1167 860 1266 ιιιιιιι
878 1194 913 1251 ιι
930 1145 1307 1267 summasunmna.

814 1463 866 1523 Ad
888 1464 1009 1543 Caput
1030 1463 1084 1525 IV.

352 1602 492 1710 διιιιιιι
507 1613 703 1685 generaliorem
721 1614 787 1669 facit
804 1616 875 1671 banc
893 1618 1096 1685 quaestionem,
1122 1616 1166 1671 cui
1191 1615 1316 1707 equidem
1341 1614 1447 1669 insideo
1470 1613 1505 1669 de
1523 1611 1624 1687 tradito

271 1694 406 1769 principio
419 1693 622 1764 mensurarum,
640 1701 671 1749 ut
689 1694 755 1748 mihi
773 1694 881 1749 ridetur
898 1695 1079 1765 pulcherrimo
1099 1700 1127 1749 et
1149 1694 1320 1751 securissimo
1340 1699 1368 1747 et
1385 1692 1504 1748 omnium
1519 1683 1625 1762 ternpo-

270 1791 342 1830 rnm.
377 1763 536 1867 Nath‘jidem
554 1790 605 1843 ego
620 1775 679 1843 jam
696 1779 754 1828 tum
770 1767 921 1829 meditabar
938 1774 1060 1844 trudere,
1087 1790 1149 1829 cum
1174 1773 1290 1843 primum
1311 1774 1397 1828 verba
1420 1771 1479 1827 deri
1502 1772 1624 1882 audirem

274 1855 309 1912 de
328 1855 380 1910 bac
397 1853 520 1910 maaria

341 1934 462 1988 Primum
481 1932 505 1987 si
522 1933 604 1987 uncia
619 1931 706 1988 variat
722 1947 773 2002 per
790 1931 881 2001 ahqua
893 1930 963 2000 loca
980 1931 1094 1988 variabit
1112 1938 1140 1987 et
1152 1931 1210 2001 ejus
1224 1930 1366 2000 drachma,
1386 1946 1420 1988 se
1434 1930 1524 2002 ipsum
1541 1916 1625 2000 igitur

270 2011 426 2081 redargnit;
454 2010 552 2066 deinde
583 2026 711 2064 mensura
727 2026 812 2079 parra
830 2015 880 2078 est,
900 2011 978 2079 cnjus
996 2004 1219 2080 multiplicatione
1237 2011 1323 2067 multa
1335 2009 1513 2096 ιοιιιιιιιιι
1527 2012 1624 2103 possit,

270 2098 303 2146 nt
320 2090 434 2145 notabili
453 2090 544 2159 aliquo
563 2088 732 2145 differremus
751 2103 768 2141 a
785 2087 952 2157 ponderibus
970 2094 1105 2157 setarum,
1131 2090 1223 2157 itaque
1241 2090 1367 2172 gloriptio
1482 2088 1624 2152 interiret

268 2170 369 2235 ltaque
395 2169 487 2241 placet
504 2170 569 2224 mibi
587 2185 648 2223 cum
667 2168 764 2231 ceteris
769 2183 866 2240 super
884 2167 937 2220 hoc
955 2166 1088 2221 consultis
1099 2131 1243 2237 dubitare,
1270 2184 1287 2223 a
1459 2157 1625 2242 pgitudinis

270 2266 308 2305 an
327 2265 344 2303 a
361 2250 457 2304 cubica
475 2262 618 2302 mensurae
637 2235 798 2317 capiendum
817 2248 853 2301 sit
871 2246 996 2300 initium?
1031 2246 1127 2302 Placet
1145 2246 1225 2300 etiam
1237 2212 1421 2316 respondere
1426 2262 1487 2318 οιιιι
1506 2245 1624 2317 Sterino,

269 2328 345 2397 quod
363 2327 399 2381 sit
416 2326 451 2379 ab
470 2326 517 2379 illa
535 2324 726 2394 incipiendum,
746 2342 800 2381 non
820 2326 854 2379 ab
873 2324 932 2378 bac.
968 2325 1058 2393 Atque
1083 2324 1135 2379 boc
1162 2324 1274 2415 quidem
1302 2325 1336 2379 ob
1362 2325 1550 2418 simpliciorem
1577 2340 1625 2380 na·
1722 2353 1723 2356 ι

268 2414 359 2462 turam
378 2406 461 2475 longi,
481 2422 562 2475 quam
580 2405 671 2472 solidi;
701 2405 782 2459 rectis
801 2405 901 2473 quippe
920 2409 1001 2459 ortus
1016 2404 1158 2473 tribuitur,
1187 2404 1275 2458 curvis
1298 2407 1481 2473 perpetuitas:
1508 2404 1624 2475 primurn

240 2489 242 2495 ’
269 2501 336 2540 vero
354 2485 535 2539 rudimentum
554 2499 685 2554 geneseos
704 2482 825 2537 influxu
845 2485 954 2552 puncti,
980 2484 1053 2539 unde
1070 2483 1154 2553 linea;
1180 2483 1250 2538 alter
1269 2482 1369 2552 gradm
1387 2484 1414 2536 in
1432 2482 1509 2537 fluxu
1527 2483 1624 2551 ιιιοιι,

271 2564 344 2619 unde
363 2563 497 2632 quadrata
509 2562 683 2632 superficiem
702 2563 799 2618 tertius
812 2563 929 2633 denique
942 2564 970 2618 in
983 2564 1058 2619 fluxu
1072 2564 1225 2634 superficiei
1238 2562 1396 2633 quadratae,
1415 2562 1487 2619 unde
1499 2561 1624 2632 solidum,
1734 2565 1738 2607 ἴ

269 2659 299 2698 ιι.
319 2644 414 2701 cubos.
1518 2659 1523 2673 ι

303 2754 308 2762 ·
357 2723 488 2789 Agnoscit
506 2723 559 2792 hoc
579 2730 606 2776 et
625 2722 780 2778 Schonerus
799 2720 960 2788 quaestione
979 2722 1087 2789 quinta:
1106 2720 1155 2775 sed
1172 2720 1285 2795 facessit
1302 2720 1326 2775 ei
1344 2721 1483 2792 negotium
1498 2718 1623 2775 accidens

236 2831 240 2838 -
269 2798 370 2853 hocin
387 2816 519 2869 processu
538 2800 717 2867 inculcatum,
742 2800 816 2867 qnod
838 2800 898 2855 sola
916 2801 1039 2869 pondera
1057 2801 1205 2855 manserint
1222 2801 1383 2857 constantia.
1420 2802 1479 2869 Ego
1506 2813 1570 2855 rero
1596 2805 1624 2853 et

268 2876 324 2932 hoc
340 2878 368 2933 in
381 2878 492 2933 dubium
511 2879 600 2934 vocari
617 2879 694 2932 rideo
707 2893 725 2932 a
737 2879 863 2933 Mariana
874 2880 1006 2948 Hispano,
1026 2880 1072 2947 qui
1086 2880 1119 2933 de
1131 2879 1296 2949 ponderibus
1309 2880 1495 2953 recentissime
1505 2878 1623 2949 scripsit,

268 2964 298 3013 et
311 2956 423 3024 ,iamiam
437 2958 491 3012 hoc
508 2965 620 3011 acturus
639 2973 707 3024 sum,
727 2964 757 3009 ut
774 2966 936 3026 perpetuam
954 2959 1133 3013 constantiam
1152 2960 1180 3013 in
1199 2975 1341 3015 mensuras
1354 2957 1529 3034 longitudinis
1541 2958 1624 3012 intro·

270 3036 376 3090 ducam.
410 3036 584 3090 Potissimum
611 3038 682 3089 enim
709 3041 897 3104 argumentum
924 3053 973 3106 pro
1001 3038 1102 3105 longo
1130 3037 1254 3105 eligendo
1281 3043 1324 3092 est
1350 3037 1495 3092 aSterino
1522 3036 1624 3092 dictum

267 3111 390 3183 mihique
407 3123 599 3185 praereptum,
617 3114 771 3169 milliarium
790 3115 824 3169 ad
842 3116 989 3171 maximum
1016 3115 1147 3170 circulum
1169 3116 1243 3184 globi
1266 3116 1384 3172 Telluris
1403 3116 1620 3185 accommodatio,

270 3202 299 3249 et
317 3194 417 3264 pedum
436 3195 464 3248 in
481 3193 590 3247 milliari
608 3203 699 3248 certus
717 3210 861 3262 numerus,
888 3194 1020 3263 pedisque
1038 3209 1093 3248 non
1110 3194 1192 3263 plane
1210 3195 1459 3251 inconstantissima
1476 3188 1622 3265 quantitas.

270 3277 370 3343 ltaque
388 3274 441 3327 boc
459 3289 602 3328 mensurae
621 3288 706 3340 genus
724 3274 812 3341 possit
829 3290 891 3330 esse
908 3282 1078 3343 perpetuum.

359 3351 412 3407 Sed
432 3352 574 3421 explicabo
594 3353 789 3421 cogitationum
808 3370 928 3408 mearum
947 3354 1044 3407 seriem
1062 3354 1202 3423 integram
1238 3353 1307 3409 Nam
1331 3353 1455 3409 Sterinus
1482 3368 1623 3410 mensurus
1700 3376 1705 3396 ι

267 3432 415 3509 Terrarum
434 3432 527 3487 orbem
546 3430 579 3486 ad
599 3433 792 3485 astronomiam
811 3432 930 3502 ablegat,
958 3432 1031 3501 qnod
1048 3445 1161 3486 necesse
1179 3447 1234 3486 non
1252 3439 1303 3488 est.
1339 3432 1398 3501 Ego
1425 3447 1535 3489 mensus
1560 3449 1622 3487 sum

268 3521 334 3565 ante
352 3505 438 3564 annos
458 3518 582 3577 quatuor,
603 3510 679 3564 coelo
698 3527 753 3565 non
771 3512 903 3581 inspecto,
923 3520 951 3567 et
967 3514 1147 3566 instrumento
1170 3510 1320 3581 certissimo
1346 3509 1467 3604 quidem,
1491 3509 1539 3566 ιιι
1558 3529 1623 3568 con·

268 3589 345 3643 temti
372 3590 460 3657 pretii.
496 3590 529 3643 In
548 3592 657 3658 regione
675 3591 744 3647 bene
763 3592 845 3660 plana
863 3606 913 3646 nec
936 3591 1028 3646 multis
1052 3588 1191 3644 huminum
1216 3590 1383 3645 anfractibus
1406 3590 1535 3660 impedita
1554 3592 1623 3648 duos

267 3667 340 3735 eligo
359 3676 456 3735 turres,
478 3672 508 3723 ιι
527 3670 590 3724 circ
611 3670 699 3724 Germ
718 3670 878 3724 milliaribus
898 3670 1039 3725 distantes.
1069 3670 1129 3723 Hoc
1146 3668 1290 3723 intervallo
1314 3683 1380 3724 sane
1398 3676 1541 3746 utramque
1560 3670 1621 3727 alti·

267 3748 390 3803 tudinem
413 3749 462 3803 120
479 3762 578 3816 passus
597 3764 728 3817 superare
747 3765 859 3804 necesse
877 3756 933 3804 est:
962 3764 996 3801 ex
1016 3764 1070 3817 quo
1088 3747 1111 3801 ιι
1131 3747 1299 3815 impossibile
1316 3748 1428 3808 ridetur.
1446 3753 1622 3821 proportione

269 3836 401 3897 spectata,
421 3827 448 3880 id
467 3827 540 3896 quod
559 3827 617 3883 fieri
636 3835 735 3897 potest,
754 3829 919 3884 resumetur.
956 3828 1078 3895 Utraque
1096 3841 1131 3882 ex
1149 3826 1291 3882 altitudine
1317 3835 1492 3896 conspectum
1510 3828 1622 3886 alterius

269 3909 420 3973 rnocturnis
438 3908 547 3999 ignibus
566 3909 699 3977 adjutum,
719 3911 743 3963 ιι
760 3922 872 3963 necesse
890 3912 946 3973 ιιι)
938 3907 1007 3962 lad
1027 3906 1145 3964 libellam
1164 3906 1393 3961 accuratissimam
1411 3908 1542 3961 examino.
1578 3910 1622 3963 In·

266 3988 385 4042 notescit
403 3988 474 4042 enim
492 4003 527 4042 ex
545 3989 747 4057 comparatione
775 4004 830 4042 non
856 3993 963 4041 tantum
988 3985 1105 4055 angulus
1123 3983 1159 4036 ad
1176 3989 1298 4038 centrum
1318 3984 1456 4050 Telluris,
1475 3999 1523 4040 seu
1541 4002 1622 4044 ιιοιιι

267 4059 437 4135 interceptae
462 4067 628 4137 superficiei,
660 4069 708 4123 aed
727 4069 807 4123 etiam
828 4066 968 4119 discessus
985 4064 1127 4134 utriusque
1146 4061 1216 4131 signi
1234 4076 1251 4115 a
1268 4069 1363 4116 centro
1380 4025 1522 4117 Telluris
1514 4081 1541 4119 sn
1558 4082 1621 4135 pro·
1698 4132 1704 4140 ἱ

267 4146 396 4236 portione
412 4160 453 4213 ea,
471 4162 527 4214 qua
545 4146 663 4215 spatium
681 4144 883 4215 complanatum
901 4143 972 4197 inter
996 4152 1140 4210 utramque
1158 4140 1328 4196 altitudinem
1346 4141 1435 4196 metiri
1433 4158 1567 4214 possum
1581 4144 1624 4200 rei

267 4225 353 4291 virga,
371 4222 414 4277 vel
433 4221 563 4291 funiculo,
587 4222 632 4276 rel
650 4237 814 4291 quacunque
832 4222 946 4276 ratione.
984 4222 1080 4290 Itaque
1105 4220 1306 4291 comparatione
1332 4220 1405 4275 iacta
1431 4235 1510 4276 arcus
1528 4222 1624 4279 circuli

257 4299 432 4357 ιιιιιιιιιιι
449 4300 584 4356 intervalli
603 4301 799 4368 longitudinem
813 4302 894 4369 uirga
911 4301 1094 4371 descriptam:
1114 4298 1249 4369 quidquid
1264 4300 1289 4352 ι’
1308 4314 1357 4353 seu
1378 4299 1582 4370 ¹lm⁰competit
1594 4300 1623 4355 id

268 4381 297 4436 in
313 4382 381 4437 1000
393 4378 529 4434 dividatur
541 4389 643 4449 partes,
661 4379 776 4448 qnaruin
795 4378 934 4447 quaelibet
951 4395 1049 4472 passos
1067 4379 1403 4460 geometricus‘correctns
1421 4384 1489 4432 esto.
1525 4378 1623 4435 Hicin

244 4459 407 4516 ,bdirisus
435 4460 583 4513 constituet
608 4458 707 4528 pedem
734 4468 893 4512 correctum.
923 4455 1015 4513 liic
1007 4476 1036 4514 ιι
1064 4459 1102 4513 12
1123 4457 1207 4512 abibit
1230 4453 1365 4510 correctos
1390 4455 1497 4524 digitos.
1536 4457 1626 4511 Porro

269 4531 416 4607 digitorum
428 4538 463 4592 32
477 4553 526 4593 seu
539 4538 624 4621 pedes
641 4540 694 4605 2¹l2
712 4538 826 4592 dabunt
833 4533 985 4592 correctam
1004 4535 1105 4591 ulnam.
1142 4536 1221 4591 Unda
1239 4534 1434 4592 derivabuntur
1452 4543 1479 4590 et
1492 4536 1624 4605 quadrata

267 4617 371 4672 usitata
388 4624 416 4670 et
433 4617 524 4685 uirgae
543 4615 668 4684 agrorum
688 4633 828 4671 mensores
846 4617 873 4670 in
891 4618 1012 4671 numeria
1029 4615 1165 4685 pulchris,
1192 4614 1226 4670 ds
1243 4614 1342 4684 qulbus
1359 4613 1479 4717 nondum
1498 4615 1621 4672 omnibus

230 4749 233 4758 ,
269 4696 435 4764 deliberavi3
456 4704 585 4751 careatur
602 4701 694 4750 autem
713 4698 802 4751 omnis
821 4696 904 4750 nimia
922 4695 1076 4751 insolentia.

358 4774 454 4828 Hinc
443 4790 500 4841 Jam
520 4791 681 4844 progressus
701 4777 736 4831 ad
755 4778 854 4831 cubum
872 4775 981 4845 pedis
969 4792 1026 4844 Jam
1050 4774 1207 4844 constituti,
1235 4774 1285 4846 qui
1303 4773 1326 4827 si
1351 4780 1482 4842 capturus
1500 4781 1542 4828 est
1559 4788 1622 4828 can·

233 4887 236 4893 ,
267 4857 365 4911 tharos
383 4854 400 4909 8
418 4851 483 4919 lere,
511 4855 698 4921 quacunque'
689 4871 718 4908 sn
736 4855 846 4921 regione
866 4862 960 4907 tantae
979 4852 1136 4921 quantitatis
1155 4818 1303 4908 cantharus
1320 4854 1347 4907 in
1366 4868 1418 4908 usu
1445 4854 1496 4920 sit,
1521 4854 1545 4908 is
1563 4868 1622 4909 cor·

267 4942 360 5012 ructus
373 4939 433 4986 esto
446 4932 601 4999 cantharus,
622 4933 667 5000 qui
680 4941 780 5001 aequat
792 4932 915 5002 praeciso
927 4940 1050 4986 octavam
1063 4932 1134 4987 cubi.
1169 4932 1293 5001 Denique
1310 4933 1427 5003 spatium
1440 4932 1510 4988 cubo
1523 4945 1622 5002 aeque·

268 5007 364 5083 capax
383 5010 529 5078 impleatur
554 5027 620 5066 auro
638 5027 708 5103 puro
726 5017 774 5065 aut
792 5010 903 5078 plumbo
923 5017 971 5064 aut
988 5018 1100 5078 argento
1123 5010 1183 5067 rivo
1206 5018 1255 5065 aut
1277 5011 1397 5066 fontana
1391 5004 1623 5239 νξιιιιιιιιιιι

268 5100 362 5169 autem
381 5090 494 5144 seorsim
512 5090 589 5158 libra,
609 5092 687 5158 cnjus
704 5089 833 5145 drachma
846 5088 881 5143 sit
897 5088 1026 5157 ponderis
1039 5089 1151 5159 antiqui,
1170 5090 1357 5160 receptissimi,
1377 5105 1413 5159 qu
1521 5088 1622 5145 ethodo

1519 5184 1544 5223 ιι
1555 5183 1622 5237 pon·

269 5248 323 5302 dua
334 5234 493 5317 hujusmodi
511 5250 641 5304 librarum
748 5249 782 5305 90
800 5264 829 5301 ιι
846 5247 916 5301 cubo
935 5246 1073 5300 fontana
1064 5261 1155 5301 messe
1173 5245 1318 5315 ridebitur,
1333 5243 1428 5302 libra
1419 5257 1535 5316 ipsaque
1553 5245 1622 5304 adeo

264 5322 401 5387 drachma
417 5328 525 5383 tantulo
543 5334 663 5383 mutatur
696 5325 889 5397 otproportio
901 5324 937 5378 sit
954 5324 1076 5392 praecise
1093 5323 1280 5394 nonagecupls
1298 5324 1439 5395 sextuplo,
1461 5323 1622 5395 praesertim

269 5407 294 5462 si
313 5407 428 5466 mutatio
447 5406 544 5462 intusa
588 5407 645 5463 tin
663 5401 866 5462 nnddrachm
882 5404 1056 5460 insensibilis
1092 5403 1220 5459 Similiter
1237 5401 1308 5457 siad
1326 5402 1405 5458 ιιιιιιι
1423 5403 1541 5471 aliquam
1559 5416 1622 5472 pro·

268 5485 424 5556 ιοιιιοιιιι
436 5484 519 5554 pulch
627 5484 715 5539 ιιοιιι
730 5485 839 5553 pondus
857 5483 920 5540 cubi
933 5484 1074 5551 fontanae,
1093 5484 1167 5539 utud
1178 5482 1370 5538 centenarium
1407 5482 1510 5551 Quodsi
1522 5481 1620 5550 melina

268 5565 362 5621 omnia
378 5565 579 5656 processorin
623 5564 724 5619 tributo
744 5565 875 5636 matio
901 5564 1159 5633 in1250passus,
1186 5576 1275 5631 neque
1301 5559 1632 5656 hocpraetermittatun'

268 5644 334 5703 tlon
351 5635 454 5715 dobi'to,
472 5644 537 5713 quin
555 5659 612 5699 rem
629 5635 701 5700 affin
717 5627 899 5707 titfflntibns
916 5643 1012 5735 omnia
1024 5642 1060 5699 ad
1076 5649 1170 5698 sotum
1186 5639 1242 5697 sint
1258 5654 1364 5741 casura

270 5187 322 5228 seu
328 5184 477 5246 progressu
486 5169 808 5399 aequationis'hma·
810 5166 957 5222 honorifice
969 5167 1100 5223 habetur:
1120 5175 1149 5228 at
1165 5168 1307 5237 explorata
1318 5185 1405 5239 propo
