3684 7259
817 2011 882 2090 ro.
907 2009 1114 2088 mnrium

592 2173 897 2288 llldtlltlt
933 2173 1085 2289 illut
1119 2172 1267 2333 lilllt
1301 2175 1333 2287 l.

291 2379 341 2453 De
368 2380 572 2467 Figuratum
587 2378 830 2467 Regularium,
859 2397 951 2470 quae
979 2351 1219 2469 proportiones
1241 2380 1460 2452 harmonicas
1483 2348 1639 2469 pariunt,

388 2500 1548 2590 mm‚cbmmm‚ommeetmmmmffiacmmammmmeet

808 2623 1121 2696 ‹mmmmnmmms

513 2786 654 2844 Procius
673 2786 869 2843 Diadochus
886 2786 969 2843 turo
987 2786 1008 2842 t
1028 2787 1174 2845 Commeat.
1193 2786 1222 2844 in
1239 2788 1260 2843 1.
1279 2787 1410 2844 Euclidis.
1446 2779 1449 2784 ’

290 2891 379 2971 Προςι
396 2896 428 2951 da
449 2912 501 2969 vqs
521 2911 642 2969 qumsqs
664 2894 792 2968 θεωριαν
815 2883 848 2971 (ἡ
870 2884 1074 2971 paulorum)
1097 2912 1135 2951 τα
1156 2888 1273 2972 noyento
1295 2890 1508 2967 duplicitatem,
1531 2910 1584 2966 την
1605 2909 1638 2948 ts

289 3001 348 3041 vos
370 2981 460 3057 doymo
481 2973 617 3051 εὐταξιιιν
639 2974 851 3060 ἀναφαινονσα,
875 2972 942 3039 καθ’
967 2972 1002 3055 ἡν
1023 2981 1260 3057 dadqsetovpyqscr
1274 2998 1308 3040 vo
1328 2999 1388 3040 nar
1411 3023 1417 3036 .
1441 3021 1449 3037 .
1473 3020 1481 3035 .
1505 3018 1513 3034 .
1538 2999 1586 3037 και
1600 2997 1638 3036 τα

289 3060 371 3136 daia
394 3088 441 3127 και
463 3087 635 3145 npmsovpyc
665 3086 803 3144 στοιχεια,
833 3087 880 3125 και
902 3086 994 3145 uanp
1016 3087 1051 3143 sq
1072 3085 1231 3145 σνμμετριᾳ
1261 3087 1309 3127 και
1328 3087 1364 3146 τῃ
1385 3062 1493 3142 ioosqu
1522 3085 1639 3142 συνεχο-

289 3176 361 3231 μηα
384 3150 518 3228 dadano,
549 3148 582 3214 δι’
607 3147 649 3215 ὧν
676 3176 724 3214 και
752 3147 769 3215 ὁ
798 3174 856 3221 nce
877 3148 1003 3230 οὐρανος
1032 3150 1204 3230 ἐτελειωθη,
1235 3172 1366 3233 σχηματα
1395 3175 1433 3214 τα
1460 3171 1640 3231 apocqaona

635 3262 710 3302 κατα
730 3261 783 3310 τας
804 3236 910 3303 ἑαυτου
930 3244 1050 3320 μεριόας
1070 3233 1291 3315 ὑποδεξαμυος.

587 3394 661 3456 Cum
690 3395 725 3467 S,
752 3395 785 3456 G.
814 3394 857 3457 dd.
886 3395 1046 3475 Privilagio
1077 3395 1115 3458 ad
1146 3414 1238 3457 annos
1267 3394 1338 3458 XV.

464 3550 565 3600 Lmen
583 3552 755 3604 susumus.
791 3551 937 3602 Excudabst
953 3552 1081 3604 Jobsnnss
1098 3550 1219 3615 Plancus,
1236 3565 1303 3602 anno
1319 3549 1461 3603 undam.

859 3779 1066 3791 *-

799 3960 1117 4046 tuttudltll.

327 4177 335 4195 ·
379 4142 453 4203 Cum
476 4160 495 4202 a
517 4140 710 4202 divisionibus
734 4140 833 4201 circuli
856 4143 885 4200 in
909 4149 1005 4220 partes
1028 4137 1174 4221 aliquotas
1196 4140 1349 4217 aequales,
1373 4157 1449 4216 quaa
1471 4137 1545 4198 fiunt
1564 4155 1640 4217 geo·

290 4230 407 4289 metrice
430 4236 460 4289 at
481 4229 646 4303 scientifice,
669 4228 726 4288 boc
747 4236 792 4287 est
814 4246 833 4288 a
854 4228 954 4306 liguris
978 4228 1072 4307 planis
1088 4228 1269 4306 regularibus
1285 4226 1560 4290 demonstrabilibus
1580 4229 1640 4288 sint

291 4317 378 4376 nobis
400 4316 543 4395 petendae
566 4334 672 4377 musae
695 4317 914 4394 proportionum
937 4316 1181 4375 harmonicorum:
1211 4313 1283 4376 illud
1310 4318 1392 4375 initio
1415 4313 1639 4391 significandum

291 4403 376 4479 duxi,
407 4404 583 4464 differentias
606 4422 700 4463 rerum
722 4405 962 4480 geometricorum
984 4403 1140 4478 menmles,
1163 4403 1267 4484 bodie,
1297 4401 1438 4479 quantum
1459 4410 1581 4480 apparet
1603 4419 1639 4461 ex

289 4491 371 4551 libris
393 4491 494 4565 editis,
518 4496 546 4550 in
570 4491 697 4550 solidum
719 4493 855 4566 ignorari.
901 4490 1044 4569 Adeoque
1066 4509 1102 4553 ne
1126 4510 1162 4552 ex
1184 4491 1332 4551 veteribus
1355 4488 1489 4567 quidem,
1513 4488 1640 4566 quibas

251 4634 255 4643 ,
290 4578 441 4657 specificas
463 4596 558 4639 rerum
580 4580 820 4656 geometricorum
844 4577 1019 4639 differentias
1047 4597 1079 4639 se
1102 4586 1203 4639 exacte
1227 4581 1400 4655 cognovisse
1422 4576 1639 4654 significaverit,

289 4673 405 4744 praeter
427 4666 577 4726 Euclidem
599 4667 722 4745 ejusque
745 4674 1002 4727 commentatorem
1024 4666 1169 4740 Proclum,
1196 4668 1351 4742 quisquam
1374 4666 1509 4726 ocasrrit.
1538 4661 1639 4744 -Pappi

289 4753 408 4831 quidem
430 4752 622 4814 Alexandrini
643 4764 843 4833 veterumque,
866 4772 941 4830 quos
964 4755 1014 4815 illa
1029 4754 1168 4830 sequitur,
1193 4753 1357 4812 distributio
1374 4751 1588 4831 problematum
1609 4754 1639 4810 in

288 4840 385 4920 plana,
407 4840 503 4902 solida
525 4848 555 4901 et
575 4841 705 4915 linearia,
728 4844 799 4900 satis
823 4850 867 4900 est
881 4847 1017 4919 apposita
1031 4841 1068 4901 ad
1084 4841 1200 4900 habitus
1215 4842 1329 4914 mentis,
1353 4843 1430 4900 circa
1444 4855 1639 4916 unamquam-

289 4946 347 5006 que
362 4929 488 5006 subjecti
501 4930 669 5006 geometrici
685 4937 796 5007 partem
812 4930 945 5003 orientes,
964 4927 1168 5006 explicandos:
1185 4926 1342 4988 illatamen
1357 4937 1387 4988 et
1400 4928 1497 4987 brevis
1513 4937 1558 4987 est
1569 4943 1639 4988 var·

288 5016 335 5077 bis
358 5024 387 5076 at
409 5017 446 5076 ad
469 5018 571 5095 praxim
594 5016 759 5095 applicata3
783 5015 819 5075 de
835 5016 947 5076 theoria
962 5016 1043 5075 nulla
1057 5015 1089 5073 fit
1103 5017 1228 5076 mentio:
1252 5024 1282 5075 et
1304 5032 1374 5075 vero
1391 5017 1447 5074 nisi
1463 5021 1526 5074 tota
1540 5021 1638 5076 mente

288 5106 319 5163 in
341 5105 454 5163 dreoris
476 5104 564 5180 hujus
586 5106 628 5164 rai
652 5120 840 5181 occupemur,
863 5121 1014 5180 nunquam
1035 5106 1153 5180 assequi
1174 5104 1333 5179 poterimus
1347 5105 1474 5162 rationes
1489 5101 1639 5162 barmoni-

292 5209 355 5253 cas.
400 5192 523 5251 Procius
539 5191 710 5252 Diadocbus
734 5191 815 5249 libris
837 5200 964 5268 quatuor
986 5192 1016 5249 in
1044 5192 1167 5268 primum
1183 5189 1314 5250 Euclidis
1331 5189 1416 5252 editis
1431 5188 1639 5268 philosophum

288 5276 480 5339 tbebreticum
506 5282 535 5337 in
565 5279 770 5339 mathematico
800 5279 933 5354 subJecto
966 5294 1001 5337 ex
1031 5279 1161 5355 professo
1191 5280 1267 5354 agit:
1298 5279 1348 5355 qni
1377 5278 1403 5337 si
1430 5280 1638 5338 commentaria

287 5384 343 5427 sua
364 5369 395 5425 in
417 5365 561 5427 decimum
584 5367 672 5426 etiam
694 5365 800 5424 librum
822 5364 952 5425 Euclidis
974 5366 1060 5425 nobis
1082 5364 1264 5444 reliquisset,
1286 5374 1315 5424 at
1336 5371 1451 5425 naeuos
1473 5356 1638 5442 geometras

286 5456 403 5515 inscitia
424 5454 578 5515 liberasset
599 5469 657 5514 non
680 5454 839 5529 neglectus,
862 5460 892 5513 et
913 5469 960 5511 me
981 5451 1082 5513 labore
1104 5452 1161 5513 boc
1182 5450 1348 5530 explicandi
1370 5469 1466 5536 rarum
1479 5454 1638 5530 geometri·

288 5559 387 5603 carum
415 5541 591 5603 differentias
620 5542 649 5598 in
672 5540 798 5600 solidum
819 5539 1013 5600 sublevasset.
1058 5540 1137 5600 Satis
1160 5541 1237 5600 euim
1257 5540 1300 5598 illi
1324 5542 1442 5615 cognita
1462 5540 1552 5601 tuisse
1575 5539 1638 5599 dis·

260 5626 262 5630 ⁴
288 5632 408 5692 cumina
430 5633 488 5691 ista
509 5631 619 5691 antium
641 5629 826 5701 mentalium,
854 5645 891 5689 ex
912 5629 977 5706 ipso
1002 5628 1120 5688 exordio
1141 5628 1227 5689 facila
1249 5636 1384 5707 apparet,
1408 5629 1639 5709 comprincipia
