3684 7259
264 1188 327 1292 lob
678 1226 721 1281 De
739 1226 1004 1296 Coufiguratiouibus
1022 1223 1200 1282 Harmonicis.
1380 1222 1386 1251 ¹

261 1405 451 1466 mulationem
474 1411 627 1463 exsereret.
672 1404 780 1463 Totum
809 1406 864 1463 hoe
893 1408 1063 1483 negotium,
1095 1408 1232 1481 inquam,
1263 1404 1359 1464 simile
1387 1411 1432 1463 est
1460 1405 1621 1468 memorias

261 1493 438 1552 anirnalium.
483 1490 559 1575 Nam
582 1492 708 1552 bominis
731 1492 822 1552 semel
846 1493 902 1550 visi
926 1497 1054 1569 speciem
1077 1496 1174 1552 animo
1198 1495 1406 1569 circumgesto,
1435 1509 1490 1551 nec
1522 1500 1621 1556 tamen

261 1599 327 1641 euru
348 1589 532 1657 praesentem
554 1596 668 1657 semper
702 1579 798 1643 habeo
821 1582 1067 1657 cogitationibus;
1101 1590 1132 1640 at
1162 1582 1213 1640 ubi
1243 1598 1356 1639 rursum
1378 1583 1546 1658 apparuerit
1570 1577 1621 1641 ille

260 1677 311 1727 aut
332 1667 436 1728 similis
459 1667 582 1742 aliquis,
614 1667 661 1724 hie
679 1667 743 1742 jam
768 1668 804 1726 de
827 1685 906 1727 noro
930 1669 1043 1728 elicitur
1065 1675 1095 1727 et
1117 1671 1146 1725 in
1170 1668 1238 1727 actu
1261 1668 1411 1745 cogitandi
1435 1669 1621 1736 constituitur

259 1759 373 1834 species
396 1756 447 1813 ilia
470 1757 592 1833 pristina
615 1772 665 1831 per
686 1757 941 1816 reminiscentiam.
972 1756 1035 1815 Etsi
1057 1757 1183 1815 nobilior
1206 1747 1235 1813 in
1257 1756 1314 1815 hoc
1338 1764 1381 1815 est
1405 1755 1532 1814 hominis
1554 1771 1620 1814 me·

259 1847 366 1916 moria,
397 1843 477 1919 quod
501 1845 541 1901 rei
565 1850 743 1903 memoratae
767 1860 824 1900 non
850 1852 964 1902 tantum
986 1845 1025 1903 ab
1049 1861 1171 1904 oecumu
1193 1844 1339 1904 forinseco
1362 1842 1536 1928 admoneor,
1567 1839 1620 1902 sed

260 1934 348 1990 etiam
372 1948 418 1990 me
441 1933 535 2006 ipsum
558 1934 675 2005 quoties
699 1931 766 1990 volo
790 1930 952 1991 admoneo:
977 1934 1047 2007 quia
1070 1934 1205 1991 nimirum
1221 1929 1398 1990 discurrendi
1414 1931 1538 1989 facultas
1561 1929 1620 1989 ad·

259 2028 303 2078 est
326 2019 453 2090 homini,
483 2035 560 2093 quae
583 2018 666 2076 deest
688 2018 757 2077 lruio
780 2021 906 2078 animae.
954 2018 1062 2078 Verum
1085 2020 1188 2079 haeo'
1180 2037 1210 2077 ιιι
1233 2018 1479 2095 contemplatione
1502 2019 1619 2078 animae

258 2106 405 2166 humanae
429 2114 512 2164 eruut
534 2105 725 2164 evidentiore.

343 2193 429 2252 Nunc
451 2208 511 2251 una
533 2192 698 2264 difficultas,
723 2206 813 2268 supra
835 2195 924 2251 etiam
947 2200 1044 2266 ιιιοιιι,
1069 2193 1121 2253 sed
1144 2193 1257 2268 leviter,
1280 2202 1325 2252 est
1350 2123 1556 2266 dissolvenda,
1581 2190 1617 2272 du

258 2280 345 2339 modo
368 2289 398 2340 et
419 2270 524 2338 mediis
545 2283 732 2356 receptionis.
780 2280 855 2338 Nam
885 2279 965 2355 quod
996 2299 1050 2339 nos
1081 2282 1214 2341 homines
1245 2279 1393 2340 sensilium
1422 2281 1536 2357 species
1570 2282 1617 2337 in-

258 2379 382 2427 trorsum
405 2370 434 2425 in
458 2370 586 2426 animam
609 2369 784 2444 recipimus,
816 2385 862 2427 res
887 2367 1002 2426 videtur
1026 2368 1164 2446 expedita
1194 2378 1223 2428 et
1250 2369 1356 2446 plaua3
1388 2375 1455 2425 sunt
1486 2369 1564 2428 euim
1587 2368 1617 2425 iu

256 2455 411 2533 propatulo
434 2456 577 2518 foramina
600 2455 788 2532 pupillarum,
813 2472 864 2532 per
887 2473 961 2530 quas
985 2456 1201 2532 ingrediuntur,
1225 2466 1269 2514 est
1285 2455 1397 2526 oculus,
1422 2456 1531 2532 speciei
1554 2456 1616 2514 lor·

256 2556 359 2616 mator,
388 2551 434 2602 est
455 2542 641 2620 crystallinus
665 2542 778 2614 humor,
801 2543 932 2617 penicilli
957 2543 1064 2604 radiosi
1087 2552 1281 2619 temperator,
1314 2550 1358 2601 est
1380 2544 1535 2601 retllormis
1559 2560 1615 2621 op-

257 2633 308 2689 tici
331 2632 411 2689 nervi
436 2632 545 2702 tunica,
579 2633 710 2705 picturae
739 2647 834 2688 rerum
857 2632 1031 2689 exteriorum
1054 2633 1211 2709 exceptrix
1257 2629 1336 2688 Nihil
1360 2628 1417 2687 tale
1441 2637 1564 2707 apparet
1585 2632 1613 2688 lu

258 2735 377 2793 corpore
400 2716 534 2791 Telluris,
557 2716 656 2776 nullus
678 2717 726 2776 hic
748 2717 868 2790 oculus,
888 2735 950 2793 quo
974 2721 1072 2781 anima
1094 2718 1201 2777 Terrae
1226 2716 1324 2776 videat
1346 2716 1524 2776 radiationes
1549 2716 1615 2794 pla-

256 2815 388 2865 netarum
411 2822 570 2880 eorumque
592 2804 735 2881 angulos:
769 2806 918 2880 quomodo
942 2807 1030 2880 igitur
1052 2805 1147 2865 lucem
1171 2805 1278 2865 sentiet
1301 2808 1362 2862 sine
1387 2806 1510 2877 visione,
1535 2821 1612 2881 quo-

256 2892 344 2951 modo
367 2895 508 2969 percipiet
530 2900 581 2951 aut
604 2894 729 2969 excipiet
751 2892 875 2968 angulos
898 2895 961 2951 siue
985 2891 1199 2952 instrumento?
1245 2890 1410 2950 Difficultas
1433 2902 1478 2951 est
1500 2891 1610 2969 aliqua,

257 2981 359 3053 fateor,
388 2988 419 3039 at
450 2982 476 3038 si
498 2981 624 3055 penitius
651 2997 712 3037 reru
736 2982 891 3053 intuearis,
924 2984 1085 3039 communis
1115 2980 1167 3039 illa
1199 2986 1295 3038 estet
1318 2980 1364 3037 bic
1387 2978 1507 3038 etillic
1553 2977 1634 3038 Adi

147 3057 149 3062 ’
256 3084 341 3127 ιιιοιιο
370 3065 490 3144 Optices
522 3067 599 3125 Astr.
630 3070 722 3142 pertis
753 3083 820 3143 pag.
852 3069 913 3126 169
947 3074 988 3132 ιιι.
1008 3070 1093 3142 232),
1130 3067 1243 3127 videbis
1276 3069 1426 3141 antiquam
1462 3060 1612 3142 querelam

257 3158 346 3216 etiam
363 3154 412 3213 de
443 3157 509 3213 risu
538 3154 674 3212 humano.
720 3152 795 3212 Nem
825 3157 879 3212 etsi
909 3153 975 3212 loco
1004 3155 1055 3214 illo
1086 3155 1206 3214 modum
1236 3153 1353 3212 videndi
1382 3171 1469 3213 ame
1492 3152 1612 3215 tandem

256 3252 324 3321 post
346 3250 390 3301 tot
412 3242 589 3302 frustraneos
621 3242 744 3300 aliorum
773 3250 895 3300 conatus
928 3241 1103 3300 solidissime
1135 3242 1363 3300 demonstratum
1393 3242 1519 3300 latentur
1542 3240 1612 3299 dili·

256 3332 402 3408 gentiores
425 3332 515 3407 optici
537 3337 567 3389 et
588 3328 693 3388 medici
716 3332 873 3388 anatomici
889 3331 1075 3404 (quanquam
1091 3330 1138 3388 Fr.
1156 3327 1341 3404 Aquiloniae,
1365 3330 1449 3405 quus
1472 3346 1612 3405 magnum

258 3435 332 3493 opus
348 3415 519 3493 Optieorum
541 3424 610 3476 ante
634 3419 762 3480 danaos
785 3416 903 3491 prodiit,
934 3416 1040 3475 librum
1062 3434 1160 3478 meum
1182 3434 1241 3473 non
1266 3416 1339 3475 vidit
1362 3433 1455 3492 eoque
1478 3418 1507 3473 iu
1531 3420 1611 3476 autl-

177 3564 179 3572 ,
257 3521 315 3580 quo
339 3520 433 3563 errore
456 3506 533 3563 cirea
565 3503 684 3562 modum
716 3504 839 3562 visionis
871 3521 980 3562 novem
1011 3521 1081 3564 sane
1116 3522 1205 3581 quam
1228 3503 1378 3580 pulchram
1401 3505 1481 3563 irrito
1504 3503 1612 3564 struxit

257 3591 436 3668 pergulam):
461 3601 557 3650 ιοιιιοιι
581 3591 631 3650 ille
653 3589 771 3651 ridendi
794 3590 898 3650 modus
921 3608 981 3650 nou
1005 3591 1080 3649 ultra
1102 3592 1278 3651 retllormem
1301 3594 1428 3651 tunicam
1451 3609 1516 3650 sese
1539 3608 1610 3669 por·

255 3682 339 3754 rigit,
369 3696 428 3755 qua
450 3679 595 3756 perspicui
619 3686 686 3737 sunt
708 3678 845 3737 humores
868 3678 961 3752 oeuli;
991 3687 1123 3756 superest
1145 3678 1241 3738 adlruo
1264 3681 1415 3755 quaestio,
1443 3678 1611 3739 necduma

257 3766 404 3843 physicis,
426 3766 464 3826 ad
487 3784 561 3842 quos
584 3768 760 3843 provocavi,
785 3765 934 3839 discussa,
965 3765 1112 3842 quomodo
1137 3769 1250 3843 pictura
1271 3770 1312 3826 rei
1336 3764 1497 3839 uidendae,
1521 3784 1540 3825 a
1562 3765 1609 3842 me

258 3855 383 3913 formata
404 3855 434 3911 in
456 3855 596 3913 retiiormi
619 3856 726 3926 tunica,
750 3852 816 3911 inde
840 3871 926 3930 porro
949 3870 1000 3929 per
1023 3871 1115 3931 opaca
1131 3856 1259 3931 eorporis
1275 3856 1431 3913 introrsum
1452 3855 1611 3929 recipiatur

258 3940 296 3999 ad
319 3944 434 4001 animae
457 3940 644 4018 penetralia?
676 3958 751 3999 anne
779 3940 857 3998 toras
880 3943 978 3999 anima
1010 3940 1209 4018 progrediatur
1232 3944 1261 3999 in
1283 3942 1347 4017 ejus
1371 3941 1547 4000 occursum?
1580 3948 1610 4001 et

258 4046 334 4105 qnae
356 4029 402 4087 his
425 4028 593 4087 adhaerent.
639 4028 737 4103 Atque
761 4045 832 4102 ego,
868 4036 900 4085 ut
922 4032 1048 4102 ingenue
1070 4030 1181 4103 lateat,
1212 4029 1278 4106 plns
1301 4031 1330 4085 in
1354 4030 1467 4088 visione
1490 4028 1609 4103 haereo,

258 4133 347 4190 quam
370 4116 400 4174 iu
424 4116 481 4176 hac
503 4117 688 4193 perceptione
711 4115 811 4190 anguli
834 4116 997 4182 radiorum,
1027 4116 1063 4174 de
1086 4134 1145 4192 qua
1167 4116 1268 4175 videor
1290 4115 1361 4173 milri
1383 4116 1529 4177 balbutire
1551 4116 1610 4176 ali-

257 4202 329 4277 quid
352 4219 409 4263 nou
433 4206 530 4281 inepte
553 4220 649 4279 posse,
673 4220 739 4262 eum
762 4205 791 4260 iu
816 4203 867 4261 illa
890 4206 1008 4261 omnino
1031 4207 1086 4262 sim
1109 4212 1216 4265 mutus.
1240 4204 1360 4262 Possem
1378 4202 1503 4280 quidem
1525 4211 1610 4263 satra

256 4307 352 4349 rerum
374 4308 487 4355 sumtus
509 4291 709 4366 subterfugere
731 4291 941 4367 speculationis
963 4287 1107 4365 laborem,
1138 4300 1168 4352 st
1189 4294 1354 4368 quaerenti,
1385 4291 1492 4373 quibus
1516 4290 1609 4352 oculis

258 4379 357 4436 anima
378 4378 484 4438 Terrae
508 4379 608 4438 videat
631 4378 729 4437 radios
751 4379 887 4446 siderum,
911 4379 1100 4455 respondere:
1124 4378 1235 4453 iisdem,
1260 4379 1366 4456 quibus
1390 4375 1464 4438 vidit
1486 4378 1610 4439 militem
1634 4367 1638 4376 ⁴

258 4480 323 4524 eum
345 4466 494 4525 laciniosis
519 4469 630 4541 caligis,
664 4467 748 4542 cujus
771 4468 927 4541 imaginem
949 4466 1097 4542 plautavit
1119 4470 1148 4524 ln
1170 4466 1268 4542 lapide
1291 4466 1382 4525 fissili.
1427 4465 1538 4525 Verum
1561 4467 1609 4527 iu·

258 4555 331 4612 ertia
353 4572 430 4613 mors
453 4562 498 4613 cst
518 4554 731 4629 philosophiae,
757 4556 890 4613 vivamus
913 4571 967 4613 nos
990 4562 1019 4613 et
1040 4571 1234 4614 exerceamur.

342 4641 471 4701 Primum
494 4644 592 4700 anima
614 4644 713 4717 puncti
735 4643 877 4699 rationem
899 4644 1001 4700 sortita
1024 4650 1068 4700 est
1091 4651 1158 4701 actu
1181 4640 1300 4715 (saltem
1323 4642 1434 4699 ratione
1457 4639 1608 4715 alligatio-

244 4728 301 4808 nis
329 4728 367 4787 ad
375 4746 495 4805 corpus
518 4724 637 4809 suum),
668 4729 768 4788 circuli
790 4729 913 4806 liguram
938 4737 1096 4833 potestate,
1127 4747 1202 4805 quae
1226 4746 1290 4787 curn
1313 4730 1352 4788 sit
1374 4728 1509 4804 energia,
1534 4728 1609 4788 didit

255 4832 321 4877 sess
343 4817 381 4876 ab
405 4816 455 4876 illa
477 4816 546 4877 sede
574 4818 673 4893 puncti
704 4819 732 4874 in
756 4817 908 4891 circulum3
942 4819 1005 4875 sive
1034 4819 1109 4874 enim
1131 4818 1245 4889 ,rendre
1266 4815 1372 4875 debeat
1394 4833 1440 4874 res
1462 4823 1606 4887 externas,

255 4902 325 4963 illae
348 4897 531 4980 sphaericum
554 4907 582 4962 in
607 4904 725 4962 modum
748 4922 813 4963 sese
836 4906 1030 4974 circumstant,
1055 4906 1117 4962 eive
1141 4921 1245 4979 eorpus
1269 4921 1376 4979 regere,
1401 4920 1506 4979 corpus
1529 4918 1607 4979 quo-

181 5009 185 5019 ·
256 5008 313 5067 que
337 4992 553 5067 circumjectum
578 4992 675 5065 habet,
700 4995 763 5067 ipsa
786 4992 858 5050 latet
881 4994 968 5064 intus,
991 4989 1122 5050 radicata
1144 4992 1173 5048 in
1197 4999 1304 5067 puncto
1328 4990 1391 5065 ejus
1416 4997 1504 5064 certo,
1528 4990 1607 5066 unde

255 5081 315 5137 exit
336 5096 388 5155 per
410 5082 537 5157 speciem
560 5083 605 5138 sui
629 5083 657 5137 in
682 5095 786 5156 corpus
809 5079 962 5153 reliquum.
1009 5079 1048 5136 At
1071 5081 1119 5153 qui
1145 5087 1249 5157 exeat,
1271 5080 1327 5136 niel
1350 5094 1401 5154 per
1423 5078 1517 5138 lineas
1541 5096 1606 5138 rcc-

255 5166 322 5225 tas?
345 5166 401 5225 hoc
424 5170 590 5227 enimvero
614 5174 658 5226 est
681 5170 773 5241 exire,
791 5168 855 5244 qui
877 5166 967 5229 aliurn
991 5166 1114 5225 exeundi
1138 5183 1248 5225 morem
1270 5166 1388 5238 habeat,
1413 5167 1479 5243 ipsa
1502 5174 1531 5224 et
1554 5164 1605 5225 lux

255 5256 383 5313 existens
405 5263 435 5314 et
457 5256 582 5328 flamma,
606 5273 695 5331 quam
718 5273 736 5312 a
758 5251 887 5330 fonditus
910 5256 971 5313 suis
987 5261 1093 5313 exeunt
1107 5253 1166 5313 alia
1189 5253 1308 5322 lumina,
1333 5253 1416 5312 lineis
1439 5270 1479 5313 sc.
1496 5250 1606 5313 rectis?

255 5342 407 5417 Egreditur
430 5344 518 5418 igitur
542 5359 643 5402 versus
667 5337 811 5420 extedorej
809 5343 961 5429 boponis
985 5341 1086 5400 iisdem
1109 5341 1234 5418 legibus,
1257 5344 1365 5416 quibus
1388 5342 1605 5400 circumstantia

253 5428 425 5489 firmamenti
449 5429 560 5490 lumina
583 5448 684 5488 versus
707 5428 804 5508 illurn,
814 5429 850 5492 dri
866 5441 979 5507 puncto
1003 5430 1176 5489 residentem
1199 5430 1406 5503 ingrediuntur.
1453 5428 1526 5487 Cum
1550 5447 1605 5488 au-

254 5523 313 5578 tem
340 5527 414 5577 tote
432 5518 545 5576 dimidii
574 5518 655 5593 globi
683 5499 814 5578 Terreni
827 5517 1002 5606 προφωο
1025 5519 1181 5592 omniaque
1205 5517 1279 5577 adeo
1303 5524 1410 5595 puncta
1440 5512 1604 5592 superficiei

247 5608 338 5679 adria
362 5621 421 5682 quo
443 5609 567 5664 amictus
589 5603 715 5676 astilia,
740 5597 779 5664 ab
802 5619 872 5672 true
877 5596 913 5676 'ei
935 5604 1036 5663 eodem
1059 5604 1178 5680 planeta
1200 5604 1372 5663 irradientur
1394 5602 1482 5662 radiis
1507 5603 1605 5663 infini-

253 5694 307 5767 tis,
341 5695 434 5753 exiis
458 5694 591 5753 omnihus
614 5708 690 5751 uuus
711 5691 792 5752 solus
815 5689 908 5750 tendit
935 5708 1036 5751 versus
1064 5700 1203 5769 punctum
1226 5690 1313 5767 illud,
1348 5690 1427 5767 quod
1450 5699 1495 5752 eet
1517 5690 1603 5753 sedes
