3684 7259
675 2522 1139 2661 succurramur.

363 2846 487 2958 'lepleri
521 2880 586 2940 libri
620 2886 698 2961 typis
731 2885 874 2960 expressi,
910 2899 976 2942 cum
1007 2884 1135 2942 maxima
1169 2900 1205 2943 ex
1240 2888 1322 2959 parte
1356 2882 1519 2958 pertineant
1547 2878 1584 2939 ad

242 2972 462 3042 astronomiam,
494 2976 591 3029 tamen
619 2970 656 3028 ad
685 2988 773 3029 unum
806 2987 906 3031 omues
938 2978 1108 3047 argumento
1139 2976 1220 3044 sunt,
1252 2976 1360 3045 quanto
1378 2968 1489 3027 studio
1517 2983 1585 3026 ver-

243 3059 352 3116 saverit
380 3058 532 3129 classicos,
561 3074 635 3132 quos
663 3065 781 3133 vocant,
810 3060 965 3135 scriptores
991 3065 1020 3118 et
1047 3067 1157 3134 quanta
1183 3057 1269 3115 fuerit
1298 3056 1361 3132 ejus
1383 3054 1586 3132 philosophiae

244 3147 373 3203 scientia.
418 3144 510 3204 Plena
538 3153 606 3203 sunt
632 3149 731 3205 omnia
752 3148 902 3205 sententiis
933 3144 1110 3205 Graecorum
1133 3145 1388 3218 Romanorumque
1414 3145 1586 3219 scriptorum

244 3240 272 3290 et
293 3240 458 3307 poetarum,
490 3240 620 3291 veterum
652 3233 921 3294 mathematicorum
955 3239 983 3291 et
1014 3240 1244 3293 astronomorum
1278 3230 1585 3308 philosophorumque,
1675 3282 1678 3295 .

244 3318 281 3376 ad
305 3336 364 3378 rem
385 3336 469 3378 suam
491 3319 672 3395 probandam
695 3323 799 3381 citatis.
853 3321 897 3379 Ex
920 3320 1054 3378 omnibus
1082 3321 1145 3396 ejus
1173 3318 1309 3395 operibus
1332 3317 1427 3378 elucet
1448 3318 1585 3393 studium,

244 3409 410 3465 recentioris
438 3408 542 3465 aetatis
569 3409 711 3467 rationem
740 3408 981 3484 disciplinamque
1004 3406 1041 3465 ad
1064 3425 1107 3482 ea,
1138 3424 1214 3483 quac
1237 3413 1350 3465 veteres
1372 3412 1586 3482 perspexerant,

244 3494 384 3553 relereudi
406 3491 585 3568 alteramque
605 3502 732 3554 aetatem
754 3495 846 3556 altera
867 3493 1032 3553 illustrandi
1054 3502 1085 3569 et
1105 3492 1280 3554 stabiliendi.
1314 3491 1495 3553 Gravissima
1510 3495 1587 3553 euim

246 3580 412 3640 Aristotelis
444 3596 545 3657 opera,
579 3599 638 3657 qua
669 3584 776 3660 scripta
805 3592 873 3641 sunt
902 3581 1018 3658 lingua,
1051 3582 1236 3642 lectitaverat
1265 3580 1386 3656 ejusque
1416 3582 1586 3658 interpretas

245 3670 353 3742 priores
376 3675 406 3727 et
426 3669 599 3744 posteriores
621 3669 721 3727 subtili
739 3669 852 3746 jndicio
874 3671 1107 3745 examinaverat,
1137 3668 1270 3742 Platonis
1292 3684 1361 3727 vero
1384 3670 1502 3745 iugenio
1525 3676 1588 3728 erat
1700 3693 1703 3698 ·

245 3756 418 3828 innutritos,
432 3762 462 3814 ct
483 3772 558 3831 quae
581 3755 616 3816 de
632 3756 801 3834 Pythagora
823 3757 945 3834 ejusque
967 3755 1069 3817 schola
1090 3755 1133 3815 illi
1156 3756 1247 3816 aetati
1268 3754 1376 3814 tradita
1399 3762 1489 3831 erant,
1512 3773 1588 3833 quae

245 3844 282 3901 ab
313 3842 484 3919 aequalibus
515 3842 552 3902 de
582 3843 683 3903 schola
716 3845 773 3903 ista
805 3847 912 3920 scripta
946 3850 1040 3919 eraut,
1078 3845 1106 3902 in
1140 3862 1177 3904 ca
1210 3841 1413 3920 cognoscenda
1445 3842 1588 3920 quidquid

245 3930 387 4005 reliquum
410 3938 472 3988 erat
492 3933 630 4006 temporis
654 3934 849 3991 astronomiae
871 3931 932 3990 dati
955 3931 1151 4008 impendebat.
1193 3929 1359 3991 Sententiae
1382 3947 1451 3989 vero
1473 3930 1588 4009 Pytha·

246 4034 416 4091 goraeorom
439 4016 475 4077 de
497 4026 577 4076 motu
601 4034 752 4094 corpomm
776 4018 945 4080 coelestium
971 4020 1008 4077 ab
1031 4017 1188 4078 Aristotele
1212 4027 1241 4078 et
1264 4017 1437 4077 Archimede
1458 4019 1589 4094 proditus

246 4107 350 4179 insigni
383 4121 452 4163 cura
483 4105 719 4180 prosequebatur,
753 4102 1037 4184 Pythagoriorumque
1069 4108 1107 4166 ab
1142 4103 1298 4165 Aristotele
1332 4106 1427 4164 minus
1462 4103 1588 4165 dilucide

245 4191 379 4252 traditam
394 4208 488 4251 rerum
504 4194 700 4252 uniuersitatis
715 4196 856 4254 rationem
869 4192 1014 4253 illustrare
1029 4201 1058 4254 et
1073 4193 1226 4254 emendare
1238 4191 1374 4252 studebat
1387 4194 1587 4268 notitiamque,

246 4288 361 4339 auctore
384 4278 543 4356 Copernico
567 4280 605 4339 ab
628 4280 802 4358 Archimede
825 4281 1002 4355 desumtam,
1035 4298 1093 4357 qua
1115 4281 1236 4341 Terram
1258 4281 1335 4339 cirea
1348 4278 1455 4356 ‚Solem
1476 4282 1587 4340 moneri

246 4366 429 4426 Aristarchus
451 4365 585 4426 docuisse
608 4367 778 4443 crederetur,
811 4367 848 4428 ad
871 4368 1077 4429 stabiliendam
1099 4368 1328 4445 Oopemieanam
1351 4384 1445 4427 rerum
1468 4368 1587 4426 univer-

245 4456 338 4513 sitatis
352 4457 501 4527 ratiouem,
525 4456 633 4531 quippe
648 4472 723 4533 quae
739 4472 803 4515 cum
819 4457 886 4516 aliis
900 4457 1005 4529 causis,
1029 4464 1091 4515 tum
1106 4464 1253 4516 vetustate
1268 4456 1393 4514 maxime
1408 4455 1587 4531 probaretur,

245 4549 442 4603 revocaverat
487 4540 594 4600 Mirum
620 4550 717 4603 autem
745 4546 774 4600 in
802 4541 920 4602 modum
943 4551 1038 4602 motus
1062 4550 1125 4604 erat
1146 4542 1266 4621 Kepleri
1288 4544 1402 4602 animus
1424 4542 1588 4602 mathema·

246 4630 315 4701 tica,
337 4646 357 4688 a
377 4627 590 4707 Pythagoraeis
621 4629 759 4705 adjuncta
786 4629 996 4706 philosophicis
1025 4632 1330 4703 commentationibus,
1368 4629 1587 4705 quaestiouibus

246 4732 343 4774 sorum
374 4715 410 4776 dc
439 4718 564 4775 numeris
594 4723 623 4776 et
651 4717 687 4777 de
715 4735 763 4791 ea,
791 4732 867 4792 quae
894 4719 969 4776 inter
998 4716 1052 4777 hos
1074 4727 1103 4779 et
1125 4717 1294 4779 coelestium
1318 4732 1468 4792 corporum
1490 4724 1587 4776 motus

247 4802 443 4876 intercederet,
458 4805 579 4877 ratione,
603 4804 638 4863 de
652 4807 761 4863 tributa
775 4803 989 4883 Pythagoraeis
1005 4813 1076 4880 arte,
1100 4822 1188 4866 sonos
1203 4806 1385 4867 harmonicus
1400 4802 1587 4864 adnumeres
1681 4847 1688 4861 .

246 4890 398 4964 referendi,
430 4890 466 4950 de
493 4890 608 4951 illorum
635 4894 794 4966 geometria
817 4893 897 4951 etin
921 4909 958 4952 ea
980 4892 1016 4971 de
1041 4893 1223 4970 regularibus
1253 4893 1377 4951 manime
1408 4892 1587 4967 corporibus,

247 4978 350 5053 quibus
368 4978 565 5054 Pythagoraei
587 4978 785 5056 symbolorum
807 4980 997 5038 amantissimi
1019 4980 1175 5056 plurimum
1198 4982 1367 5039 tribuerunt.

351 5063 454 5141 Itaque
476 5064 634 5142 Keplerus,
662 5067 724 5141 jam
751 5067 820 5126 dum
850 5069 878 5124 in
905 5069 1060 5128 seminario
1091 5067 1257 5144 theologico
1280 5065 1460 5140 Tubiugensi
1488 5065 1587 5142 philo-

246 5151 365 5228 sophiae
392 5162 421 5212 et
447 5156 640 5214 astronomiae
668 5170 785 5231 operam
808 5154 872 5227 dat,
902 5162 1014 5214 erectos
1038 5158 1228 5231 cogitatione,
1259 5152 1429 5212 coelestium
1456 5161 1587 5213 motuum

246 5241 324 5317 leges
356 5239 395 5298 ad
422 5256 604 5300 communem
621 5258 762 5301 *normam
791 5241 1026 5301 mathematicam
1055 5242 1210 5314 referendi,
1242 5257 1301 5300 rem
1329 5258 1348 5298 a
1374 5239 1587 5318 Pythagoraeis

245 5336 386 5388 tentatam
409 5333 438 5386 et
459 5330 522 5403 ipse
544 5345 699 5405 aggressus
722 5337 774 5388 est.
812 5327 996 5405 Quamquam
1019 5330 1185 5389 dissertatio
1210 5327 1266 5403 ,de
1281 5326 1385 5387 Luna“
1410 5343 1486 5388 auno
1504 5330 1586 5389 1593

246 5433 263 5473 a
284 5415 412 5491 Keplero
435 5417 606 5489 conscripta,
630 5416 712 5492 cujus
733 5431 942 5492 nonnunquam
964 5420 1071 5477 mentio
1094 5416 1127 5475 fit
1149 5417 1208 5487 (cir.
1221 5416 1281 5473 Vol.
1294 5418 1315 5473 i.
1327 5434 1354 5487 p.
1369 5418 1408 5474 tt.
1420 5419 1454 5472 11.
1474 5435 1500 5487 p.
1513 5419 1586 5487 497),

244 5503 365 5562 formam
393 5504 488 5578 magis
514 5509 544 5562 et
573 5504 752 5579 superficiem
776 5502 876 5564 Lunae
905 5511 1052 5580 spectasse
1083 5511 1113 5563 et
1135 5501 1278 5578 quaedam
1302 5499 1337 5562 de
1359 5501 1462 5560 Lunae
1484 5500 1587 5560 incolis

245 5590 348 5650 lusisse
363 5588 488 5664 ridetur,
510 5593 657 5651 mentione
678 5598 775 5651 tamen
790 5591 977 5669 Pythagorae
998 5589 1321 5667 injecta=adolescentis
1345 5590 1473 5648 animum
1495 5588 1586 5647 Samii
1668 5658 1671 5670 ζ

245 5679 342 5755 magni
363 5676 551 5755 philosophia
569 5676 707 5754 jamtum
729 5685 840 5739 motum
854 5694 919 5739 esse
933 5687 1063 5755 apparet.
1099 5678 1188 5739 Brevi
1204 5685 1272 5755 post
1286 5695 1375 5754 quam
1392 5677 1586 5754 praeceptoris

1381 5777 1414 5830 1*
