3684 7259
295 1239 357 1311 loe
731 1244 948 1317 nonem
967 1246 1196 1305 mmmmm

292 1443 306 1478 ,·
379 1425 436 1485 Pro
457 1424 546 1488 latere
569 1424 768 1502 hendecagoni
790 1425 987 1492 circumfertur
1001 1373 1071 1486 talis
1095 1425 1265 1508 descriptio.
1288 1430 1318 1487 in
1341 1428 1447 1489 circulo
1470 1430 1509 1489 ab
1534 1427 1638 1489 eode'm

293 1521 401 1591 puncto
425 1514 450 1570 Α
481 1511 602 1572 ducetur
623 1511 701 1572 letus
723 1515 865 1589 tetragoni
889 1513 941 1573 ΑΟ
953 1506 1001 1572 ad
1024 1520 1111 1574 uuam
1133 1524 1245 1593 partem
1268 1516 1522 1592 circumferentiae,
1543 1516 1637 1593 trigo-

653 1601 750 1659 nicum
783 1601 839 1659 ΑΙ)
867 1601 904 1660 ed
940 1604 1130 1676 contrarium,
1167 1604 1379 1680 heregonicum
1415 1603 1483 1677 ΑΒ,
1516 1604 1568 1663 All
1599 1604 1660 1679 sd,

654 1694 815 1764 utramque,
842 1696 872 1749 et
887 1688 1009 1747 duorum
1024 1689 1139 1749 illorum
1155 1690 1399 1770 hexagouicomm
1418 1690 1543 1767 ungulus
1558 1691 1637 1751 FAB

654 1771 845 1835 subtenditur
875 1775 934 1835 alio
957 1778 1099 1853 trigonico
1121 1776 1212 1837 latere
1235 1779 1299 1853 BF,
1323 1779 1402 1854 qnod
1423 1779 1536 1838 secabit
1556 1780 1637 1855 prins

654 1861 826 1938 trigonlcum
843 1863 899 1921 An
922 1864 951 1922 in
977 1861 1023 1939 ὓς
1047 1862 1169 1944 (ιιιιιιιι
1190 1868 1277 1926 etiam
1300 1884 1319 1926 a
1340 1867 1397 1926 line
1418 1867 1590 1943 totrsgouici
1612 1866 1636 1925 G

590 1964 593 1970 ·
654 1949 794 2011 diameter
816 1950 864 2010 cli
886 1968 937 2028 per
958 1949 973 2008 I
994 1958 1124 2011 centrum
1145 1959 1175 2011 et
1200 1972 1219 2012 n
1248 1954 1305 2012 flue
1337 1953 1429 2013 eltero
1456 1952 1635 2013 diametrlli

654 2055 705 2114 per
726 2040 884 2114 sectionem
901 2039 1113 2114 trigouicorum
1142 2037 1170 2098 G
1198 2039 1422 2102 ducatur-recta
1443 2030 1506 2115 tiu,
1533 2056 1636 2116 senape

653 2127 864 2201 tetragonicum
886 2124 939 2184 Ac
960 2127 989 2182 in
1009 2123 1058 2184 fl:
1081 2124 1160 2187 lines
1182 2125 1239 2186 GH
1262 2131 1335 2188 inter
1356 2129 1409 2188 has
1432 2127 1505 2190 duas
1527 2130 1636 2196 sectio·

653 2229 706 2272 nes
727 2212 832 2272 dicitur
854 2230 919 2274 esse
940 2210 1019 2272 lutus
1033 2213 1236 2291 undecsnpoli.
1272 2216 1325 2275 Est
1344 2233 1413 2276 vero
1429 2218 1515 2275 nimis
1536 2215 1635 2293 louge,

654 2301 703 2362 vel
724 2300 893 2360 mechanica
915 2299 1059 2384 docente..
1091 2301 1131 2360 At
1161 2301 1252 2362 solers
1274 2313 1422 2379 geometra
1447 2305 1575 2381 speciem
1596 2304 1636 2364 li·

655 2405 729 2449 neae
751 2388 928 2461 consideret,
959 2404 1034 2463 quse
1065 2392 1228 2449 necessario
1252 2393 1445 2451 communicet
1466 2391 1577 2469 aliquid
1599 2408 1634 2451 ex

291 2482 432 2559 trigordco
455 2490 484 2542 et
506 2480 685 2557 tetragonico
708 2473 861 2548 lateribus,
891 2478 1078 2551 quantumvis
1107 2486 1218 2536 remoto
1240 2478 1341 2554 gredo.
1388 2481 1478 2556 Atqui
1499 2473 1641 2539 uumerus.

294 2573 341 2640 ll,
365 2571 473 2646 primus
496 2572 642 2639 existens,
673 2561 753 2623 nullo
775 2562 863 2622 modo
885 2560 924 2622 ad
946 2562 1000 2621 lias
1022 2562 1130 2640 ligures
1152 2564 1247 2638 ducit,
1276 2582 1341 2624 cum
1364 2568 1402 2625 sit
1422 2568 1539 2643 primus,
1561 2565 1634 2625 nihil

292 2673 357 2717 cum
381 2659 399 2716 3
424 2663 542 2717 etcum
564 2659 584 2714 4
607 2668 759 2715 commune
781 2651 903 2711 habens.
948 2648 1073 2718 Semirus
1095 2653 1184 2728 igitur
1205 2660 1249 2711 est
1263 2662 1421 2738 geometra,
1443 2655 1547 2714 salum
1570 2672 1637 2714 esse

211 2771 213 2776 ·
290 2743 512 2820 descriptionem
529 2751 565 2803 et
587 2748 683 2819 potest
704 2737 788 2802 lucile
811 2735 1000 2814 supersedero
1021 2736 1123 2802 leborc
1146 2739 1341 2816 computandi.

225 2878 231 2892 ,
376 2831 478 2892 Manet
498 2834 588 2908 igitur
608 2845 660 2907 per
682 2844 782 2887 omnes
804 2826 1000 2902 objectiones,
1029 2842 1080 2901 per
1107 2842 1208 2885 omnes
1231 2829 1359 2887 omnium
1381 2828 1558 2889 irustrsuaos
1580 2846 1633 2894 eo-
1696 2900 1697 2903 Ἴ

291 2925 386 2992 ustus,
410 2918 503 2977 latera
525 2918 682 2994 figuramm
705 2913 871 2991 hujusmodl
893 2919 997 2989 suapte
1020 2919 1124 2971 ιιιιιιιι
1146 2931 1210 2973 esse
1233 2916 1334 2991 ignote
1355 2922 1386 2976 et
1407 2913 1561 2976 mutilis
1593 2917 1635 2980 Ut

291 3006 363 3068 nibil
384 3008 489 3065 mirum
511 3003 557 3079 sit,
581 3004 610 3063 id
634 3002 711 3080 quod
727 3004 756 3060 in
771 3001 931 3078 archetypo
944 2998 1043 3058 mundi
1067 3012 1125 3058 nou
1147 3005 1245 3078 potuit
1265 3004 1404 3080 insanin,
1428 3020 1524 3079 neque
1546 3006 1634 3132 etism

291 3109 459 3174 expressum
482 3110 545 3154 esse
568 3095 596 3149 in
621 3090 848 3152 conformatione
870 3088 963 3164 ipsios
984 3086 1084 3146 muudi
1107 3091 1243 3165 portium.

423 1646 588 1700 lipia·

377 3250 488 3311 XLVI
512 3248 736 3326 Propositio.
780 3246 878 3307 Sectio
902 3244 1001 3312 circuli
1029 3261 1114 3306 arcus
1137 3246 1336 3324 cujuscunque
1359 3250 1388 3307 in
1410 3250 1546 3327 aequalis
1569 3255 1631 3330 trin,

292 3340 436 3416 quinque,
468 3348 580 3416 septem
602 3344 657 3397 etc.
672 3342 711 3395 et
732 3336 762 3393 in
781 3350 958 3411 ¹quacunque
980 3334 1111 3407 ratione,
1138 3350 1214 3409 quse
1236 3351 1295 3394 nou
1321 3337 1361 3395 sit
1380 3338 1634 3405 sutedemonstra.

161 3450 173 3467 ,
291 3433 385 3486 mum
407 3429 542 3490 continue
557 3424 659 3502 dupla,
682 3439 740 3483 non
764 3430 809 3483 eet
831 3421 868 3484 dc
888 3421 1084 3499 possibilitate
1100 3424 1281 3500 geometrice
1302 3423 1363 3498 teli,
1385 3443 1461 3502 quae
1483 3436 1634 3501 suenum

290 3523 468 3652 vwgssctio
487 3600 566 3652 am
583 3595 610 3649 in
629 3593 682 3649 duo
701 3600 728 3649 e,
745 3597 862 3662 quatu„
879 3600 907 3649 ιι
925 3597 986 3646 octo
1005 3598 1072 3658 ete,
1090 3590 1217 3648 continue
1236 3592 1340 3649 scilicet
1356 3589 1454 3690 duple,
1473 3607 1635 3686 geometrica

290 3689 356 3734 asne
374 3683 417 3731 est
435 3674 538 3744 fuitque
557 3676 690 3731 hactenus
708 3671 838 3728 adhibita
874 3672 905 3725 In
914 3665 976 3726 ιι1ἰ
994 3669 1125 3739 contingit
1142 3670 1228 3723 securi
1246 3677 1273 3726 et
1284 3678 1371 3728 totum
1384 3679 1513 3736 circulum
1528 3700 1595 3753 per-
1588 3686 1633 3741 tri

289 3771 402 3842 genum,
428 3764 456 3810 et
473 3754 679 3823 semicirculum,
699 3752 754 3808 ut
745 3769 775 3807 m
791 3731 949 3820 hexagono,
976 3755 1004 3804 et
1022 3756 1145 3819 quartem
1163 3757 1284 3818 purtem,
1303 3753 1360 3817 ut
1350 3769 1380 3810 ιι
1397 3756 1583 3830 dodecagono,
1607 3772 1636 3820 ιι

290 3829 419 3922 quintum,
438 3842 469 3890 ut
486 3836 514 3889 in
533 3831 822 3904 pentelmcdecagono,
840 3837 869 3885 ct
885 3845 979 3898 arcum
1000 3829 1079 3897 135⁰,
1098 3827 1175 3883 utin
1193 3838 1334 3902 octogono,
1353 3842 1490 3893 eternum
1510 3840 1586 3911 108⁰,
1604 3848 1635 3897 ut

288 3909 317 3965 1ι
335 3913 483 3983 decagono
518 3915 549 3970 In
568 3914 686 3983 quinque
705 3927 768 3967 vero
780 3909 919 3979 contingit
936 3907 1022 3963 secari
1040 3906 1162 3961 similiter
1180 3917 1207 3966 et
1219 3919 1261 3967 tot
1250 3921 1306 3968 tum
1324 3913 1462 4007 menium,
1479 3933 1529 3987 per
1540 3927 1634 3989 pense

290 3999 401 4065 penum,
421 4000 449 4045 et
466 3992 676 4064 semicirculum,
694 3989 750 4045 ιι
742 4004 769 4043 ιι
788 3989 942 4057 decepouo,
967 3994 994 4041 et
1010 3985 1119 4041 tertiam
1136 3988 1230 4045 circuli
1249 3998 1368 4062 purtem,
1393 3994 1449 4050 dt
1440 4010 1469 4049 m
1485 3997 1635 4064 penteksar

199 4075 216 4100 ⁵
290 4071 437 4137 decegono,
455 4078 483 4125 et
500 4086 591 4125 arcum
612 4072 686 4140 150⁰,
705 4076 737 4124 ιι
754 4068 781 4122 in
799 4066 948 4134 decagono.
984 4064 1058 4118 Idem
1076 4080 1169 4120 verum
1188 4075 1230 4123 est
1248 4069 1282 4123 de
1299 4070 1395 4127 horum
1412 4087 1523 4138 ιιιιιιιι
1540 4075 1634 4132 semis.

288 4151 364 4208 sibus
382 4146 631 4220 quadraniibnsquc
655 4156 682 4202 et
709 4146 811 4203 ceteris.
823 4144 949 4215 partibus
967 4143 1150 4214 proportionis
1176 4147 1303 4203 conunue
1325 4149 1484 4221 subduplus
1520 4153 1558 4210 At
1583 4153 1635 4210 bdc

289 4246 343 4285 non
361 4228 392 4284 iit
409 4238 522 4299 propter
539 4228 701 4285 trisectionis
719 4235 747 4283 et
765 4222 1122 4294 quinisectionisingenium,
1141 4223 1189 4278 sed
1202 4242 1251 4294 per
1262 4227 1388 4283 accidens
1404 4236 1432 4284 et
1443 4236 1556 4300 propter
1567 4232 1635 4292 alias

289 4303 436 4422 flpurarum
452 4310 647 4401 proprietates,
665 4308 700 4364 de
717 4307 814 4379 quibus
831 4305 974 4362 mesenus

375 4389 412 4441 At
428 4388 608 4457 promiscuum
625 4387 808 4443 trisectionenr
826 4391 875 4439 sut
892 4379 1039 4439 sectionem
1062 4383 1089 4436 in
1108 4384 1161 4439 ulia
1178 4402 1340 4457 quacunque
1357 4390 1463 4446 ratione
1486 4378 1644 4463 proposito,

289 4482 358 4537 quse
377 4483 431 4521 non
449 4466 484 4521 sit
502 4467 629 4530 continue
647 4466 739 4535 dupla,
755 4463 949 4534 impossibilem
967 4479 1035 4529 esse,
1053 4474 1129 4535 patet
1146 4484 1178 4524 ιι
1191 4469 1394 4540 comperuisse
1406 4467 1561 4528 biaectionie
1573 4488 1635 4546 perf

289 4544 382 4614 sibilie
418 4544 450 4600 In
469 4561 501 4599 cn
516 4546 634 4601 medium
652 4545 787 4601 adercnm
805 4552 839 4610 et,
857 4558 938 4614 quem
949 4541 995 4598 iile
1007 4555 1153 4617 mensuret,
1166 4550 1295 4618 ungulum
1307 4545 1490 4619 biemandum,
1506 4556 1553 4604 cst
1564 4537 1636 4605 unci

262 4685 266 4708 ,
289 4632 371 4693 recta,
390 4625 520 4681 subteneo
537 4627 625 4694 arcui,
644 4626 759 4697 quaein
777 4624 830 4678 duo
850 4621 974 4693 nequalia
991 4625 1076 4680 secari
1094 4634 1185 4696 potest
1202 4627 1380 4721 geometrice,
1406 4642 1467 4682 cum
1486 4628 1634 4699 requerire

288 4712 343 4761 tem
361 4705 457 4759 herum
474 4706 591 4774 partiu'm
617 4707 746 4775 sequetur
773 4701 921 4774 sequalitas
947 4704 1063 4773 portium
1093 4723 1172 4764 arcus
1191 4709 1375 4778 cujuscunque
1400 4704 1457 4760 sire
1474 4707 1551 4776 parri
1577 4707 1635 4763 sive

289 4784 377 4851 msgni
394 4791 519 4854 respectu
538 4785 622 4840 totius
640 4784 748 4854 circuli;
766 4800 800 4840 ex
818 4798 871 4853 quo
890 4781 966 4837 tonte
984 4790 1011 4837 ct
1029 4782 1081 4838 hoc
1099 4795 1142 4841 est
1149 4787 1273 4858 ,quod
1265 4803 1293 4839 ιι
1306 4784 1444 4854 marculo
1462 4785 1497 4840 eb
1514 4785 1635 4858 nequali-

289 4871 346 4918 tute
363 4864 477 4919 luterum
488 4862 559 4919 licet
576 4857 757 4934 argumentari
774 4863 809 4918 sd
825 4860 1014 4931 aequalitatem
1028 4864 1187 4931 mgrrlorum
1199 4882 1283 4942 oppo
1274 4865 1393 4919 iturum
1416 4863 1489 4918 Hoc
1506 4880 1569 4920 vero
1580 4879 1634 4922 me·

290 4942 363 4999 diunt
382 4958 431 4998 nos
448 4942 475 4997 in
494 4944 591 4999 cetems
609 4942 774 4999 sectionibus
793 4940 899 4996 deserit.
935 4939 1004 4994 Nem
1024 4942 1075 4995 etsi
1093 4952 1175 5012 recta,
1194 4943 1269 4997 arcui
1285 4941 1422 5010 subteneo,
1441 4942 1527 4997 securi
1544 4948 1653 5014 potest.

289 5024 317 5078 in
335 5031 427 5094 portes
446 5023 579 5091 quotlibet
595 5023 678 5094 idque
695 5019 865 5092 geometrice,
885 5025 914 5073 at
932 5033 986 5072 nou
1004 5019 1065 5075 ideo
1084 5028 1112 5077 et
1129 5023 1330 5092 proportionem
1343 5020 1424 5075 ullum
1437 5018 1555 5088 purnium
1573 5020 1637 5077 sub·

289 5105 383 5159 tensae
400 5106 473 5173 (post
491 5105 693 5175 proportionem
711 5099 895 5173 aequalitatis)
914 5099 1037 5167 sequitur
1052 5101 1193 5170 proportio
1209 5100 1327 5170 portium
1345 5113 1441 5167 urcus3
1463 5098 1636 5166 quemadmo-

289 5180 353 5237 dum
371 5196 459 5251 neque
476 5183 504 5237 in
521 5183 658 5252 triangulo
675 5182 741 5242 licet
757 5196 774 5236 s
791 5180 967 5250 proportione
984 5177 1097 5233 laterum
1116 5194 1276 5250 quecunque
1295 5180 1411 5246 (praeter
1434 5193 1514 5234 unum
1536 5193 1636 5250 sequt-

288 5253 387 5332 litoti'ei
401 5253 582 5329 urgumentari
605 5262 640 5316 ad
663 5260 775 5317 eundem
799 5256 1002 5329 proportionem
1026 5257 1214 5347 oppositorum
1232 5257 1401 5332 ungulorum
1436 5256 1506 5311 Nam
1532 5254 1635 5312 sisub

289 5349 366 5395 tense
386 5357 464 5397 arcus
482 5343 555 5397 serbi
574 5357 657 5397 ceusa
674 5342 702 5396 in
718 5340 771 5393 tria
789 5335 914 5408 aequalis
936 5341 1058 5403 secetur,
1085 5334 1207 5406 siquae
1220 5344 1326 5402 secant,
1354 5333 1616 5405 perpendiculares
1606 5350 1636 5390 tn

289 5421 445 5476 subtensam
463 5420 577 5490 inerint,
600 5421 690 5476 medis
706 5435 770 5491 pers
789 5431 868 5474 arcus
886 5412 939 5470 erit
956 5414 1043 5468 minor
1059 5411 1230 5474 lateralibus:
1256 5414 1297 5467 siu
1317 5428 1350 5467 ex
1368 5421 1461 5469 centro
1479 5421 1560 5469 arcus
1578 5412 1635 5469 iue-

289 5498 343 5553 rint
360 5514 485 5568 egressae
504 5499 647 5564 secuisse,
672 5498 761 5554 media
777 5512 840 5567 pers
859 5510 938 5551 ιιιιι
957 5491 1008 5549 erit
1026 5492 1112 5561 major
1128 5477 1295 5547 lateralibus.
1332 5492 1419 5562 Igitur
1439 5492 1514 5548 inter
1532 5491 1634 5548 dietam

289 5578 354 5633 tiem
371 5578 504 5634 infinitum
521 5586 549 5633 et
567 5587 690 5634 centrum
707 5575 800 5632 circuli
817 5583 960 5646 punctum
965 5578 1020 5639 est,
1040 5587 1073 5626 ex
1092 5588 1145 5643 quo
1163 5571 1276 5628 eductae
1295 5569 1365 5626 duee
1382 5570 1510 5626 sectriecn
1527 5577 1556 5629 et
1573 5569 1636 5628 sub·

289 5664 393 5721 ιιιιιιι
411 5663 440 5712 et
456 5671 550 5712 arcum
567 5656 627 5725 ειιιι
644 5657 672 5712 in
690 5656 744 5711 tria
760 5653 885 5725 aequalia
901 5658 1033 5709 secarent
1068 5650 1101 5706 ld
1112 5665 1175 5707 vero
1191 5658 1324 5721 punctum
1337 5665 1444 5721 semper
1454 5657 1532 5707 tento
1549 5657 1635 5712 temo·

288 5732 343 5791 tius
358 5741 402 5790 est
418 5734 453 5792 eb
472 5750 537 5791 srcu
553 5734 654 5805 cuculi,
672 5740 773 5805 quanto
788 5732 877 5787 minor
894 5745 973 5786 arcus
991 5728 1085 5785 circuli
1102 5727 1272 5788 truecsndus
1284 5725 1333 5800 e'st,
1352 5728 1527 5801 proportione
1544 5735 1636 5786 ιιιιιιι
