<?xml version="1.0" encoding="UTF-8"?>
<!DOCTYPE html PUBLIC "-//W3C//DTD XHTML 1.0 Transitional//EN"
    "http://www.w3.org/TR/xhtml1/DTD/xhtml1-transitional.dtd">
<html xmlns="http://www.w3.org/1999/xhtml" xml:lang="en" lang="en">
 <head>
  <title>
</title>
<meta http-equiv="Content-Type" content="text/html;charset=utf-8" />
  <meta name='ocr-system' content='tesseract 3.04.00' />
  <meta name='ocr-capabilities' content='ocr_page ocr_carea ocr_par ocr_line ocrx_word'/>
</head>
<body>
  <div class='ocr_page' id='page_1' title='image "./joanniskepleria09frisgoog_0296.png"; bbox 0 0 3684 7259; ppageno 0'>
   <div class='ocr_carea' id='block_1_1' title="bbox 284 1190 1238 1257">
    <p class='ocr_par' dir='ltr' id='par_1_1' title="bbox 284 1190 1238 1257">
     <span class='ocr_line' id='line_1_1' title="bbox 284 1190 1238 1257; baseline -0.001 -10"><span class='ocrx_word' id='word_1_1' title='bbox 284 1198 349 1257; x_wconf 72' lang='lat'><strong>284</strong></span> <span class='ocrx_word' id='word_1_2' title='bbox 671 1192 714 1245; x_wconf 86' lang='lat' dir='ltr'><strong>De</strong></span> <span class='ocrx_word' id='word_1_3' title='bbox 731 1190 852 1247; x_wconf 73' lang='lat' dir='ltr'><strong>Motibus</strong></span> <span class='ocrx_word' id='word_1_4' title='bbox 870 1190 1044 1246; x_wconf 71' lang='lat' dir='ltr'><strong>Planetarum</strong></span> <span class='ocrx_word' id='word_1_5' title='bbox 1060 1190 1238 1246; x_wconf 76' lang='lat' dir='ltr'><strong>Harmonirr&#39;s.</strong></span> 
     </span>
    </p>
   </div>
   <div class='ocr_carea' id='block_1_2' title="bbox 255 1369 1649 3988">
    <p class='ocr_par' dir='ltr' id='par_1_2' title="bbox 372 1369 1635 1447">
     <span class='ocr_line' id='line_1_2' title="bbox 372 1369 1635 1447; baseline 0.001 -17"><span class='ocrx_word' id='word_1_6' title='bbox 372 1369 419 1431; x_wconf 75' lang='lat' dir='ltr'><strong>Ac</strong></span> <span class='ocrx_word' id='word_1_7' title='bbox 448 1387 513 1430; x_wconf 79' lang='lat' dir='ltr'><strong>crim</strong></span> <span class='ocrx_word' id='word_1_8' title='bbox 550 1370 590 1429; x_wconf 85' lang='lat' dir='ltr'><strong>sit</strong></span> <span class='ocrx_word' id='word_1_9' title='bbox 616 1371 786 1446; x_wconf 85' lang='lat' dir='ltr'><strong>conjectura</strong></span> <span class='ocrx_word' id='word_1_10' title='bbox 815 1370 1054 1447; x_wconf 68' lang='lat' dir='ltr'><strong>probabilissima</strong></span> <span class='ocrx_word' id='word_1_11' title='bbox 1084 1372 1205 1447; x_wconf 88' lang='lat' dir='ltr'><strong>(quippe</strong></span> <span class='ocrx_word' id='word_1_12' title='bbox 1232 1373 1302 1429; x_wconf 83' lang='lat' dir='ltr'><strong>nixa</strong></span> <span class='ocrx_word' id='word_1_13' title='bbox 1336 1371 1635 1431; x_wconf 84' lang='lat' dir='ltr'><strong>demonstrationibus</strong></span> 
     </span>
    </p>

    <p class='ocr_par' dir='ltr' id='par_1_3' title="bbox 255 1457 1649 3725">
     <span class='ocr_line' id='line_1_3' title="bbox 285 1457 1636 1537; baseline -0.001 -19"><span class='ocrx_word' id='word_1_14' title='bbox 285 1460 469 1537; x_wconf 81' lang='lat' dir='ltr'><strong>geometricis</strong></span> <span class='ocrx_word' id='word_1_15' title='bbox 491 1466 521 1517; x_wconf 88' lang='lat' dir='ltr'><strong>et</strong></span> <span class='ocrx_word' id='word_1_16' title='bbox 542 1457 673 1517; x_wconf 82' lang='lat' dir='ltr'><strong>doctrina</strong></span> <span class='ocrx_word' id='word_1_17' title='bbox 696 1458 732 1518; x_wconf 89' lang='lat' dir='ltr'><strong>de</strong></span> <span class='ocrx_word' id='word_1_18' title='bbox 755 1462 851 1517; x_wconf 88' lang='lat' dir='ltr'><strong>causis</strong></span> <span class='ocrx_word' id='word_1_19' title='bbox 873 1468 1006 1518; x_wconf 83' lang='lat' dir='ltr'><strong>moinum</strong></span> <span class='ocrx_word' id='word_1_20' title='bbox 1028 1458 1270 1534; x_wconf 83' lang='lat' dir='ltr'><strong>planetariorum,</strong></span> <span class='ocrx_word' id='word_1_21' title='bbox 1294 1458 1400 1517; x_wconf 89' lang='lat' dir='ltr'><strong>tradita</strong></span> <span class='ocrx_word' id='word_1_22' title='bbox 1423 1462 1453 1516; x_wconf 92' lang='lat' dir='ltr'><strong>in</strong></span> <span class='ocrx_word' id='word_1_23' title='bbox 1476 1460 1636 1518; x_wconf 89' lang='lat' dir='ltr'><strong>Commen-</strong></span> 
     </span>
     <span class='ocr_line' id='line_1_4' title="bbox 284 1543 1636 1623; baseline -0.001 -16"><span class='ocrx_word' id='word_1_24' title='bbox 284 1549 367 1607; x_wconf 80' lang='lat' dir='ltr'><strong>tariis</strong></span> <span class='ocrx_word' id='word_1_25' title='bbox 388 1543 505 1623; x_wconf 73' lang='lat' dir='ltr'><strong>nuru)</strong></span> <span class='ocrx_word' id='word_1_26' title='bbox 532 1545 714 1621; x_wconf 80' lang='lat' dir='ltr'><strong>planetarum</strong></span> <span class='ocrx_word' id='word_1_27' title='bbox 747 1546 840 1605; x_wconf 90' lang='lat' dir='ltr'><strong>moles</strong></span> <span class='ocrx_word' id='word_1_28' title='bbox 868 1564 1021 1621; x_wconf 92' lang='lat' dir='ltr'><strong>corporum</strong></span> <span class='ocrx_word' id='word_1_29' title='bbox 1051 1562 1114 1604; x_wconf 85' lang='lat' dir='ltr'><strong>esse</strong></span> <span class='ocrx_word' id='word_1_30' title='bbox 1146 1548 1176 1603; x_wconf 87' lang='lat' dir='ltr'><strong>in</strong></span> <span class='ocrx_word' id='word_1_31' title='bbox 1206 1548 1392 1623; x_wconf 75' lang='lat' dir='ltr'><strong>proportione</strong></span> <span class='ocrx_word' id='word_1_32' title='bbox 1419 1546 1636 1623; x_wconf 89' lang='lat' dir='ltr'><strong>periodicorum</strong></span> 
     </span>
     <span class='ocr_line' id='line_1_5' title="bbox 285 1632 1636 1711; baseline -0.002 -16"><span class='ocrx_word' id='word_1_33' title='bbox 285 1637 461 1711; x_wconf 86' lang='lat' dir='ltr'><strong>temporum,</strong></span> <span class='ocrx_word' id='word_1_34' title='bbox 492 1634 534 1691; x_wconf 89' lang='lat' dir='ltr'><strong>sic</strong></span> <span class='ocrx_word' id='word_1_35' title='bbox 564 1642 596 1691; x_wconf 90' lang='lat' dir='ltr'><strong>ut</strong></span> <span class='ocrx_word' id='word_1_36' title='bbox 619 1633 736 1692; x_wconf 78' lang='lat' dir='ltr'>Saturni</span> <span class='ocrx_word' id='word_1_37' title='bbox 760 1633 866 1707; x_wconf 82' lang='lat' dir='ltr'><strong>globus</strong></span> <span class='ocrx_word' id='word_1_38' title='bbox 887 1636 927 1692; x_wconf 88' lang='lat' dir='ltr'><strong>sit</strong></span> <span class='ocrx_word' id='word_1_39' title='bbox 950 1632 1110 1709; x_wconf 81' lang='lat' dir='ltr'><strong>trigacuplo</strong></span> <span class='ocrx_word' id='word_1_40' title='bbox 1138 1635 1251 1692; x_wconf 79' lang='lat' dir='ltr'>circiter</span> <span class='ocrx_word' id='word_1_41' title='bbox 1271 1635 1365 1709; x_wconf 85' lang='lat' dir='ltr'><strong>major</strong></span> <span class='ocrx_word' id='word_1_42' title='bbox 1386 1634 1475 1708; x_wconf 84' lang='lat' dir='ltr'><strong>globo</strong></span> <span class='ocrx_word' id='word_1_43' title='bbox 1498 1635 1636 1710; x_wconf 82' lang='lat' dir='ltr'><strong>Telluris,</strong></span> 
     </span>
     <span class='ocr_line' id='line_1_6' title="bbox 284 1719 1637 1799; baseline -0.002 -16"><span class='ocrx_word' id='word_1_44' title='bbox 284 1720 402 1799; x_wconf 77' lang='lat' dir='ltr'><strong>Jupiter</strong></span> <span class='ocrx_word' id='word_1_45' title='bbox 423 1719 617 1797; x_wconf 87' lang='lat' dir='ltr'><strong>duodeeuplo,</strong></span> <span class='ocrx_word' id='word_1_46' title='bbox 640 1720 721 1780; x_wconf 81' lang='lat' dir='ltr'><strong>biars</strong></span> <span class='ocrx_word' id='word_1_47' title='bbox 743 1723 838 1780; x_wconf 86' lang='lat' dir='ltr'><strong>miuus</strong></span> <span class='ocrx_word' id='word_1_48' title='bbox 861 1720 960 1798; x_wconf 88' lang='lat' dir='ltr'><strong>duplo,</strong></span> <span class='ocrx_word' id='word_1_49' title='bbox 983 1721 1074 1779; x_wconf 83' lang='lat' dir='ltr'><strong>Terra</strong></span> <span class='ocrx_word' id='word_1_50' title='bbox 1088 1719 1169 1797; x_wconf 80' lang='lat' dir='ltr'><strong>globi</strong></span> <span class='ocrx_word' id='word_1_51' title='bbox 1184 1720 1309 1779; x_wconf 87' lang='lat' dir='ltr'><strong>Veneris</strong></span> <span class='ocrx_word' id='word_1_52' title='bbox 1323 1722 1515 1798; x_wconf 85' lang='lat' dir='ltr'><strong>sesquialtero</strong></span> <span class='ocrx_word' id='word_1_53' title='bbox 1532 1724 1637 1797; x_wconf 89' lang='lat' dir='ltr'><strong>major,</strong></span> 
     </span>
     <span class='ocr_line' id='line_1_7' title="bbox 284 1807 1639 1886; baseline 0 -17"><span class='ocrx_word' id='word_1_54' title='bbox 284 1808 468 1869; x_wconf 71' lang='lat' dir='ltr'><strong>Mercurialis</strong></span> <span class='ocrx_word' id='word_1_55' title='bbox 489 1807 571 1885; x_wconf 83' lang='lat' dir='ltr'><strong>globi</strong></span> <span class='ocrx_word' id='word_1_56' title='bbox 594 1808 758 1886; x_wconf 88' lang='lat' dir='ltr'><strong>quadruplo</strong></span> <span class='ocrx_word' id='word_1_57' title='bbox 780 1808 887 1885; x_wconf 86' lang='lat' dir='ltr'><strong>major:</strong></span> <span class='ocrx_word' id='word_1_58' title='bbox 920 1825 980 1868; x_wconf 91' lang='lat' dir='ltr'><strong>nou</strong></span> <span class='ocrx_word' id='word_1_59' title='bbox 1006 1818 1090 1867; x_wconf 89' lang='lat' dir='ltr'><strong>erunt</strong></span> <span class='ocrx_word' id='word_1_60' title='bbox 1119 1810 1207 1884; x_wconf 91' lang='lat' dir='ltr'><strong>igitur</strong></span> <span class='ocrx_word' id='word_1_61' title='bbox 1237 1826 1332 1883; x_wconf 90' lang='lat' dir='ltr'><strong>neque</strong></span> <span class='ocrx_word' id='word_1_62' title='bbox 1354 1810 1411 1869; x_wconf 85' lang='lat' dir='ltr'><strong>bae</strong></span> <span class='ocrx_word' id='word_1_63' title='bbox 1432 1813 1639 1886; x_wconf 81' lang='lat' dir='ltr'><strong>proportiones</strong></span> 
     </span>
     <span class='ocr_line' id='line_1_8' title="bbox 284 1895 781 1973; baseline 0.004 -20"><span class='ocrx_word' id='word_1_64' title='bbox 284 1913 438 1973; x_wconf 80' lang='lat' dir='ltr'><strong>corporum</strong></span> <span class='ocrx_word' id='word_1_65' title='bbox 460 1895 655 1956; x_wconf 84' lang='lat' dir='ltr'><strong>harmonicae.</strong></span> <span class='ocrx_word' id='word_1_66' title='bbox 775 1959 781 1963; x_wconf 68' lang='grc'><strong>,</strong></span> 
     </span>
     <span class='ocr_line' id='line_1_9' title="bbox 296 1981 1640 2059; baseline 0 -16"><span class='ocrx_word' id='word_1_67' title='bbox 296 2048 300 2054; x_wconf 61' lang='grc'><em>,</em></span> <span class='ocrx_word' id='word_1_68' title='bbox 371 1983 447 2043; x_wconf 84' lang='lat' dir='ltr'><strong>Cum</strong></span> <span class='ocrx_word' id='word_1_69' title='bbox 467 1990 565 2042; x_wconf 88' lang='lat' dir='ltr'><strong>autem</strong></span> <span class='ocrx_word' id='word_1_70' title='bbox 588 1984 670 2042; x_wconf 89' lang='lat' dir='ltr'><strong>Deus</strong></span> <span class='ocrx_word' id='word_1_71' title='bbox 691 1981 764 2041; x_wconf 87' lang='lat' dir='ltr'><strong>nibil</strong></span> <span class='ocrx_word' id='word_1_72' title='bbox 786 1985 849 2041; x_wconf 88' lang='lat' dir='ltr'><strong>siue</strong></span> <span class='ocrx_word' id='word_1_73' title='bbox 879 1984 1057 2058; x_wconf 86' lang='lat' dir='ltr'><strong>geometrica</strong></span> <span class='ocrx_word' id='word_1_74' title='bbox 1085 1981 1523 2058; x_wconf 84' lang='lat' dir='ltr'><strong>pulchritudineconstitnerit,</strong></span> <span class='ocrx_word' id='word_1_75' title='bbox 1557 1984 1640 2059; x_wconf 86' lang='lat' dir='ltr'><strong>quod</strong></span> 
     </span>
     <span class='ocr_line' id='line_1_10' title="bbox 285 2068 1641 2146; baseline -0.001 -15"><span class='ocrx_word' id='word_1_76' title='bbox 285 2088 343 2131; x_wconf 89' lang='lat' dir='ltr'><strong>uon</strong></span> <span class='ocrx_word' id='word_1_77' title='bbox 366 2072 404 2129; x_wconf 89' lang='lat' dir='ltr'><strong>ab</strong></span> <span class='ocrx_word' id='word_1_78' title='bbox 428 2069 488 2130; x_wconf 88' lang='lat' dir='ltr'><strong>alio</strong></span> <span class='ocrx_word' id='word_1_79' title='bbox 510 2073 606 2146; x_wconf 91' lang='lat' dir='ltr'><strong>priore</strong></span> <span class='ocrx_word' id='word_1_80' title='bbox 629 2070 755 2146; x_wconf 88' lang='lat' dir='ltr'><strong>quadarn</strong></span> <span class='ocrx_word' id='word_1_81' title='bbox 777 2072 960 2130; x_wconf 78' lang='lat' dir='ltr'><strong>necessitatis</strong></span> <span class='ocrx_word' id='word_1_82' title='bbox 975 2069 1040 2143; x_wconf 90' lang='lat' dir='ltr'><strong>lege</strong></span> <span class='ocrx_word' id='word_1_83' title='bbox 1062 2071 1101 2127; x_wconf 88' lang='lat' dir='ltr'><strong>sir</strong></span> <span class='ocrx_word' id='word_1_84' title='bbox 1116 2086 1232 2142; x_wconf 86' lang='lat' dir='ltr'><strong>nexum,</strong></span> <span class='ocrx_word' id='word_1_85' title='bbox 1254 2069 1340 2129; x_wconf 84' lang='lat' dir='ltr'><strong>facile</strong></span> <span class='ocrx_word' id='word_1_86' title='bbox 1363 2068 1537 2145; x_wconf 82' lang='lat' dir='ltr'><strong>colligimus,</strong></span> <span class='ocrx_word' id='word_1_87' title='bbox 1562 2080 1641 2132; x_wconf 91' lang='lat' dir='ltr'><strong>tem-</strong></span> 
     </span>
     <span class='ocr_line' id='line_1_11' title="bbox 285 2156 1639 2236; baseline 0.002 -19"><span class='ocrx_word' id='word_1_88' title='bbox 285 2160 407 2236; x_wconf 89' lang='lat' dir='ltr'><strong>poribus</strong></span> <span class='ocrx_word' id='word_1_89' title='bbox 436 2158 593 2235; x_wconf 87' lang='lat' dir='ltr'><strong>periodicis</strong></span> <span class='ocrx_word' id='word_1_90' title='bbox 623 2177 693 2217; x_wconf 87' lang='lat' dir='ltr'><strong>suas</strong></span> <span class='ocrx_word' id='word_1_91' title='bbox 716 2157 1033 2236; x_wconf 62' lang='lat' dir='ltr'><strong>veniresproiixicates</strong></span> <span class='ocrx_word' id='word_1_92' title='bbox 1063 2156 1197 2231; x_wconf 79' lang='lat' dir='ltr'><strong>adeoque</strong></span> <span class='ocrx_word' id='word_1_93' title='bbox 1224 2165 1253 2216; x_wconf 88' lang='lat' dir='ltr'><strong>et</strong></span> <span class='ocrx_word' id='word_1_94' title='bbox 1284 2159 1454 2235; x_wconf 81' lang='lat' dir='ltr'><strong>corporibus</strong></span> <span class='ocrx_word' id='word_1_95' title='bbox 1476 2159 1639 2220; x_wconf 86' lang='lat' dir='ltr'><strong>mobilibus</strong></span> 
     </span>
     <span class='ocr_line' id='line_1_12' title="bbox 285 2243 1641 2331; baseline -0.001 -25"><span class='ocrx_word' id='word_1_96' title='bbox 285 2265 356 2331; x_wconf 75' lang='lat' dir='ltr'><strong>snas</strong></span> <span class='ocrx_word' id='word_1_97' title='bbox 377 2246 469 2305; x_wconf 88' lang='lat' dir='ltr'><strong>moles</strong></span> <span class='ocrx_word' id='word_1_98' title='bbox 492 2245 530 2304; x_wconf 92' lang='lat' dir='ltr'><strong>ab</strong></span> <span class='ocrx_word' id='word_1_99' title='bbox 553 2245 667 2321; x_wconf 83' lang='lat' dir='ltr'><strong>aliquo,</strong></span> <span class='ocrx_word' id='word_1_100' title='bbox 702 2244 781 2320; x_wconf 89' lang='lat' dir='ltr'><strong>qnod</strong></span> <span class='ocrx_word' id='word_1_101' title='bbox 813 2253 857 2304; x_wconf 88' lang='lat' dir='ltr'><strong>est</strong></span> <span class='ocrx_word' id='word_1_102' title='bbox 888 2248 918 2303; x_wconf 90' lang='lat' dir='ltr'><strong>iu</strong></span> <span class='ocrx_word' id='word_1_103' title='bbox 941 2243 1100 2320; x_wconf 88' lang='lat' dir='ltr'><strong>archetypo</strong></span> <span class='ocrx_word' id='word_1_104' title='bbox 1131 2246 1226 2321; x_wconf 88' lang='lat' dir='ltr'><strong>prius,</strong></span> <span class='ocrx_word' id='word_1_105' title='bbox 1258 2244 1295 2302; x_wconf 90' lang='lat' dir='ltr'><strong>ad</strong></span> <span class='ocrx_word' id='word_1_106' title='bbox 1319 2244 1398 2321; x_wconf 89' lang='lat' dir='ltr'><strong>quod</strong></span> <span class='ocrx_word' id='word_1_107' title='bbox 1419 2247 1641 2321; x_wconf 83' lang='lat' dir='ltr'><strong>exprimendum</strong></span> 
     </span>
     <span class='ocr_line' id='line_1_13' title="bbox 288 2331 1649 2413; baseline 0.002 -22"><span class='ocrx_word' id='word_1_108' title='bbox 288 2337 373 2406; x_wconf 89' lang='lat' dir='ltr'><strong>istae,</strong></span> <span class='ocrx_word' id='word_1_109' title='bbox 397 2342 429 2392; x_wconf 91' lang='lat' dir='ltr'><strong>ut</strong></span> <span class='ocrx_word' id='word_1_110' title='bbox 453 2332 588 2392; x_wconf 90' lang='lat' dir='ltr'><strong>videntur</strong></span> <span class='ocrx_word' id='word_1_111' title='bbox 609 2336 888 2410; x_wconf 88' lang='lat' dir='ltr'><strong>improportiouatae</strong></span> <span class='ocrx_word' id='word_1_112' title='bbox 911 2332 1003 2390; x_wconf 92' lang='lat' dir='ltr'><strong>moles</strong></span> <span class='ocrx_word' id='word_1_113' title='bbox 1026 2339 1055 2389; x_wconf 91' lang='lat' dir='ltr'><strong>et</strong></span> <span class='ocrx_word' id='word_1_114' title='bbox 1083 2331 1212 2407; x_wconf 90' lang='lat' dir='ltr'><strong>periodi,</strong></span> <span class='ocrx_word' id='word_1_115' title='bbox 1240 2338 1308 2390; x_wconf 87' lang='lat' dir='ltr'><strong>sunt</strong></span> <span class='ocrx_word' id='word_1_116' title='bbox 1336 2334 1366 2389; x_wconf 92' lang='lat' dir='ltr'><strong>in</strong></span> <span class='ocrx_word' id='word_1_117' title='bbox 1388 2332 1466 2391; x_wconf 89' lang='lat' dir='ltr'><strong>hunc</strong></span> <span class='ocrx_word' id='word_1_118' title='bbox 1487 2335 1649 2413; x_wconf 74' lang='lat' dir='ltr'><strong>modulum¹</strong></span> 
     </span>
     <span class='ocr_line' id='line_1_14' title="bbox 287 2417 1643 2498; baseline 0.001 -19"><span class='ocrx_word' id='word_1_119' title='bbox 287 2428 416 2498; x_wconf 90' lang='lat' dir='ltr'><strong>aptatae.</strong></span> <span class='ocrx_word' id='word_1_120' title='bbox 462 2420 502 2479; x_wconf 83' lang='lat' dir='ltr'><strong>At</strong></span> <span class='ocrx_word' id='word_1_121' title='bbox 525 2420 664 2480; x_wconf 85' lang='lat' dir='ltr'><strong>collectas</strong></span> <span class='ocrx_word' id='word_1_122' title='bbox 693 2438 759 2480; x_wconf 88' lang='lat' dir='ltr'><strong>esse</strong></span> <span class='ocrx_word' id='word_1_123' title='bbox 781 2420 839 2477; x_wconf 84' lang='lat' dir='ltr'><strong>dixi</strong></span> <span class='ocrx_word' id='word_1_124' title='bbox 869 2419 1006 2497; x_wconf 90' lang='lat' dir='ltr'><strong>periodos</strong></span> <span class='ocrx_word' id='word_1_125' title='bbox 1034 2436 1069 2477; x_wconf 81' lang='lat' dir='ltr'><strong>er</strong></span> <span class='ocrx_word' id='word_1_126' title='bbox 1099 2422 1188 2477; x_wconf 89' lang='lat' dir='ltr'><strong>moris</strong></span> <span class='ocrx_word' id='word_1_127' title='bbox 1217 2419 1409 2495; x_wconf 84' lang='lat' dir='ltr'><strong>longissimis,</strong></span> <span class='ocrx_word' id='word_1_128' title='bbox 1444 2417 1643 2481; x_wconf 84' lang='lat' dir='ltr'><strong>mediocribus</strong></span> 
     </span>
     <span class='ocr_line' id='line_1_15' title="bbox 285 2505 1642 2585; baseline -0.001 -16"><span class='ocrx_word' id='word_1_129' title='bbox 285 2516 315 2569; x_wconf 91' lang='lat' dir='ltr'><strong>et</strong></span> <span class='ocrx_word' id='word_1_130' title='bbox 337 2507 526 2568; x_wconf 86' lang='lat' dir='ltr'><strong>tardissimis:</strong></span> <span class='ocrx_word' id='word_1_131' title='bbox 560 2515 677 2584; x_wconf 86' lang='lat' dir='ltr'><strong>oportet</strong></span> <span class='ocrx_word' id='word_1_132' title='bbox 708 2509 796 2585; x_wconf 91' lang='lat' dir='ltr'><strong>igitur</strong></span> <span class='ocrx_word' id='word_1_133' title='bbox 817 2507 865 2566; x_wconf 90' lang='lat' dir='ltr'><strong>vel</strong></span> <span class='ocrx_word' id='word_1_134' title='bbox 893 2510 922 2565; x_wconf 90' lang='lat' dir='ltr'><strong>in</strong></span> <span class='ocrx_word' id='word_1_135' title='bbox 952 2507 997 2565; x_wconf 90' lang='lat' dir='ltr'><strong>his</strong></span> <span class='ocrx_word' id='word_1_136' title='bbox 1025 2508 1133 2577; x_wconf 90' lang='lat' dir='ltr'><strong>moris,</strong></span> <span class='ocrx_word' id='word_1_137' title='bbox 1163 2505 1210 2564; x_wconf 91' lang='lat' dir='ltr'><strong>vel</strong></span> <span class='ocrx_word' id='word_1_138' title='bbox 1233 2509 1257 2564; x_wconf 90' lang='lat' dir='ltr'><strong>si</strong></span> <span class='ocrx_word' id='word_1_139' title='bbox 1280 2506 1351 2582; x_wconf 87' lang='lat' dir='ltr'><strong>qnid</strong></span> <span class='ocrx_word' id='word_1_140' title='bbox 1382 2510 1484 2566; x_wconf 87' lang='lat' dir='ltr'><strong>estiis</strong></span> <span class='ocrx_word' id='word_1_141' title='bbox 1507 2512 1589 2585; x_wconf 90' lang='lat' dir='ltr'><strong>prins</strong></span> <span class='ocrx_word' id='word_1_142' title='bbox 1613 2513 1642 2567; x_wconf 92' lang='lat' dir='ltr'><strong>in</strong></span> 
     </span>
     <span class='ocr_line' id='line_1_16' title="bbox 285 2585 1643 2673; baseline 0 -17"><span class='ocrx_word' id='word_1_143' title='bbox 285 2605 383 2656; x_wconf 89' lang='lat' dir='ltr'><strong>mente</strong></span> <span class='ocrx_word' id='word_1_144' title='bbox 406 2594 539 2673; x_wconf 84' lang='lat' dir='ltr'><strong>Opificis,</strong></span> <span class='ocrx_word' id='word_1_145' title='bbox 562 2598 683 2654; x_wconf 87' lang='lat' dir='ltr'><strong>inveniri</strong></span> <span class='ocrx_word' id='word_1_146' title='bbox 708 2585 1140 2670; x_wconf 80' lang='lat' dir='ltr'><strong>concinnitates&#39;geomeuicas.</strong></span> <span class='ocrx_word' id='word_1_147' title='bbox 1175 2594 1323 2652; x_wconf 84' lang='lat' dir='ltr'><strong>Morarum</strong></span> <span class='ocrx_word' id='word_1_148' title='bbox 1347 2612 1417 2654; x_wconf 90' lang='lat' dir='ltr'><strong>vero</strong></span> <span class='ocrx_word' id='word_1_149' title='bbox 1436 2600 1643 2673; x_wconf 86' lang='lat' dir='ltr'><strong>proportiones</strong></span> 
     </span>
     <span class='ocr_line' id='line_1_17' title="bbox 285 2681 1644 2761; baseline 0.001 -19"><span class='ocrx_word' id='word_1_150' title='bbox 285 2700 379 2744; x_wconf 85' lang='lat' dir='ltr'><strong>nexae</strong></span> <span class='ocrx_word' id='word_1_151' title='bbox 409 2692 478 2743; x_wconf 88' lang='lat' dir='ltr'><strong>snut</strong></span> <span class='ocrx_word' id='word_1_152' title='bbox 508 2685 546 2742; x_wconf 89' lang='lat' dir='ltr'><strong>ab</strong></span> <span class='ocrx_word' id='word_1_153' title='bbox 573 2701 692 2742; x_wconf 87' lang='lat' dir='ltr'><strong>arcuum</strong></span> <span class='ocrx_word' id='word_1_154' title='bbox 724 2682 890 2741; x_wconf 89' lang='lat' dir='ltr'><strong>diurnorum</strong></span> <span class='ocrx_word' id='word_1_155' title='bbox 921 2681 1176 2758; x_wconf 88' lang='lat' dir='ltr'><strong>proportionibus,</strong></span> <span class='ocrx_word' id='word_1_156' title='bbox 1211 2684 1282 2758; x_wconf 90' lang='lat' dir='ltr'><strong>quia</strong></span> <span class='ocrx_word' id='word_1_157' title='bbox 1310 2699 1395 2740; x_wconf 89' lang='lat' dir='ltr'><strong>arcus</strong></span> <span class='ocrx_word' id='word_1_158' title='bbox 1425 2687 1644 2761; x_wconf 89' lang='lat' dir='ltr'><strong>proportionem</strong></span> 
     </span>
     <span class='ocr_line' id='line_1_18' title="bbox 287 2768 1644 2847; baseline -0.001 -15"><span class='ocrx_word' id='word_1_159' title='bbox 287 2789 421 2833; x_wconf 86' lang='lat' dir='ltr'><strong>eversam</strong></span> <span class='ocrx_word' id='word_1_160' title='bbox 444 2771 554 2830; x_wconf 87' lang='lat' dir='ltr'><strong>babent</strong></span> <span class='ocrx_word' id='word_1_161' title='bbox 576 2773 772 2847; x_wconf 87' lang='lat' dir='ltr'><strong>proportionis</strong></span> <span class='ocrx_word' id='word_1_162' title='bbox 794 2787 948 2830; x_wconf 84' lang='lat' dir='ltr'><strong>morarum</strong></span> <span class='ocrx_word' id='word_1_163' title='bbox 992 2768 1117 2827; x_wconf 88' lang='lat' dir='ltr'><strong>Rursum</strong></span> <span class='ocrx_word' id='word_1_164' title='bbox 1147 2777 1177 2827; x_wconf 93' lang='lat' dir='ltr'><strong>et</strong></span> <span class='ocrx_word' id='word_1_165' title='bbox 1198 2787 1342 2827; x_wconf 90' lang='lat' dir='ltr'><strong>morarum</strong></span> <span class='ocrx_word' id='word_1_166' title='bbox 1367 2778 1396 2829; x_wconf 91' lang='lat' dir='ltr'><strong>et</strong></span> <span class='ocrx_word' id='word_1_167' title='bbox 1418 2772 1644 2831; x_wconf 87' lang='lat' dir='ltr'><strong>intervallorum</strong></span> 
     </span>
     <span class='ocr_line' id='line_1_19' title="bbox 255 2855 1642 2935; baseline 0.004 -21"><span class='ocrx_word' id='word_1_168' title='bbox 255 2907 258 2914; x_wconf 77' lang='grc'><strong><em>,</em></strong></span> <span class='ocrx_word' id='word_1_169' title='bbox 286 2861 374 2919; x_wconf 89' lang='lat' dir='ltr'><strong>unius</strong></span> <span class='ocrx_word' id='word_1_170' title='bbox 397 2858 522 2935; x_wconf 89' lang='lat' dir='ltr'><strong>alicujus</strong></span> <span class='ocrx_word' id='word_1_171' title='bbox 545 2858 680 2935; x_wconf 88' lang='lat' dir='ltr'><strong>planetae</strong></span> <span class='ocrx_word' id='word_1_172' title='bbox 701 2859 904 2934; x_wconf 89' lang='lat' dir='ltr'><strong>proportiones</strong></span> <span class='ocrx_word' id='word_1_173' title='bbox 919 2856 1045 2931; x_wconf 88' lang='lat' dir='ltr'><strong>diximus</strong></span> <span class='ocrx_word' id='word_1_174' title='bbox 1068 2873 1132 2915; x_wconf 87' lang='lat' dir='ltr'><strong>esse</strong></span> <span class='ocrx_word' id='word_1_175' title='bbox 1156 2856 1282 2915; x_wconf 87' lang='lat' dir='ltr'><strong>easdem.</strong></span> <span class='ocrx_word' id='word_1_176' title='bbox 1315 2855 1401 2931; x_wconf 84' lang='lat' dir='ltr'><strong>Quod</strong></span> <span class='ocrx_word' id='word_1_177' title='bbox 1424 2860 1512 2933; x_wconf 88' lang='lat' dir='ltr'><strong>igitur</strong></span> <span class='ocrx_word' id='word_1_178' title='bbox 1535 2863 1642 2919; x_wconf 85' lang='lat' dir='ltr'><strong>attinet</strong></span> 
     </span>
     <span class='ocr_line' id='line_1_20' title="bbox 285 2944 1642 3026; baseline -0.001 -20"><span class='ocrx_word' id='word_1_179' title='bbox 285 2948 419 3026; x_wconf 88' lang='lat' dir='ltr'><strong>planetas</strong></span> <span class='ocrx_word' id='word_1_180' title='bbox 442 2945 582 3021; x_wconf 89' lang='lat' dir='ltr'><strong>singulos,</strong></span> <span class='ocrx_word' id='word_1_181' title='bbox 606 2965 665 3004; x_wconf 86' lang='lat' dir='ltr'><strong>nna</strong></span> <span class='ocrx_word' id='word_1_182' title='bbox 688 2953 717 3005; x_wconf 91' lang='lat' dir='ltr'><strong>et</strong></span> <span class='ocrx_word' id='word_1_183' title='bbox 740 2945 841 3004; x_wconf 86' lang='lat' dir='ltr'><strong>eadem</strong></span> <span class='ocrx_word' id='word_1_184' title='bbox 857 2948 911 3003; x_wconf 88' lang='lat' dir='ltr'><strong>erit</strong></span> <span class='ocrx_word' id='word_1_185' title='bbox 934 2944 1128 3002; x_wconf 87' lang='lat' dir='ltr'><strong>consideratio</strong></span> <span class='ocrx_word' id='word_1_186' title='bbox 1144 2946 1230 3001; x_wconf 88' lang='lat' dir='ltr'><strong>triurn</strong></span> <span class='ocrx_word' id='word_1_187' title='bbox 1245 2944 1363 3001; x_wconf 86' lang='lat' dir='ltr'><strong>borum:</strong></span> <span class='ocrx_word' id='word_1_188' title='bbox 1388 2961 1516 3018; x_wconf 89' lang='lat' dir='ltr'><strong>arcuum,</strong></span> <span class='ocrx_word' id='word_1_189' title='bbox 1540 2966 1642 3005; x_wconf 90' lang='lat' dir='ltr'><strong>mora-</strong></span> 
     </span>
     <span class='ocr_line' id='line_1_21' title="bbox 289 3030 1640 3109; baseline -0.001 -15"><span class='ocrx_word' id='word_1_190' title='bbox 289 3054 353 3094; x_wconf 93' lang='lat' dir='ltr'><strong>rum</strong></span> <span class='ocrx_word' id='word_1_191' title='bbox 383 3037 413 3092; x_wconf 91' lang='lat' dir='ltr'><strong>in</strong></span> <span class='ocrx_word' id='word_1_192' title='bbox 446 3034 571 3093; x_wconf 87' lang='lat' dir='ltr'><strong>arcubus</strong></span> <span class='ocrx_word' id='word_1_193' title='bbox 594 3033 768 3109; x_wconf 85' lang='lat' dir='ltr'><strong>aequalibus</strong></span> <span class='ocrx_word' id='word_1_194' title='bbox 800 3043 828 3091; x_wconf 88' lang='lat' dir='ltr'><strong>ct</strong></span> <span class='ocrx_word' id='word_1_195' title='bbox 858 3034 1027 3091; x_wconf 89' lang='lat' dir='ltr'><strong>remotionis</strong></span> <span class='ocrx_word' id='word_1_196' title='bbox 1051 3048 1170 3089; x_wconf 87' lang='lat' dir='ltr'><strong>arcuum</strong></span> <span class='ocrx_word' id='word_1_197' title='bbox 1201 3030 1312 3090; x_wconf 85' lang='lat' dir='ltr'><strong>aSole</strong></span> <span class='ocrx_word' id='word_1_198' title='bbox 1335 3047 1386 3089; x_wconf 89' lang='lat' dir='ltr'><strong>sen</strong></span> <span class='ocrx_word' id='word_1_199' title='bbox 1410 3034 1640 3093; x_wconf 84' lang='lat' dir='ltr'><strong>intervallorum.</strong></span> 
     </span>
     <span class='ocr_line' id='line_1_22' title="bbox 286 3117 1645 3198; baseline 0 -17"><span class='ocrx_word' id='word_1_200' title='bbox 286 3122 325 3181; x_wconf 78' lang='lat' dir='ltr'><strong>lit</strong></span> <span class='ocrx_word' id='word_1_201' title='bbox 348 3120 498 3198; x_wconf 87' lang='lat' dir='ltr'><strong>quiajam</strong></span> <span class='ocrx_word' id='word_1_202' title='bbox 522 3121 676 3179; x_wconf 86' lang='lat' dir='ltr'><strong>variabilia</strong></span> <span class='ocrx_word' id='word_1_203' title='bbox 699 3128 767 3179; x_wconf 91' lang='lat' dir='ltr'><strong>sunt</strong></span> <span class='ocrx_word' id='word_1_204' title='bbox 789 3121 862 3179; x_wconf 86' lang='lat' dir='ltr'><strong>haec</strong></span> <span class='ocrx_word' id='word_1_205' title='bbox 886 3121 984 3178; x_wconf 87' lang='lat' dir='ltr'><strong>omnia</strong></span> <span class='ocrx_word' id='word_1_206' title='bbox 1007 3120 1034 3174; x_wconf 91' lang='lat' dir='ltr'><strong>in</strong></span> <span class='ocrx_word' id='word_1_207' title='bbox 1058 3119 1200 3193; x_wconf 87' lang='lat' dir='ltr'><strong>planetis,</strong></span> <span class='ocrx_word' id='word_1_208' title='bbox 1224 3117 1344 3177; x_wconf 91' lang='lat' dir='ltr'><strong>dubium</strong></span> <span class='ocrx_word' id='word_1_209' title='bbox 1367 3119 1477 3178; x_wconf 88' lang='lat' dir='ltr'><strong>nullum</strong></span> <span class='ocrx_word' id='word_1_210' title='bbox 1501 3139 1565 3180; x_wconf 89' lang='lat' dir='ltr'><strong>esse</strong></span> <span class='ocrx_word' id='word_1_211' title='bbox 1589 3140 1645 3198; x_wconf 91' lang='lat' dir='ltr'><strong>po·</strong></span> 
     </span>
     <span class='ocr_line' id='line_1_23' title="bbox 286 3205 1643 3287; baseline -0.004 -17"><span class='ocrx_word' id='word_1_212' title='bbox 286 3218 353 3280; x_wconf 88' lang='lat' dir='ltr'><strong>test,</strong></span> <span class='ocrx_word' id='word_1_213' title='bbox 377 3208 446 3285; x_wconf 87' lang='lat' dir='ltr'><strong>quin</strong></span> <span class='ocrx_word' id='word_1_214' title='bbox 469 3212 494 3266; x_wconf 91' lang='lat' dir='ltr'><strong>si</strong></span> <span class='ocrx_word' id='word_1_215' title='bbox 517 3209 586 3284; x_wconf 82' lang='lat' dir='ltr'><strong>quid</strong></span> <span class='ocrx_word' id='word_1_216' title='bbox 608 3209 715 3267; x_wconf 84' lang='lat' dir='ltr'><strong>fuerint</strong></span> <span class='ocrx_word' id='word_1_217' title='bbox 737 3210 840 3267; x_wconf 87' lang='lat' dir='ltr'><strong>sortlta</strong></span> <span class='ocrx_word' id='word_1_218' title='bbox 863 3205 1086 3283; x_wconf 89' lang='lat' dir='ltr'><strong>pulchritudinis</strong></span> <span class='ocrx_word' id='word_1_219' title='bbox 1109 3208 1312 3281; x_wconf 89' lang='lat' dir='ltr'><strong>geometricae,</strong></span> <span class='ocrx_word' id='word_1_220' title='bbox 1337 3215 1415 3265; x_wconf 88' lang='lat' dir='ltr'><strong>certo</strong></span> <span class='ocrx_word' id='word_1_221' title='bbox 1437 3212 1543 3266; x_wconf 89' lang='lat' dir='ltr'><strong>summi</strong></span> <span class='ocrx_word' id='word_1_222' title='bbox 1567 3208 1643 3287; x_wconf 90' lang='lat' dir='ltr'><strong>Opi-</strong></span> 
     </span>
     <span class='ocr_line' id='line_1_24' title="bbox 286 3292 1644 3370; baseline -0.001 -13"><span class='ocrx_word' id='word_1_223' title='bbox 286 3297 349 3357; x_wconf 80' lang='lat' dir='ltr'><strong>icis</strong></span> <span class='ocrx_word' id='word_1_224' title='bbox 372 3295 494 3356; x_wconf 88' lang='lat' dir='ltr'><strong>consilio</strong></span> <span class='ocrx_word' id='word_1_225' title='bbox 516 3295 545 3354; x_wconf 90' lang='lat' dir='ltr'><strong>id</strong></span> <span class='ocrx_word' id='word_1_226' title='bbox 569 3299 630 3355; x_wconf 88' lang='lat' dir='ltr'><strong>suis</strong></span> <span class='ocrx_word' id='word_1_227' title='bbox 653 3298 788 3355; x_wconf 87' lang='lat' dir='ltr'><strong>extremis</strong></span> <span class='ocrx_word' id='word_1_228' title='bbox 810 3297 989 3370; x_wconf 85' lang='lat' dir='ltr'><strong>acceperint,</strong></span> <span class='ocrx_word' id='word_1_229' title='bbox 1021 3299 1054 3351; x_wconf 93' lang='lat' dir='ltr'><strong>nt</strong></span> <span class='ocrx_word' id='word_1_230' title='bbox 1082 3292 1207 3370; x_wconf 90' lang='lat' dir='ltr'><strong>apbeliis</strong></span> <span class='ocrx_word' id='word_1_231' title='bbox 1239 3301 1267 3353; x_wconf 91' lang='lat' dir='ltr'><strong>et</strong></span> <span class='ocrx_word' id='word_1_232' title='bbox 1299 3293 1447 3369; x_wconf 89' lang='lat' dir='ltr'><strong>periheliis</strong></span> <span class='ocrx_word' id='word_1_233' title='bbox 1469 3296 1644 3370; x_wconf 88' lang='lat' dir='ltr'><strong>intervallis,</strong></span> 
     </span>
     <span class='ocr_line' id='line_1_25' title="bbox 287 3381 1644 3460; baseline -0.001 -17"><span class='ocrx_word' id='word_1_234' title='bbox 287 3401 346 3444; x_wconf 88' lang='lat' dir='ltr'><strong>non</strong></span> <span class='ocrx_word' id='word_1_235' title='bbox 370 3388 411 3443; x_wconf 93' lang='lat' dir='ltr'><strong>ita</strong></span> <span class='ocrx_word' id='word_1_236' title='bbox 433 3382 537 3442; x_wconf 89' lang='lat' dir='ltr'><strong>mediis</strong></span> <span class='ocrx_word' id='word_1_237' title='bbox 558 3384 725 3460; x_wconf 73' lang='lat' dir='ltr'><strong>interiectis.</strong></span> <span class='ocrx_word' id='word_1_238' title='bbox 769 3383 845 3442; x_wconf 86' lang='lat' dir='ltr'><strong>Nam</strong></span> <span class='ocrx_word' id='word_1_239' title='bbox 875 3382 952 3441; x_wconf 88' lang='lat' dir='ltr'><strong>datis</strong></span> <span class='ocrx_word' id='word_1_240' title='bbox 975 3388 1167 3440; x_wconf 86' lang='lat' dir='ltr'><strong>extremorum</strong></span> <span class='ocrx_word' id='word_1_241' title='bbox 1196 3381 1415 3441; x_wconf 88' lang='lat' dir='ltr'><strong>intervallorum</strong></span> <span class='ocrx_word' id='word_1_242' title='bbox 1444 3386 1644 3460; x_wconf 81' lang='lat' dir='ltr'><strong>proportioni-</strong></span> 
     </span>
     <span class='ocr_line' id='line_1_26' title="bbox 288 3468 1645 3549; baseline -0.003 -16"><span class='ocrx_word' id='word_1_243' title='bbox 288 3473 358 3544; x_wconf 88' lang='lat' dir='ltr'><strong>bus,</strong></span> <span class='ocrx_word' id='word_1_244' title='bbox 388 3472 450 3546; x_wconf 86' lang='lat' dir='ltr'><strong>jam</strong></span> <span class='ocrx_word' id='word_1_245' title='bbox 480 3489 536 3530; x_wconf 90' lang='lat' dir='ltr'><strong>nou</strong></span> <span class='ocrx_word' id='word_1_246' title='bbox 566 3487 640 3548; x_wconf 85' lang='lat' dir='ltr'><strong>opus</strong></span> <span class='ocrx_word' id='word_1_247' title='bbox 664 3478 708 3531; x_wconf 87' lang='lat' dir='ltr'><strong>est</strong></span> <span class='ocrx_word' id='word_1_248' title='bbox 738 3471 874 3541; x_wconf 84' lang='lat' dir='ltr'><strong>consilio,</strong></span> <span class='ocrx_word' id='word_1_249' title='bbox 910 3480 939 3528; x_wconf 89' lang='lat' dir='ltr'><strong>nt</strong></span> <span class='ocrx_word' id='word_1_250' title='bbox 962 3468 1150 3528; x_wconf 87' lang='lat' dir='ltr'><strong>intermediae</strong></span> <span class='ocrx_word' id='word_1_251' title='bbox 1179 3471 1382 3546; x_wconf 88' lang='lat' dir='ltr'><strong>proportiones</strong></span> <span class='ocrx_word' id='word_1_252' title='bbox 1405 3478 1484 3528; x_wconf 90' lang='lat' dir='ltr'><strong>certo</strong></span> <span class='ocrx_word' id='word_1_253' title='bbox 1507 3479 1645 3549; x_wconf 87' lang='lat' dir='ltr'><strong>aptentur</strong></span> 
     </span>
     <span class='ocr_line' id='line_1_27' title="bbox 292 3556 1642 3634; baseline 0.001 -17"><span class='ocrx_word' id='word_1_254' title='bbox 292 3576 431 3633; x_wconf 70' lang='lat' dir='ltr'><strong>numeror</strong></span> <span class='ocrx_word' id='word_1_255' title='bbox 454 3566 616 3634; x_wconf 86' lang='lat' dir='ltr'><strong>sequnntur</strong></span> <span class='ocrx_word' id='word_1_256' title='bbox 639 3561 715 3619; x_wconf 87' lang='lat' dir='ltr'><strong>enirn</strong></span> <span class='ocrx_word' id='word_1_257' title='bbox 738 3557 824 3631; x_wconf 93' lang='lat' dir='ltr'><strong>ultro,</strong></span> <span class='ocrx_word' id='word_1_258' title='bbox 847 3559 1022 3618; x_wconf 80' lang='lat' dir='ltr'><strong>necessitate</strong></span> <span class='ocrx_word' id='word_1_259' title='bbox 1044 3562 1141 3615; x_wconf 89' lang='lat' dir='ltr'><strong>motus</strong></span> <span class='ocrx_word' id='word_1_260' title='bbox 1164 3556 1335 3634; x_wconf 91' lang='lat' dir='ltr'><strong>planetarii,</strong></span> <span class='ocrx_word' id='word_1_261' title='bbox 1367 3557 1406 3616; x_wconf 90' lang='lat' dir='ltr'><strong>ab</strong></span> <span class='ocrx_word' id='word_1_262' title='bbox 1430 3574 1488 3616; x_wconf 90' lang='lat' dir='ltr'><strong>nno</strong></span> <span class='ocrx_word' id='word_1_263' title='bbox 1512 3568 1642 3619; x_wconf 86' lang='lat' dir='ltr'><strong>extremo</strong></span> 
     </span>
     <span class='ocr_line' id='line_1_28' title="bbox 293 3644 1059 3725; baseline -0.008 -19"><span class='ocrx_word' id='word_1_264' title='bbox 293 3665 345 3725; x_wconf 87' lang='lat' dir='ltr'><strong>por</strong></span> <span class='ocrx_word' id='word_1_265' title='bbox 367 3646 539 3705; x_wconf 88' lang='lat' dir='ltr'><strong>intermedia</strong></span> <span class='ocrx_word' id='word_1_266' title='bbox 562 3649 660 3706; x_wconf 88' lang='lat' dir='ltr'><strong>omnia</strong></span> <span class='ocrx_word' id='word_1_267' title='bbox 682 3647 719 3706; x_wconf 91' lang='lat' dir='ltr'><strong>ad</strong></span> <span class='ocrx_word' id='word_1_268' title='bbox 743 3653 902 3705; x_wconf 82' lang='lat' dir='ltr'><strong>extremum</strong></span> <span class='ocrx_word' id='word_1_269' title='bbox 926 3644 1059 3704; x_wconf 90' lang='lat' dir='ltr'><strong>alterurn.</strong></span> 
     </span>
    </p>

    <p class='ocr_par' dir='ltr' id='par_1_4' title="bbox 290 3730 1647 3988">
     <span class='ocr_line' id='line_1_29' title="bbox 380 3730 1646 3809; baseline -0.001 -17"><span class='ocrx_word' id='word_1_270' title='bbox 380 3734 473 3809; x_wconf 88' lang='lat' dir='ltr'><strong>lgitnr</strong></span> <span class='ocrx_word' id='word_1_271' title='bbox 495 3742 624 3794; x_wconf 84' lang='lat' dir='ltr'><strong>extrema</strong></span> <span class='ocrx_word' id='word_1_272' title='bbox 646 3734 802 3793; x_wconf 90' lang='lat' dir='ltr'><strong>intervalla</strong></span> <span class='ocrx_word' id='word_1_273' title='bbox 830 3741 898 3792; x_wconf 89' lang='lat' dir='ltr'><strong>sunt</strong></span> <span class='ocrx_word' id='word_1_274' title='bbox 921 3736 994 3804; x_wconf 91' lang='lat' dir='ltr'><strong>ista,</strong></span> <span class='ocrx_word' id='word_1_275' title='bbox 1027 3748 1080 3807; x_wconf 92' lang='lat' dir='ltr'><strong>per</strong></span> <span class='ocrx_word' id='word_1_276' title='bbox 1108 3732 1342 3789; x_wconf 83' lang='lat' dir='ltr'><strong>accuratissimus</strong></span> <span class='ocrx_word' id='word_1_277' title='bbox 1364 3730 1514 3807; x_wconf 85' lang='lat' dir='ltr'><strong>Tycbonis</strong></span> <span class='ocrx_word' id='word_1_278' title='bbox 1539 3734 1646 3793; x_wconf 89' lang='lat' dir='ltr'><strong>Brabei</strong></span> 
     </span>
     <span class='ocr_line' id='line_1_30' title="bbox 291 3818 1647 3895; baseline -0.001 -13"><span class='ocrx_word' id='word_1_279' title='bbox 291 3822 520 3894; x_wconf 87' lang='lat' dir='ltr'><strong>observationes,</strong></span> <span class='ocrx_word' id='word_1_280' title='bbox 544 3822 682 3882; x_wconf 89' lang='lat' dir='ltr'><strong>methodo</strong></span> <span class='ocrx_word' id='word_1_281' title='bbox 704 3823 734 3879; x_wconf 91' lang='lat' dir='ltr'><strong>in</strong></span> <span class='ocrx_word' id='word_1_282' title='bbox 750 3822 974 3881; x_wconf 85' lang='lat' dir='ltr'><strong>Commentariis</strong></span> <span class='ocrx_word' id='word_1_283' title='bbox 990 3820 1093 3878; x_wconf 84' lang='lat' dir='ltr'><strong>Martis</strong></span> <span class='ocrx_word' id='word_1_284' title='bbox 1110 3818 1225 3892; x_wconf 92' lang='lat' dir='ltr'><strong>tradita,</strong></span> <span class='ocrx_word' id='word_1_285' title='bbox 1248 3821 1392 3894; x_wconf 88' lang='lat' dir='ltr'><strong>exquisita</strong></span> <span class='ocrx_word' id='word_1_286' title='bbox 1414 3822 1647 3895; x_wconf 86' lang='lat' dir='ltr'><strong>pertinacissimo</strong></span> 
     </span>
     <span class='ocr_line' id='line_1_31' title="bbox 290 3908 784 3988; baseline -0.006 -19"><span class='ocrx_word' id='word_1_287' title='bbox 290 3908 488 3988; x_wconf 86' lang='lat' dir='ltr'><strong>septendecim</strong></span> <span class='ocrx_word' id='word_1_288' title='bbox 511 3927 653 3969; x_wconf 88' lang='lat' dir='ltr'><strong>annorum</strong></span> <span class='ocrx_word' id='word_1_289' title='bbox 676 3908 784 3968; x_wconf 87' lang='lat' dir='ltr'><strong>studio.</strong></span> 
     </span>
    </p>
   </div>
   <div class='ocr_carea' id='block_1_3' title="bbox 678 4056 1541 4197">
    <p class='ocr_par' dir='ltr' id='par_1_5' title="bbox 678 4056 1541 4197">
     <span class='ocr_line' id='line_1_32' title="bbox 678 4056 1259 4130; baseline -0.01 -13"><span class='ocrx_word' id='word_1_290' title='bbox 678 4063 841 4130; x_wconf 82' lang='lat' dir='ltr'><strong>Comparate</strong></span> <span class='ocrx_word' id='word_1_291' title='bbox 858 4058 1078 4114; x_wconf 69' lang='lat' dir='ltr'><strong>intervallorum</strong></span> <span class='ocrx_word' id='word_1_292' title='bbox 1096 4056 1259 4112; x_wconf 90' lang='lat' dir='ltr'><strong>harmonicis</strong></span> 
     </span>
     <span class='ocr_line' id='line_1_33' title="bbox 1258 4128 1541 4197; baseline 0.004 -15"><span class='ocrx_word' id='word_1_293' title='bbox 1258 4128 1431 4195; x_wconf 82' lang='lat' dir='ltr'><strong>Singulorum</strong></span> <span class='ocrx_word' id='word_1_294' title='bbox 1450 4145 1541 4197; x_wconf 87' lang='lat' dir='ltr'><strong>propr.</strong></span> 
     </span>
    </p>
   </div>
   <div class='ocr_carea' id='block_1_4' title="bbox 1213 4201 1614 4332">
    <p class='ocr_par' dir='ltr' id='par_1_6' title="bbox 1213 4201 1614 4332">
     <span class='ocr_line' id='line_1_34' title="bbox 1213 4201 1614 4332; baseline 0.005 -46"><span class='ocrx_word' id='word_1_295' title='bbox 1213 4234 1279 4288; x_wconf 89' lang='lat' dir='ltr'><strong>Plus</strong></span> <span class='ocrx_word' id='word_1_296' title='bbox 1297 4240 1361 4289; x_wconf 87' lang='lat' dir='ltr'><strong>tono</strong></span> <span class='ocrx_word' id='word_1_297' title='bbox 1381 4235 1484 4289; x_wconf 89' lang='lat' dir='ltr'><strong>minore</strong></span> <span class='ocrx_word' id='word_1_298' title='bbox 1545 4201 1614 4332; x_wconf 37' lang='grc' dir='ltr'><strong>ἓξὲξ</strong></span> 
     </span>
    </p>
   </div>
   <div class='ocr_carea' id='block_1_5' title="bbox 449 4133 597 4188">
    <p class='ocr_par' dir='ltr' id='par_1_7' title="bbox 449 4133 597 4188">
     <span class='ocr_line' id='line_1_35' title="bbox 449 4133 597 4188; baseline 0.007 -4"><span class='ocrx_word' id='word_1_299' title='bbox 449 4176 451 4184; x_wconf 88' lang='grc'><em>,</em></span> <span class='ocrx_word' id='word_1_300' title='bbox 467 4133 597 4188; x_wconf 90' lang='lat' dir='ltr'><strong>Binornm</strong></span> 
     </span>
    </p>
   </div>
   <div class='ocr_carea' id='block_1_6' title="bbox 419 4268 1612 4510">
    <p class='ocr_par' dir='ltr' id='par_1_8' title="bbox 419 4268 1612 4510">
     <span class='ocr_line' id='line_1_36' title="bbox 419 4268 1123 4354; baseline -0.028 -15"><span class='ocrx_word' id='word_1_301' title='bbox 419 4308 529 4354; x_wconf 66' lang='lat' dir='ltr'><strong>coum</strong></span> <span class='ocrx_word' id='word_1_302' title='bbox 583 4306 676 4354; x_wconf 57' lang='lat' dir='ltr'><strong>mm,</strong></span> <span class='ocrx_word' id='word_1_303' title='bbox 704 4271 813 4327; x_wconf 86' lang='lat' dir='ltr'><strong>Saturni</strong></span> <span class='ocrx_word' id='word_1_304' title='bbox 832 4269 971 4352; x_wconf 77' lang='lat' dir='ltr'><strong>aphelium</strong></span> <span class='ocrx_word' id='word_1_305' title='bbox 993 4268 1085 4324; x_wconf 78' lang='lat'>10052.</span> <span class='ocrx_word' id='word_1_306' title='bbox 1100 4284 1123 4320; x_wconf 80' lang='lat' dir='ltr'><strong>a</strong></span> 
     </span>
     <span class='ocr_line' id='line_1_37' title="bbox 427 4339 1611 4420; baseline -0.029 -16"><span class='ocrx_word' id='word_1_307' title='bbox 427 4371 441 4398; x_wconf 81' lang='grc' dir='ltr'>ι</span> <span class='ocrx_word' id='word_1_308' title='bbox 508 4357 523 4400; x_wconf 79' lang='lat'><em>2</em></span> <span class='ocrx_word' id='word_1_309' title='bbox 579 4359 595 4398; x_wconf 82' lang='lat' dir='ltr'><strong>u</strong></span> <span class='ocrx_word' id='word_1_310' title='bbox 657 4357 670 4396; x_wconf 80' lang='lat'><strong>5</strong></span> <span class='ocrx_word' id='word_1_311' title='bbox 809 4340 970 4409; x_wconf 77' lang='lat' dir='ltr'><strong>perihelium</strong></span> <span class='ocrx_word' id='word_1_312' title='bbox 1009 4339 1126 4411; x_wconf 57' lang='lat' dir='ltr'><strong>aarum.</strong></span> <span class='ocrx_word' id='word_1_313' title='bbox 1259 4407 1265 4419; x_wconf 31' lang='grc' dir='ltr'>ι</span> <span class='ocrx_word' id='word_1_314' title='bbox 1546 4377 1611 4420; x_wconf 61' lang='lat' dir='ltr'><strong>mm</strong></span> 
     </span>
     <span class='ocr_line' id='line_1_38' title="bbox 427 4408 1612 4510; baseline -0.03 -16"><span class='ocrx_word' id='word_1_315' title='bbox 427 4417 541 4488; x_wconf 44' lang='lat' dir='ltr'><strong>&#39;izi’</strong></span> <span class='ocrx_word' id='word_1_316' title='bbox 581 4415 670 4487; x_wconf 46' lang='grc' dir='ltr'><strong>ΤΞ</strong></span> <span class='ocrx_word' id='word_1_317' title='bbox 1227 4408 1319 4463; x_wconf 82' lang='lat' dir='ltr'><strong>ans</strong></span> <span class='ocrx_word' id='word_1_318' title='bbox 1338 4413 1403 4463; x_wconf 90' lang='lat' dir='ltr'><strong>tono</strong></span> <span class='ocrx_word' id='word_1_319' title='bbox 1423 4409 1526 4478; x_wconf 83' lang='lat' dir='ltr'><strong>majore</strong></span> <span class='ocrx_word' id='word_1_320' title='bbox 1543 4444 1612 4510; x_wconf 44' lang='grc' dir='ltr'>ᾗ</span> 
     </span>
    </p>
   </div>
   <div class='ocr_carea' id='block_1_7' title="bbox 704 4537 1123 4619">
    <p class='ocr_par' dir='ltr' id='par_1_9' title="bbox 704 4537 1123 4619">
     <span class='ocr_line' id='line_1_39' title="bbox 704 4537 1123 4619; baseline -0.012 -13"><span class='ocrx_word' id='word_1_321' title='bbox 704 4553 781 4607; x_wconf 79' lang='lat' dir='ltr'><strong>loris</strong></span> <span class='ocrx_word' id='word_1_322' title='bbox 799 4537 939 4619; x_wconf 87' lang='lat' dir='ltr'><strong>aphelium</strong></span> <span class='ocrx_word' id='word_1_323' title='bbox 974 4555 978 4562; x_wconf 84' lang='lat'>&#39;</span> <span class='ocrx_word' id='word_1_324' title='bbox 1020 4550 1083 4603; x_wconf 77' lang='grc'>5451</span> <span class='ocrx_word' id='word_1_325' title='bbox 1102 4566 1123 4602; x_wconf 84' lang='lat' dir='ltr'><strong>c.</strong></span> 
     </span>
    </p>
   </div>
   <div class='ocr_carea' id='block_1_8' title="bbox 811 4547 1646 4698">
    <p class='ocr_par' dir='ltr' id='par_1_10' title="bbox 811 4547 1646 4698">
     <span class='ocr_line' id='line_1_40' title="bbox 1230 4547 1646 4621; baseline 0.017 -20"><span class='ocrx_word' id='word_1_326' title='bbox 1230 4547 1312 4602; x_wconf 89' lang='lat' dir='ltr'><strong>Nulla</strong></span> <span class='ocrx_word' id='word_1_327' title='bbox 1338 4547 1469 4602; x_wconf 87' lang='lat' dir='ltr'><strong>concinna</strong></span> <span class='ocrx_word' id='word_1_328' title='bbox 1495 4553 1646 4621; x_wconf 89' lang='lat' dir='ltr'><strong>proportio,</strong></span> 
     </span>
     <span class='ocr_line' id='line_1_41' title="bbox 811 4618 1124 4698; baseline -0.006 -24"><span class='ocrx_word' id='word_1_329' title='bbox 811 4618 972 4689; x_wconf 89' lang='lat' dir='ltr'><strong>perihelium</strong></span> <span class='ocrx_word' id='word_1_330' title='bbox 1018 4620 1085 4674; x_wconf 73' lang='lat'><strong>4949</strong></span> <span class='ocrx_word' id='word_1_331' title='bbox 1100 4620 1124 4698; x_wconf 60' lang='lat' dir='ltr'><strong>d,</strong></span> 
     </span>
    </p>
   </div>
   <div class='ocr_carea' id='block_1_9' title="bbox 428 4614 1612 4704">
    <p class='ocr_par' dir='ltr' id='par_1_11' title="bbox 428 4614 1612 4704">
     <span class='ocr_line' id='line_1_42' title="bbox 428 4614 1612 4704; baseline -0.004 -22"><span class='ocrx_word' id='word_1_332' title='bbox 428 4654 441 4682; x_wconf 80' lang='lat' dir='ltr'><strong>e</strong></span> <span class='ocrx_word' id='word_1_333' title='bbox 509 4640 522 4682; x_wconf 84' lang='lat' dir='ltr'><strong>r</strong></span> <span class='ocrx_word' id='word_1_334' title='bbox 554 4614 671 4704; x_wconf 45' lang='lat' dir='ltr'><strong>vdms</strong></span> <span class='ocrx_word' id='word_1_335' title='bbox 1230 4617 1278 4672; x_wconf 89' lang='lat' dir='ltr'><strong>sed</strong></span> <span class='ocrx_word' id='word_1_336' title='bbox 1305 4618 1362 4672; x_wconf 87' lang='lat' dir='ltr'><strong>iere</strong></span> <span class='ocrx_word' id='word_1_337' title='bbox 1382 4621 1422 4687; x_wconf 54' lang='lat' dir='ltr'><strong>lg.</strong></span> <span class='ocrx_word' id='word_1_338' title='bbox 1446 4620 1612 4678; x_wconf 84' lang='lat' dir='ltr'><strong>inconcinna</strong></span> 
     </span>
    </p>
   </div>
   <div class='ocr_carea' id='block_1_10' title="bbox 428 4703 672 4771">
    <p class='ocr_par' dir='ltr' id='par_1_12' title="bbox 428 4703 672 4771">
     <span class='ocr_line' id='line_1_43' title="bbox 428 4703 672 4771; baseline -0.016 0"><span class='ocrx_word' id='word_1_339' title='bbox 428 4703 672 4771; x_wconf 66' lang='lat' dir='ltr'><strong>i‘i⁷;“i</strong></span> 
     </span>
    </p>
   </div>
   <div class='ocr_carea' id='block_1_11' title="bbox 708 4809 1123 4951">
    <p class='ocr_par' dir='ltr' id='par_1_13' title="bbox 708 4809 1123 4951">
     <span class='ocr_line' id='line_1_44' title="bbox 708 4809 1123 4881; baseline -0.012 -13"><span class='ocrx_word' id='word_1_340' title='bbox 708 4814 805 4868; x_wconf 89' lang='lat' dir='ltr'><strong>Martis</strong></span> <span class='ocrx_word' id='word_1_341' title='bbox 823 4811 960 4881; x_wconf 86' lang='lat' dir='ltr'><strong>aphelium</strong></span> <span class='ocrx_word' id='word_1_342' title='bbox 1009 4809 1087 4868; x_wconf 77' lang='lat'><strong>1665.</strong></span> <span class='ocrx_word' id='word_1_343' title='bbox 1101 4827 1123 4864; x_wconf 92' lang='lat' dir='ltr'><strong>e.</strong></span> 
     </span>
     <span class='ocr_line' id='line_1_45' title="bbox 812 4881 1121 4951; baseline -0.013 -15"><span class='ocrx_word' id='word_1_344' title='bbox 812 4882 973 4951; x_wconf 90' lang='lat' dir='ltr'><strong>perihelium</strong></span> <span class='ocrx_word' id='word_1_345' title='bbox 1011 4882 1085 4937; x_wconf 75' lang='lat'>1382.</span> <span class='ocrx_word' id='word_1_346' title='bbox 1104 4881 1121 4934; x_wconf 84' lang='lat' dir='ltr'><strong>i.</strong></span> 
     </span>
    </p>
   </div>
   <div class='ocr_carea' id='block_1_12' title="bbox 429 4882 687 5024">
    <p class='ocr_par' dir='ltr' id='par_1_14' title="bbox 429 4882 687 5024">
     <span class='ocr_line' id='line_1_46' title="bbox 431 4882 687 4936; baseline -0.023 -7"><span class='ocrx_word' id='word_1_347' title='bbox 431 4900 443 4929; x_wconf 87' lang='lat' dir='ltr'><strong>a</strong></span> <span class='ocrx_word' id='word_1_348' title='bbox 512 4884 526 4927; x_wconf 77' lang='lat' dir='ltr'><strong>b</strong></span> <span class='ocrx_word' id='word_1_349' title='bbox 578 4886 590 4925; x_wconf 85' lang='lat' dir='ltr'><strong>i</strong></span> <span class='ocrx_word' id='word_1_350' title='bbox 648 4882 687 4936; x_wconf 77' lang='lat' dir='ltr'><strong>t&#39;l¹</strong></span> 
     </span>
     <span class='ocr_line' id='line_1_47' title="bbox 429 4941 673 5024; baseline -0.016 -7"><span class='ocrx_word' id='word_1_351' title='bbox 429 4941 673 5024; x_wconf 50' lang='lat' dir='ltr'><strong>ffers-&#39;s</strong></span> 
     </span>
    </p>
   </div>
   <div class='ocr_carea' id='block_1_13' title="bbox 711 5040 1126 5181">
    <p class='ocr_par' dir='ltr' id='par_1_15' title="bbox 711 5040 1126 5181">
     <span class='ocr_line' id='line_1_48' title="bbox 711 5040 1124 5110; baseline -0.015 -11"><span class='ocrx_word' id='word_1_352' title='bbox 711 5044 812 5098; x_wconf 87' lang='lat' dir='ltr'><strong>Terrae</strong></span> <span class='ocrx_word' id='word_1_353' title='bbox 829 5041 966 5110; x_wconf 89' lang='lat' dir='ltr'><strong>aphelium</strong></span> <span class='ocrx_word' id='word_1_354' title='bbox 1009 5040 1085 5095; x_wconf 81' lang='lat'>1018.</span> <span class='ocrx_word' id='word_1_355' title='bbox 1099 5057 1124 5109; x_wconf 89' lang='lat' dir='ltr'><strong>g.</strong></span> 
     </span>
     <span class='ocr_line' id='line_1_49' title="bbox 816 5111 1126 5181; baseline -0.003 -15"><span class='ocrx_word' id='word_1_356' title='bbox 816 5111 976 5181; x_wconf 89' lang='lat' dir='ltr'><strong>perihelium</strong></span> <span class='ocrx_word' id='word_1_357' title='bbox 1025 5111 1085 5166; x_wconf 80' lang='lat'><strong>982.</strong></span> <span class='ocrx_word' id='word_1_358' title='bbox 1099 5111 1126 5165; x_wconf 90' lang='lat' dir='ltr'><strong>b.</strong></span> 
     </span>
    </p>
   </div>
   <div class='ocr_carea' id='block_1_14' title="bbox 366 5114 400 5189">
    <p class='ocr_par' dir='ltr' id='par_1_16' title="bbox 366 5114 400 5189">
     <span class='ocr_line' id='line_1_50' title="bbox 366 5114 400 5189; baseline 0 0"><span class='ocrx_word' id='word_1_359' title='bbox 366 5114 400 5189; x_wconf 63' lang='grc' dir='ltr'>Ξ</span> 
     </span>
    </p>
   </div>
   <div class='ocr_carea' id='block_1_15' title="bbox 364 5109 677 5253">
    <p class='ocr_par' dir='ltr' id='par_1_17' title="bbox 364 5109 677 5253">
     <span class='ocr_line' id='line_1_51' title="bbox 477 5109 676 5177; baseline -0.015 -23"><span class='ocrx_word' id='word_1_360' title='bbox 477 5114 527 5154; x_wconf 70' lang='lat' dir='ltr'><strong>imi)</strong></span> <span class='ocrx_word' id='word_1_361' title='bbox 576 5109 676 5177; x_wconf 73' lang='grc'><strong>11-’27</strong></span> 
     </span>
     <span class='ocr_line' id='line_1_52' title="bbox 364 5168 677 5253; baseline 0.016 -7"><span class='ocrx_word' id='word_1_362' title='bbox 364 5205 401 5253; x_wconf 83' lang='lat' dir='ltr'><strong>i&#39;ls</strong></span> <span class='ocrx_word' id='word_1_363' title='bbox 419 5168 431 5201; x_wconf 57' lang='lat'>⁸</span> <span class='ocrx_word' id='word_1_364' title='bbox 650 5176 677 5183; x_wconf 41' lang='lat' dir='ltr'><em>w</em></span> 
     </span>
    </p>
   </div>
   <div class='ocr_carea' id='block_1_16' title="bbox 433 5169 678 5243">
    <p class='ocr_par' dir='ltr' id='par_1_18' title="bbox 433 5169 678 5243">
     <span class='ocr_line' id='line_1_53' title="bbox 433 5169 678 5243; baseline -0.012 0"><span class='ocrx_word' id='word_1_365' title='bbox 433 5169 543 5243; x_wconf 67' lang='lat' dir='ltr'><strong>⁰&#39;&#39;ur’</strong></span> <span class='ocrx_word' id='word_1_366' title='bbox 576 5178 678 5241; x_wconf 72' lang='lat' dir='ltr'><strong>‘r’ao</strong></span> 
     </span>
    </p>
   </div>
   <div class='ocr_carea' id='block_1_17' title="bbox 290 5129 351 5254">
    <p class='ocr_par' dir='ltr' id='par_1_19' title="bbox 290 5129 351 5254">
     <span class='ocr_line' id='line_1_54' title="bbox 291 5129 351 5199; baseline 0 0"><span class='ocrx_word' id='word_1_367' title='bbox 291 5129 351 5199; x_wconf 61' lang='lat' dir='ltr'><strong>t:-</strong></span> 
     </span>
     <span class='ocr_line' id='line_1_55' title="bbox 290 5205 307 5254; baseline 0 -9"><span class='ocrx_word' id='word_1_368' title='bbox 290 5205 307 5254; x_wconf 56' lang='grc' dir='ltr'>Κ</span> 
     </span>
    </p>
   </div>
   <div class='ocr_carea' id='block_1_18' title="bbox 707 5283 1129 5428">
    <p class='ocr_par' dir='ltr' id='par_1_20' title="bbox 707 5283 1129 5428">
     <span class='ocr_line' id='line_1_56' title="bbox 707 5283 1129 5369; baseline -0.014 -26"><span class='ocrx_word' id='word_1_369' title='bbox 707 5287 820 5343; x_wconf 87' lang='lat' dir='ltr'><strong>Veneris</strong></span> <span class='ocrx_word' id='word_1_370' title='bbox 838 5284 977 5369; x_wconf 83' lang='lat' dir='ltr'><strong>aphelium</strong></span> <span class='ocrx_word' id='word_1_371' title='bbox 1030 5283 1089 5340; x_wconf 79' lang='lat'>729.</span> <span class='ocrx_word' id='word_1_372' title='bbox 1111 5285 1129 5339; x_wconf 92' lang='lat' dir='ltr'><strong>i.</strong></span> 
     </span>
     <span class='ocr_line' id='line_1_57' title="bbox 810 5355 1126 5428; baseline -0.006 -17"><span class='ocrx_word' id='word_1_373' title='bbox 810 5356 970 5428; x_wconf 77' lang='lat' dir='ltr'><strong>perihelium</strong></span> <span class='ocrx_word' id='word_1_374' title='bbox 1025 5357 1084 5411; x_wconf 81' lang='lat' dir='ltr'><strong>rto.</strong></span> <span class='ocrx_word' id='word_1_375' title='bbox 1097 5355 1126 5409; x_wconf 88' lang='lat' dir='ltr'><strong>k.</strong></span> 
     </span>
    </p>
   </div>
   <div class='ocr_carea' id='block_1_19' title="bbox 402 5501 1124 5607">
    <p class='ocr_par' dir='ltr' id='par_1_21' title="bbox 402 5501 1124 5607">
     <span class='ocr_line' id='line_1_58' title="bbox 402 5501 1124 5607; baseline 0.003 -24"><span class='ocrx_word' id='word_1_376' title='bbox 402 5535 417 5607; x_wconf 41' lang='grc' dir='ltr'><strong>ι,</strong></span> <span class='ocrx_word' id='word_1_377' title='bbox 433 5590 468 5600; x_wconf 57' lang='grc'><strong>,</strong></span> <span class='ocrx_word' id='word_1_378' title='bbox 486 5533 512 5577; x_wconf 80' lang='lat' dir='ltr'><strong>a</strong></span> <span class='ocrx_word' id='word_1_379' title='bbox 570 5532 674 5601; x_wconf 51' lang='lat'><strong>2²⁴³</strong></span> <span class='ocrx_word' id='word_1_380' title='bbox 710 5531 838 5588; x_wconf 75' lang='lat' dir='ltr'><strong>Mercurii</strong></span> <span class='ocrx_word' id='word_1_381' title='bbox 857 5531 993 5601; x_wconf 82' lang='lat' dir='ltr'><strong>aphelium</strong></span> <span class='ocrx_word' id='word_1_382' title='bbox 1026 5532 1085 5587; x_wconf 84' lang='lat' dir='ltr'><strong>rro.</strong></span> <span class='ocrx_word' id='word_1_383' title='bbox 1104 5501 1124 5585; x_wconf 83' lang='lat' dir='ltr'><strong>r.</strong></span> 
     </span>
    </p>
   </div>
   <div class='ocr_carea' id='block_1_20' title="bbox 394 5598 1121 5671">
    <p class='ocr_par' dir='ltr' id='par_1_22' title="bbox 394 5598 1121 5671">
     <span class='ocr_line' id='line_1_59' title="bbox 394 5598 1121 5671; baseline -0.014 -8"><span class='ocrx_word' id='word_1_384' title='bbox 394 5598 416 5663; x_wconf 72' lang='lat' dir='ltr'><strong>in</strong></span> <span class='ocrx_word' id='word_1_385' title='bbox 434 5606 468 5616; x_wconf 59' lang='lat'>²</span> <span class='ocrx_word' id='word_1_386' title='bbox 484 5599 528 5666; x_wconf 57' lang='grc' dir='ltr'><strong>ζ’</strong></span> <span class='ocrx_word' id='word_1_387' title='bbox 569 5599 675 5663; x_wconf 48' lang='lat' dir='ltr'><strong>&#39;umido</strong></span> <span class='ocrx_word' id='word_1_388' title='bbox 847 5602 1007 5671; x_wconf 89' lang='lat' dir='ltr'><strong>perihelium</strong></span> <span class='ocrx_word' id='word_1_389' title='bbox 1026 5602 1121 5659; x_wconf 72' lang='lat' dir='ltr'><strong>annm.</strong></span> 
     </span>
    </p>
   </div>
   <div class='ocr_carea' id='block_1_21' title="bbox 1226 4688 1643 4765">
    <p class='ocr_par' dir='ltr' id='par_1_23' title="bbox 1226 4688 1643 4765">
     <span class='ocr_line' id='line_1_60' title="bbox 1226 4688 1643 4765; baseline 0.014 -25"><span class='ocrx_word' id='word_1_390' title='bbox 1226 4689 1271 4743; x_wconf 88' lang='lat' dir='ltr'><strong>vel</strong></span> <span class='ocrx_word' id='word_1_391' title='bbox 1299 4689 1363 4741; x_wconf 89' lang='lat' dir='ltr'><strong>dim.</strong></span> <span class='ocrx_word' id='word_1_392' title='bbox 1383 4688 1417 4743; x_wconf 91' lang='lat' dir='ltr'><strong>de</strong></span> <span class='ocrx_word' id='word_1_393' title='bbox 1435 4690 1593 4747; x_wconf 89' lang='lat' dir='ltr'><strong>harmonica</strong></span> <span class='ocrx_word' id='word_1_394' title='bbox 1628 4695 1643 4765; x_wconf 66' lang='grc' dir='ltr'><strong>ξ,</strong></span> 
     </span>
    </p>
   </div>
   <div class='ocr_carea' id='block_1_22' title="bbox 1185 4809 1647 4973">
    <p class='ocr_par' dir='ltr' id='par_1_24' title="bbox 1185 4809 1647 4973">
     <span class='ocr_line' id='line_1_61' title="bbox 1185 4809 1647 4885; baseline 0.013 -23"><span class='ocrx_word' id='word_1_395' title='bbox 1185 4809 1236 4863; x_wconf 89' lang='lat' dir='ltr'><strong>Hie</strong></span> <span class='ocrx_word' id='word_1_396' title='bbox 1260 4809 1326 4882; x_wconf 64' lang='lat' dir='ltr'><strong>tm</strong></span> <span class='ocrx_word' id='word_1_397' title='bbox 1345 4818 1418 4865; x_wconf 87' lang='lat' dir='ltr'><strong>esset</strong></span> <span class='ocrx_word' id='word_1_398' title='bbox 1436 4811 1594 4868; x_wconf 87' lang='lat' dir='ltr'><strong>harmonica</strong></span> <span class='ocrx_word' id='word_1_399' title='bbox 1630 4814 1647 4885; x_wconf 60' lang='lat' dir='ltr'>st</span> 
     </span>
     <span class='ocr_line' id='line_1_62' title="bbox 1185 4880 1575 4973; baseline 0.003 -39"><span class='ocrx_word' id='word_1_400' title='bbox 1185 4887 1216 4973; x_wconf 70' lang='lat' dir='ltr'><strong>pt</strong></span> <span class='ocrx_word' id='word_1_401' title='bbox 1236 4880 1301 4952; x_wconf 59' lang='lat'><strong>{333</strong></span> <span class='ocrx_word' id='word_1_402' title='bbox 1323 4889 1396 4935; x_wconf 88' lang='lat' dir='ltr'><strong>esset</strong></span> <span class='ocrx_word' id='word_1_403' title='bbox 1414 4882 1437 4950; x_wconf 56' lang='grc' dir='ltr'><strong>ᾖ.</strong></span> <span class='ocrx_word' id='word_1_404' title='bbox 1573 4902 1575 4905; x_wconf 49' lang='lat'><em>⁴</em></span> 
     </span>
    </p>
   </div>
   <div class='ocr_carea' id='block_1_23' title="bbox 1229 5040 1646 5179">
    <p class='ocr_par' dir='ltr' id='par_1_25' title="bbox 1229 5040 1646 5179">
     <span class='ocr_line' id='line_1_63' title="bbox 1229 5040 1646 5111; baseline 0.01 -19"><span class='ocrx_word' id='word_1_405' title='bbox 1229 5040 1281 5092; x_wconf 86' lang='lat' dir='ltr'><strong>Hie</strong></span> <span class='ocrx_word' id='word_1_406' title='bbox 1313 5040 1376 5110; x_wconf 59' lang='lat'><strong>¹332</strong></span> <span class='ocrx_word' id='word_1_407' title='bbox 1403 5046 1476 5094; x_wconf 86' lang='lat' dir='ltr'><strong>esset</strong></span> <span class='ocrx_word' id='word_1_408' title='bbox 1494 5040 1576 5095; x_wconf 87' lang='lat' dir='ltr'><strong>diesis</strong></span> <span class='ocrx_word' id='word_1_409' title='bbox 1604 5042 1646 5111; x_wconf 60' lang='lat' dir='ltr'><strong>ii,</strong></span> 
     </span>
     <span class='ocr_line' id='line_1_64' title="bbox 1232 5109 1623 5179; baseline 0.005 -16"><span class='ocrx_word' id='word_1_410' title='bbox 1232 5127 1288 5164; x_wconf 91' lang='lat' dir='ltr'><strong>non</strong></span> <span class='ocrx_word' id='word_1_411' title='bbox 1304 5109 1426 5179; x_wconf 88' lang='lat' dir='ltr'><strong>possidet</strong></span> <span class='ocrx_word' id='word_1_412' title='bbox 1445 5126 1509 5179; x_wconf 89' lang='lat' dir='ltr'><strong>ergo</strong></span> <span class='ocrx_word' id='word_1_413' title='bbox 1528 5112 1623 5167; x_wconf 85' lang='lat' dir='ltr'><strong>diesin.</strong></span> 
     </span>
    </p>
   </div>
   <div class='ocr_carea' id='block_1_24' title="bbox 1226 5285 1647 5480">
    <p class='ocr_par' dir='ltr' id='par_1_26' title="bbox 1226 5285 1647 5480">
     <span class='ocr_line' id='line_1_65' title="bbox 1233 5285 1647 5356; baseline 0.005 -18"><span class='ocrx_word' id='word_1_414' title='bbox 1233 5285 1325 5339; x_wconf 83' lang='lat' dir='ltr'><strong>Minus</strong></span> <span class='ocrx_word' id='word_1_415' title='bbox 1343 5301 1424 5354; x_wconf 87' lang='lat' dir='ltr'><strong>quam</strong></span> <span class='ocrx_word' id='word_1_416' title='bbox 1440 5287 1647 5356; x_wconf 88' lang='lat' dir='ltr'><strong>sesqnicomma,</strong></span> 
     </span>
     <span class='ocr_line' id='line_1_66' title="bbox 1231 5356 1647 5425; baseline 0.01 -16"><span class='ocrx_word' id='word_1_417' title='bbox 1231 5356 1292 5423; x_wconf 90' lang='lat' dir='ltr'><strong>plus</strong></span> <span class='ocrx_word' id='word_1_418' title='bbox 1311 5372 1392 5423; x_wconf 88' lang='lat' dir='ltr'><strong>qnam</strong></span> <span class='ocrx_word' id='word_1_419' title='bbox 1410 5356 1492 5411; x_wconf 86' lang='lat' dir='ltr'><strong>tertia</strong></span> <span class='ocrx_word' id='word_1_420' title='bbox 1511 5373 1576 5425; x_wconf 88' lang='lat' dir='ltr'><strong>pars</strong></span> <span class='ocrx_word' id='word_1_421' title='bbox 1590 5357 1647 5412; x_wconf 90' lang='lat' dir='ltr'><strong>die·</strong></span> 
     </span>
     <span class='ocr_line' id='line_1_67' title="bbox 1226 5441 1296 5480; baseline -0.014 -2"><span class='ocrx_word' id='word_1_422' title='bbox 1226 5441 1296 5480; x_wconf 85' lang='lat' dir='ltr'><strong>sena.</strong></span> 
     </span>
    </p>
   </div>
   <div class='ocr_carea' id='block_1_25' title="bbox 1227 5529 1647 5671">
    <p class='ocr_par' dir='ltr' id='par_1_27' title="bbox 1227 5529 1647 5671">
     <span class='ocr_line' id='line_1_68' title="bbox 1228 5529 1647 5599; baseline 0.012 -17"><span class='ocrx_word' id='word_1_423' title='bbox 1228 5529 1295 5584; x_wconf 89' lang='lat' dir='ltr'><strong>Plus</strong></span> <span class='ocrx_word' id='word_1_424' title='bbox 1314 5545 1394 5598; x_wconf 86' lang='lat' dir='ltr'><strong>quarn</strong></span> <span class='ocrx_word' id='word_1_425' title='bbox 1408 5529 1543 5599; x_wconf 88' lang='lat' dir='ltr'><strong>diapente,</strong></span> <span class='ocrx_word' id='word_1_426' title='bbox 1561 5531 1647 5587; x_wconf 93' lang='lat' dir='ltr'><strong>abun·</strong></span> 
     </span>
     <span class='ocr_line' id='line_1_69' title="bbox 1227 5599 1647 5671; baseline 0.01 -18"><span class='ocrx_word' id='word_1_427' title='bbox 1227 5599 1294 5653; x_wconf 90' lang='lat' dir='ltr'><strong>dans</strong></span> <span class='ocrx_word' id='word_1_428' title='bbox 1308 5601 1371 5671; x_wconf 60' lang='lat'><strong>333,</strong></span> <span class='ocrx_word' id='word_1_429' title='bbox 1390 5600 1478 5656; x_wconf 87' lang='lat' dir='ltr'><strong>minus</strong></span> <span class='ocrx_word' id='word_1_430' title='bbox 1491 5616 1572 5669; x_wconf 89' lang='lat' dir='ltr'><strong>quam</strong></span> <span class='ocrx_word' id='word_1_431' title='bbox 1584 5601 1647 5657; x_wconf 90' lang='lat' dir='ltr'><strong>har·</strong></span> 
     </span>
    </p>
   </div>
   <div class='ocr_carea' id='block_1_26' title="bbox 1148 5669 1415 5743">
    <p class='ocr_par' dir='ltr' id='par_1_28' title="bbox 1148 5669 1415 5743">
     <span class='ocr_line' id='line_1_70' title="bbox 1148 5669 1415 5743; baseline -0.007 -15"><span class='ocrx_word' id='word_1_432' title='bbox 1148 5714 1150 5719; x_wconf 19' lang='lat'>⁸</span> <span class='ocrx_word' id='word_1_433' title='bbox 1224 5669 1330 5730; x_wconf 83' lang='lat' dir='ltr'><strong>monica</strong></span> <span class='ocrx_word' id='word_1_434' title='bbox 1352 5671 1378 5743; x_wconf 62' lang='lat' dir='ltr'><strong>st.</strong></span> <span class='ocrx_word' id='word_1_435' title='bbox 1411 5696 1415 5703; x_wconf 92' lang='lat'><em>·</em></span> 
     </span>
    </p>
   </div>
   <div class='ocr_carea' id='block_1_27' title="bbox 0 0 1865 7252">
    <p class='ocr_par' dir='ltr' id='par_1_29' title="bbox 0 0 1865 7252">
     <span class='ocr_line' id='line_1_71' title="bbox 0 0 1865 7252; baseline 0 0"><span class='ocrx_word' id='word_1_436' title='bbox 0 0 1865 7252; x_wconf 95' lang='lat' dir='ltr'><strong> </strong></span> 
     </span>
    </p>
   </div>
  </div>
 </body>
</html>
