3684 7259
510 1213 634 1280 ⁸22
1532 1199 1829 1271 Ptolemaei
1864 1204 2174 1270 Harmonia.

510 1393 683 1456 Ano
739 1391 816 1453 ad
861 1394 898 1450 3
962 1392 1019 1453 in
1079 1392 1209 1448 ΑΙ).
1303 1392 1572 1469 Denique
1619 1390 2018 1470 'quadruplam
2082 1394 2550 1470 proportionem,
2619 1412 2774 1471 quae
2838 1406 2932 1457 est
2995 1397 3214 1460 identi-

507 1483 779 1544 sonantia
832 1477 1207 1558 disdiapason
1228 1523 1242 1551 ,
1302 1478 1483 1539 semel
1531 1481 1859 1552 continent,
1924 1497 2002 1539 sc.
2061 1482 2135 1537 12
2197 1482 2253 1537 in
2313 1489 2439 1541 toto
2485 1480 2699 1542 circulo
2747 1483 2822 1542 ad
2871 1488 2909 1543 3
2969 1487 3027 1543 iu
3075 1503 3213 1546 aren

509 1569 658 1645 AD3
704 1571 791 1628 sic
837 1576 896 1627 et
939 1568 1373 1644 proportionem
1422 1568 1457 1624 8
1491 1585 1506 1623 ε
1542 1568 1577 1625 3
1596 1611 1610 1640 ,
1670 1584 1823 1643 qnae
1870 1576 1962 1627 est
2014 1571 2435 1629 consonantiae
2497 1567 3213 1651 diatessaron-epidiapa-

506 1674 634 1732 sou,
681 1658 860 1717 etiam
904 1653 1104 1728 semei,
1150 1671 1231 1712 sc.
1282 1656 1317 1711 8
1365 1656 1422 1711 in
1453 1670 1592 1713 arcu
1624 1652 1789 1714 Am:
1834 1652 1911 1713 ad
1958 1657 2066 1716 tria
2098 1654 2311 1716 inAD.
2401 1653 2895 1734 sesquioctavam
2943 1658 3213 1737 deniqne,

507 1761 660 1824 quae
705 1752 794 1804 est
838 1744 993 1815 toni,
1041 1758 1270 1801 rursum
1312 1741 1533 1819 semel,
1578 1758 1661 1802 sc.
1710 1743 1747 1802 9
1794 1742 1857 1800 in
1902 1757 2044 1802 arcu
2089 1739 2266 1808 Am)
2311 1743 2387 1804 ad
2437 1744 2474 1802 8
2522 1746 2581 1802 in
2629 1742 2837 1823 Ans,
2899 1754 2964 1805 ut
3013 1745 3210 1808 videre

512 1842 603 1893 eat
646 1849 719 1893 ex
765 1827 1122 1890 differentiis
1149 1846 1538 1903 numerorum,
1587 1831 1687 1905 qui
1734 1828 1810 1887 ad
1858 1828 2312 1892 delineationem
2355 1840 2493 1891 sunt
2539 1835 2815 1910 appositi.
2957 1863 2963 1868 -

682 1918 767 1979 Ex
812 1917 973 1977 bisce
1018 1918 1313 1992 sequitur,
1379 1915 1762 1977 ordinandam
1807 1933 1938 1976 esse
1984 1934 2055 1976 ex
2103 1918 2304 1995 primis
2350 1920 2752 1979 consonantiis
2795 1918 2960 1981 iilam
2978 1965 2996 1995 ,
3058 1938 3210 1998 quae

507 2006 781 2089 diapente
828 2005 1036 2064 dicitur
1058 2047 1073 2077 ,
1114 2004 1285 2078 juxta
1329 2004 1750 2081 triangularem
1793 2005 2178 2080 positionem;
2226 2022 2380 2083 quae
2428 2022 2566 2066 vero
2613 2005 3002 2083 diatessaron,
3043 2008 3214 2085 juxta

505 2092 1035 2174 quadrangularem
1058 2086 1183 2168 lv),
1248 2100 1307 2152 et
1369 2101 1571 2151 tonum
1619 2091 1795 2167 juxta
1856 2090 2056 2151 circuli
2122 2095 2386 2167 unciam,
2449 2096 2593 2169 quia
2648 2111 2780 2161 cum
2839 2094 3094 2156 circulus
3128 2087 3213 2157 'ad

506 2178 933 2244 semicirculum
980 2176 1096 2237 ΑΗ
1162 2180 1482 2241 constituat
1524 2181 1809 2238 rationem
1872 2176 2136 2257 duplam,
2202 2180 2607 2241 semicirculus
2657 2183 2785 2259 ‚iam
2830 2182 2909 2243 ad
2955 2181 3063 2242 An
3106 2186 3211 2243 tri·

506 2269 709 2350 anguli
754 2284 950 2329 arcum
1000 2268 1139 2325 iacit
1184 2265 1661 2343 sesquialteram,
1711 2276 1768 2325 et
1816 2264 1911 2325 hic
1953 2265 2030 2327 ad
2079 2266 2207 2340 AD,
2257 2268 2644 2345 quadranguli
2691 2287 2890 2329 arcum
2913 2315 2934 2348 ,
2977 2272 3211 2349 sesqui-

506 2360 761 2429 tertiam,
829 2369 1105 2416 excessus
1160 2361 1359 2415 autem
1417 2353 1648 2414 illarum
1714 2364 1803 2412 est
1851 2353 2113 2427 tonicns,
2179 2371 2258 2414 sc.
2323 2373 2494 2416 arcus
2543 2354 2677 2429 ΕΙ),
2728 2359 2962 2418 unciam
3009 2355 3207 2419 circuli

506 2444 846 2524 complexus
874 2438 958 2518 v).
1052 2438 1291 2517 Optima
1346 2444 1521 2518 igitur
1580 2443 1807 2501 ratione
1863 2448 2073 2500 natura
2127 2442 2409 2502 circulum
2468 2442 2765 2520 signorum
2821 2448 2896 2503 12
2956 2447 3208 2523 parti-

506 2535 662 2609 secit,
710 2540 775 2592 ut
820 2547 1032 2613 amem,
1078 2530 1220 2604 quia
1262 2538 1523 2606 systema
1566 2528 1884 2606 perfectum
1943 2532 2015 2587 12
2068 2529 2336 2590 tonorum
2367 2529 2811 2607 amplitudinem
2844 2530 3073 2594 babere
3093 2529 3209 2595 set·
3269 2565 3279 2576 =

507 2622 624 2696 vit3
688 2621 944 2680 ionicum
993 2616 1168 2693 igitur
1217 2614 1587 2676 intervallum
1635 2617 1862 2693 aptavit
1911 2618 2120 2676 unciae
2183 2634 2285 2677 seu
2350 2616 2733 2679 duodecimae
2783 2622 2935 2697 parti
2993 2619 3206 2681 circuli.

504 2708 580 2769 Et
622 2707 1005 2768 admiratione
1051 2702 1293 2779 dignum
1339 2711 1455 2777 est,
1503 2703 1664 2781 quod
1709 2705 1889 2764 etiam
1911 2705 2099 2780 signa,
2155 2721 2256 2781 per
2302 2723 2479 2765 unam
2524 2704 2936 2768 duodecimam
2983 2706 3205 2769 zodiaci

505 2794 909 2866 determinata,
956 2807 1215 2852 consona
1259 2792 1497 2868 quidem
1543 2807 1661 2850 non
1705 2799 1860 2863 sunt,
1908 2790 2012 2848 sed
2043 2789 2235 2851 sol'um
2283 2794 2341 2850 in
2371 2810 2586 2869 genere
2618 2798 3038 2856 concinnornm
3068 2812 3206 2855 con-

502 2884 716 2944 sistunt
737 2877 856 2962 v¹)3
902 2888 964 2938 at
1008 2895 1161 2954 quae
1206 2896 1309 2956 per
1352 2881 1612 2956 quinque
1659 2877 2036 2938 duodecimas
2083 2878 2308 2940 zodiaci
2355 2880 2740 2942 determinata
2783 2890 2940 2957 sunt,
2987 2900 3022 2943 e
3066 2898 3204 2944 con·

501 2973 677 3032 trario
722 2978 858 3029 sunt
900 2970 1050 3026 inter
1094 2968 1398 3040 concinna,
1447 2983 1581 3027 oum
1624 2968 1742 3025 sint
1770 2968 1991 3040 utique
2038 2974 2095 3025 et
2121 2964 2388 3027 dicantur
2417 2970 2765 3042 inconnexa,
2809 2968 2994 3048 idque
3023 2987 3203 3051 prop*-

504 3068 691 3133 terea,
738 3058 879 3135 quia
923 3053 1171 3115 circulus
1216 3050 1292 3113 ad
1338 3054 1485 3113 duos
1533 3070 1702 3113 arcus
1743 3050 1785 3110 'a
1831 3062 1989 3112 recta
2036 3056 2386 3114 constitutos
2405 3099 2420 3128 ,
2483 3073 2636 3133 quae
2679 3058 2915 3119 unciam
2961 3058 3203 3138 subten-

504 3145 618 3219 dit,
683 3145 826 3206 facit
867 3143 1273 3222 proportiones
1320 3144 1542 3200 nuineri
1594 3139 1939 3200 duodenarii
1988 3140 2065 3199 ad
2119 3142 2140 3197 1
2198 3140 2396 3220 adque
2446 3147 2518 3203 11
2546 3186 2562 3217 ,
2625 3161 2779 3220 quae
2832 3145 3032 3207 aliena
3074 3155 3205 3207 sunt

502 3251 539 3293 a
585 3233 872 3305 consonis,
919 3239 981 3289 at
1028 3246 1143 3287 non
1190 3232 1368 3289 etiam
1413 3248 1449 3287 a
1496 3229 1793 3288 concinnis
1838 3225 2106 3301 exulant3
2153 3228 2230 3287 ad
2277 3230 2427 3289 duos
2475 3248 2615 3291 vero
2660 3249 2799 3292 suos
2845 3250 3020 3293 arcus
3064 3250 3202 3294 con-

500 3324 739 3383 stitutos
787 3339 823 3379 a
869 3326 1043 3389 recta,
1091 3334 1247 3392 quae
1298 3318 1332 3374 5
1381 3318 1583 3375 uncias
1629 3313 1949 3395 subtendit,
1995 3317 2401 3392 proportiones
2453 3320 2592 3379 tacit
2637 3323 2861 3380 numeri
2916 3323 2994 3380 12
3043 3320 3122 3380 ad
3168 3322 3201 3380 1

504 3417 563 3470 et
613 3412 668 3481 ⁷,
715 3424 869 3484 quae
916 3412 975 3465 et
1019 3423 1056 3462 a
1101 3406 1374 3463 consonis
1432 3411 1490 3463 et
1535 3421 1571 3462 a
1616 3404 1915 3463 concinnis
1961 3402 2235 3476 exulant;
2296 3407 2514 3484 quippe
2560 3421 2692 3466 cum
2748 3416 2960 3468 neutra
3015 3423 3207 3486 neque

505 3495 809 3573 multiplex
854 3509 1045 3570 neque
1090 3491 1631 3569 superparticularis
1678 3492 1783 3562 sit,
1831 3507 2025 3566 neque
2068 3494 2395 3569 composita
2441 3511 2511 3553 ex
2557 3493 2857 3570 aliquibus
2903 3493 3201 3559 elementis

502 3584 581 3643 ad
626 3582 1038 3644 consonantias
1082 3580 1504 3655 pertinentibus
1525 3575 1652 3654 ΥΠ).
1745 3576 2015 3654 Amplius
2060 3586 2120 3637 et
2163 3588 2393 3655 praeter
2420 3578 2706 3641 haetenus
2755 3584 3029 3661 utrinque
3066 3600 3203 3644 con·

502 3671 743 3732 cordata
787 3670 966 3731 etiam
1011 3666 1123 3725 hoc
1168 3666 1445 3740 succedit,
1491 3664 1650 3742 quod
1698 3683 1735 3724 a
1778 3666 1963 3742 signis
2006 3664 2233 3727 zodiaci
2279 3676 2396 3726 tres
2441 3667 2631 3728 solum
2666 3669 3202 3748 quadrangulornm

501 3762 727 3837 species
772 3759 923 3817 sumi
968 3763 1245 3831 possunt,
1310 3751 1546 3830 aequali
1592 3769 1830 3812 numero
1891 3760 2023 3812 cum
2068 3754 2378 3829 speciebus
2440 3759 2863 3819 consonantiae
2909 3757 3202 3819 diatessa-

501 3862 624 3922 ron,
672 3842 1093 3923 triangulorum
1142 3858 1280 3902 vero
1329 3849 1580 3916 quatuor
1624 3839 2015 3912 solummodo,
2062 3840 2295 3916 aequali
2341 3859 2567 3919 rursum
2614 3860 2855 3906 numero
2903 3863 3039 3906 cum
3069 3862 3204 3924 spe-

501 3935 702 3995 ciebus
748 3933 1164 3993 consonantiae
1213 3928 1519 4003 diapente,
1567 3944 1638 3987 eo
1684 3926 1843 4003 quod
1890 3927 2036 3986 solis
2079 3927 2170 3987 his
2219 3934 2616 3990 consonantiis
2663 3928 2928 4007 accidat,
2984 3916 3203 3994 ut'sna

501 4022 920 4102 incompositae
941 4013 1098 4091 vm).

674 4108 844 4186 Quae
888 4106 1066 4184 igitur
1126 4106 1281 4165 circa
1325 4104 1517 4181 ipsum
1565 4112 1791 4162 motum
1837 4101 2176 4180 circularem
2243 4103 2319 4162 ad
2366 4112 2672 4181 utramque
2726 4104 3013 4168 dictarum
3072 4109 3203 4174 bar*-

502 4200 832 4260 moniarum
892 4191 1145 4270 expendi
1202 4201 1486 4269 possunt,
1552 4198 1611 4250 et
1656 4206 1809 4266 quae
1857 4188 2174 4265 figurarum
2233 4208 2527 4254 consonae
2584 4201 2644 4254 et
2698 4192 2975 4256 dissonae
3045 4212 3202 4260 com·

500 4287 664 4347 muni
710 4301 842 4345 cum
886 4280 1239 4341 harmonicis
1286 4276 1579 4340 vocabulo
1639 4276 1930 4349 dicuntur,
1975 4276 2260 4337 hactenus
2305 4278 2644 4341 definivisse
2673 4280 2945 4344 sufficiat.
3008 4273 3205 4356 'Deia-

504 4390 642 4452 ceps
687 4371 761 4433 de
802 4370 1009 4448 primis
1053 4367 1395 4427 differentiis
1445 4373 1705 4425 motuum
1753 4362 2097 4423 coelestium
2143 4366 2311 4425 nobis
2357 4369 2465 4426 erit
2513 4369 2958 4445 dispiciendum.

675 4490 823 4546 Nota
856 4488 899 4542 Ι.
971 4478 1445 4554 'comparationem
1482 4482 1572 4537 bic
1607 4478 1920 4550 aggreditur
1954 4479 2427 4559 consonantiarum
2461 4498 2581 4537 curn
2621 4485 2934 4553 aspectibus
2970 4485 3206 4549 sidetem

501 4570 556 4625 in
604 4567 855 4625 zodiaco:
906 4580 1020 4619 rem
1071 4578 1171 4632 per
1216 4576 1276 4615 se
1324 4559 1582 4631 ponderis
1630 4556 1848 4613 maximi
1899 4563 1956 4611 et
1999 4558 2521 4626 praestantissimam
2577 4561 2958 4633 philosophiae
2998 4569 3202 4633 pacm

500 4647 626 4716 (etsi
659 4646 716 4701 in
750 4643 983 4701 solidum
1020 4650 1106 4696 est
1139 4640 1388 4711 neglecta
1424 4657 1455 4693 a
1493 4636 1655 4707 vulgo
1692 4635 2238 4706 philosophantium),
2293 4640 2391 4694 sed
2425 4657 2565 4712 qnae
2613 4645 2769 4709 lanugo
2809 4641 2970 4697 aliter
3006 4653 3094 4701 ent
3122 4645 3198 4701 in-

500 4725 790 4793 stituenda,
826 4738 989 4793 quam
1026 4738 1059 4775 a
1096 4718 1408 4774 Ptolemaeo
1446 4717 1534 4771 hic
1558 4715 1779 4771 factum.
1855 4713 2066 4770 Textns
2085 4732 2184 4785 per
2206 4732 2267 4771 se
2292 4718 2471 4775 clarus
2495 4729 2595 4785 est,
2637 4737 2733 4770 nur.
2769 4721 2954 4777 multi-5
2982 4721 3198 4794 infligat,

671 4821 821 4877 Nm&
855 4818 923 4872 Π·
999 4815 1104 4870 Εὸῐ
1137 4828 1265 4883 Pil-¹⁸⁸
1303 4811 1629 4880 ΜῑΙῸῙΟΕῘΙΘ
1678 4808 1746 4863 ⁴¹0
1783 4810 1952 4879 Signis
1991 4813 2244 4869 consonis
2288 4824 2345 4869 et
2382 4814 2637 4881 dissonis,
2685 4817 2994 4885 cnizjunctis
3034 4829 3090 4877 ei,
3126 4821 3198 4873 in-

527 4905 535 4918 ,
733 4899 804 4956 tis
852 4897 907 4951 in
961 4893 1201 4951 zodiaco.
1291 4890 1427 4945 Vide
1485 4887 1688 4958 Magini
1746 4887 1888 4957 Eph.
1947 4905 2063 4959 cap.
2128 4895 2204 4946 15.
2268 4902 2321 4948 et
2377 4893 2847 4964 Quadripertitum
2902 4894 3198 4953 Ptolomaei

488 5020 496 5028 .
587 4977 604 5009 '-
713 4994 833 5047 eap.
876 4978 955 5031 15.

497 4965 595 5068 ῃ
672 5076 820 5132 Nota
854 5074 951 5127 m.
1025 5070 1243 5126 Initium
1280 5067 1385 5121 boc
1423 5066 1603 5121 statim
1643 5062 1806 5131 labat,
1845 5078 2025 5131 neque
2049 5063 2190 5121 enim
2219 5066 2362 5121 intra
2385 5067 2875 5136 quadrissctionem
2899 5070 3203 5140 consistunt

497 5155 902 5219 consonantiae,
936 5165 1114 5219 neque
1152 5147 1284 5203 solis
1322 5144 1490 5200 ternis
1526 5141 1733 5198 zodiaci
1770 5140 2151 5213 divisionibus,
2202 5151 2336 5214 puta
2371 5146 2426 5200 iu
2464 5146 2597 5215 duo,
2650 5147 2704 5202 in
2744 5149 2847 5203 tria
2889 5156 2948 5203 et
2978 5147 3054 5207 in.
3075 5166 3200 5224 qaa-

495 5246 643 5306 tuor,
679 5230 1040 5290 absolvuntur
1076 5236 1357 5298 aspectus;
1397 5239 1593 5292 neque,
1629 5222 1673 5276 si
1711 5230 2005 5289 utrumque
2043 5230 2217 5290 esset,
2256 5229 2384 5293 apte
2424 5225 2559 5279 haec
2596 5222 2704 5280 illis
2741 5233 3199 5296 compararantur.

501 5310 893 5369 consonantias
943 5326 1050 5367 non
1096 5311 1328 5375 natura,
1392 5303 1490 5358 sed
1528 5317 1628 5358 usu
1666 5299 1839 5356 solnm
1877 5306 1934 5354 et
1970 5299 2281 5367 systematis
2324 5302 2552 5371 perfecti
2603 5303 3017 5362 continuat-ione
3065 5306 3204 5363 intr·

499 5390 849 5461 disdiapason
886 5386 1107 5457 includi,
1142 5378 1377 5456 probant
1413 5382 1543 5437 ista:
1584 5381 1639 5443 1)
1677 5377 1824 5449 quod
1860 5386 1988 5434 ante
2025 5378 2397 5437 Ptolemaeum
2423 5381 2800 5453 Pythagoram,
2838 5381 3088 5450 ejusdem
3118 5381 3200 5441 nd

499 5468 782 5541 privilegio
816 5477 872 5523 et
907 5469 1054 5524 vocis
1090 5466 1359 5521 humanae
1396 5459 1750 5532 amplitudine
1786 5457 2155 5528 considerata,
2205 5468 2553 5517 coarctarunt
2599 5461 2991 5519 consonantias
3037 5477 3198 5534 anp-

491 5550 640 5605 -stins
675 5548 819 5603 intra
894 5547 907 5560 “
1011 5607 1020 5616 ,
1122 5544 1519 5615 ·epidiapente;
1568 5542 1628 5610 2)
1664 5538 1813 5611 quod
1851 5552 2058 5608 organa
2094 5546 2302 5594 nostra
2331 5554 2507 5609 usque
2555 5540 2624 5595 ad
2670 5539 2905 5596 ten-kin
2941 5542 3196 5612 disp-u

500 5635 555 5682 et
588 5625 814 5682 ulterius
889 5685 896 5692 ,
1242 5637 1297 5690 r;
1355 5621 1414 5686 3)
1451 5620 1599 5688 quod
1636 5617 1980 5673 Ptoimssus
2014 5619 2134 5687 ipae
2172 5626 2414 5689 systema
2447 5617 2930 5689 mmmm-
2967 5620 3209 5692 σιπύη

495 5704 842 5777 posnbiii-
873 5695 878 5700 ’
1383 5697 1693 5769 complexu,
1729 5697 1827 5753 sed
1864 5695 1982 5755 sola
2017 5696 2523 5767 repraesentatione
2558 5695 2798 5756 omniurn
2834 5702 3051 5770 septen
3082 5714 3196 5771 ap·-
