3684 7259
1529 1281 1584 1337 in
1616 1281 1969 1339 flamonium
1998 1282 2206 1341 nundi.
2230 1283 2235 1290 '
3125 1290 3204 1350 1¹1

477 1459 714 1524 nundi
755 1476 1002 1539 eorpus,
1065 1462 1162 1522 cni
1206 1461 1433 1540 reliqua
1455 1462 1751 1540 maculis,
1814 1480 1968 1539 quae
2010 1462 2167 1523 solvi
2216 1467 2537 1538 nequeant,
2596 1477 2831 1523 annexa
2866 1463 2989 1522 sint
3032 1468 3093 1523 et
3134 1461 3211 1524 ad

507 1547 674 1628 'quod
697 1557 898 1609 motus
926 1566 1068 1609 suos
1100 1550 1386 1627 dirigant3
1430 1551 1764 1612 harmonias
1809 1559 1871 1612 et
1913 1551 2103 1611 lucem
2142 1549 2339 1610 Solem
2381 1550 2681 1627 fastigium
2722 1552 2980 1611 omnium
3024 1568 3213 1612 rernm

509 1637 872 1700 mattham
909 1636 1334 1713 ‚demonstr-are,
1378 1657 1555 1715 qnam
1599 1641 1676 1700 ob
1717 1657 1841 1700 rem
1884 1655 2066 1716 prope
2102 1658 2139 1698 a
2172 1655 2309 1698 vero
2338 1638 2545 1698 abesse
2590 1637 2794 1713 videri,
2841 1640 2942 1716 qui
2986 1637 3210 1699 dicant=

513 1733 588 1786 nt
627 1743 666 1786 a
707 1723 848 1786 Sole
893 1724 1014 1798 lux,
1061 1725 1237 1799 calor,
1286 1730 1475 1786 omnis
1519 1730 1644 1787 vita
1687 1735 1748 1787 et
1789 1736 1985 1786 motus
2031 1727 2307 1801 ordiatur,
2352 1728 2437 1785 ita
2467 1728 2524 1785 in
2556 1726 2763 1787 eodem
2789 1744 2893 1804 per
2921 1730 3212 1788 actionem

511 1815 686 1892 quani
725 1812 1096 1890 spiritualem
1155 1830 1439 1874 summam
1502 1814 1698 1890 colligi
1759 1814 2122 1875 harmoniam
2168 1815 2366 1890 ibique
2413 1831 2542 1874 esse
2587 1815 2782 1874 sedem
2829 1822 2890 1874 et
2933 1817 3213 1893 originem

511 1901 704 1962 omnis
741 1909 1007 1962 naturae.
1070 1899 1201 1961 Hac
1245 1903 1600 1978 cogitatione
1629 1902 1921 1980 Keplerus
1965 1902 2042 1961 ad
2072 1901 2521 1980 Pythagoraeos
2561 1911 2871 1963 revocatus
2912 1915 3210 2005 postremo

513 1989 779 2065 inquirit,
843 2005 1024 2066 quam
1083 1992 1203 2048 vim
1255 1989 1474 2052 habeat
1532 1994 1825 2051 sententia
1879 2007 2077 2052 eorum
2122 1992 2199 2050 ab
2222 1989 2563 2051 Aristotele
2609 1991 2844 2066 tradita,
2908 1992 2969 2050 in
3015 2000 3213 2052 centro

513 2074 717 2137 mundi
761 2093 891 2138 esse
937 2078 1150 2154 ignem.
1175 2110 1258 2121 —

730 2165 825 2224 De
878 2173 1218 2242 argumento
1270 2167 1453 2242 partis
1517 2164 1858 2242 appendicis
1916 2182 2092 2243 supra
2153 2164 2436 2239 diximus,
2501 2181 2610 2225 nos
2672 2167 2996 2225 versionem
3054 2165 3214 2225 Har-

515 2254 748 2314 moniae
790 2251 1152 2327 Ptolemaei,
1207 2270 1247 2312 a
1289 2252 1548 2330 Keplero
1607 2269 1726 2312 noa
1781 2253 2070 2328 additam,
2137 2255 2194 2311 in
2254 2253 2367 2314 fine
2428 2255 2620 2329 operis
2678 2270 2806 2313 esse
2865 2254 3214 2332 adjecturos.

519 2339 655 2400 Alia
720 2340 1062 2417 appendicis
1122 2347 1287 2417 parte
1353 2339 1685 2401 Boberti
1747 2340 1829 2401 de
1870 2342 2312 2402 -Fluctibus
2373 2343 2674 2418 opiniones
2732 2341 3079 2416 refutantur,
3144 2342 3215 2402 de

517 2428 732 2506 quibus
776 2428 925 2488 haec
967 2428 1273 2503 habemus,
1319 2445 1471 2504 qnae
1516 2428 1796 2488 dieamus.
1852 2427 2005 2488 Rob.
2051 2428 2124 2488 de
2170 2428 2471 2489 Fluctibus
2518 2424 2777 2511 (mudd)
2824 2437 2946 2491 arte
2990 2429 3219 2490 medica

517 2515 677 2594 apud
706 2515 1109 2577 Londineuses
1149 2518 1500 2593 conspicuus
1529 2511 1679 2597 (nat.
1714 2534 1767 2575 a.
1801 2518 1983 2576 1574.
2013 2524 2181 2577 mort.
2222 2513 2439 2599 1637),
2472 2516 2748 2576 chemicis
2778 2519 3217 2594 quaestionibus

518 2612 795 2682 operatus
852 2603 929 2664 ad
991 2604 1425 2682 cognoscendos
1482 2607 1660 2665 etiam
1720 2610 1945 2665 veteres
2004 2603 2317 2666 cabalistas
2375 2604 2657 2664 Arabicos
2699 2603 3261 2685 Rabblnornmquaa

517 2689 700 2752 libros
746 2691 819 2752 de
861 2692 1038 2753 rebus
1084 2690 1369 2770 eiusmodi
1398 2694 1755 2770 conscriptos
1800 2690 2031 2751 delatus
2077 2701 2216 2753 erat.
2277 2691 2546 2770 Mysticis
2580 2692 2823 2751 vocibus
2848 2697 3218 2769 mysticaque

516 2781 600 2858 rej
644 2778 912 2855 agendae
957 2783 1183 2841 ratione
1229 2780 1600 2841 vehementer
1666 2778 1990 2844 delectatus
2037 2788 2095 2840 et
2136 2777 2422 2858 pellectus
2470 2777 2658 2840 ordini
2700 2779 2941 2841 fratrum
2985 2781 3218 2841 Eusene
3275 2838 3278 2841 .
3314 2789 3322 2797 “’
3401 2757 3422 2857 ¹,

3304 3030 3515 3314 ἱ

518 2869 740 2942 erucis,
797 2868 905 2928 illa
963 2876 1156 2930 aetate
1211 2867 1470 2942 florenti,
1532 2885 1597 2928 se
1654 2865 1923 2943 adjunxit
1978 2876 2036 2929 et
2095 2869 2154 2926 in
2214 2870 2462 2945 gratiam
2508 2865 2664 2927 illins
2708 2866 2925 2929 ordinis
2973 2865 3218 2933 multum

517 2973 732 3034 operae
797 2958 997 3034 posuit
1062 2957 1122 3015 in
1186 2956 1347 3018 libris
1416 2953 1876 3030 conscribendis,
1951 2972 2198 3033 quorum
2263 2962 2588 3016 memoratu
2653 2949 3030 3032 dignissimus
3097 2965 3229 3017 est:

525 3041 852 3119 Utriusque
902 3043 1118 3120 Cosmi,
1163 3047 1416 3118 majoris
1441 3045 1656 3104 scilicet
1693 3051 1748 3103 et
1772 3046 2048 3120 minoris,
2095 3044 2521 3122 metaphysica,
2560 3042 2813 3120 physica
2857 3053 2913 3105 et
2953 3045 3222 3105 reclinium

516 3131 788 3208 historia,
833 3136 1004 3192 annis
1059 3134 1241 3191 1617.
1297 3132 1479 3190 1618.
1512 3142 1569 3192 et
1605 3133 1788 3191 1619.
1852 3111 2266 3208 oppenhemii,
2321 3134 2502 3190 1621.
2550 3131 2913 3193 Francorum
2957 3137 2997 3193 4
3045 3133 3218 3199 rulu-

3470 3170 3518 3203 pl

517 3220 774 3279 minibus
829 3217 989 3297 typis
1045 3236 1348 3296 expressa,
1407 3220 1484 3279 ad
1540 3236 1713 3295 quem
1758 3219 1987 3279 accedit
2030 3237 2178 3296 opus
2222 3219 2589 3279 Francofurti
2640 3219 2826 3280 1626.
2881 3237 3270 3300 supressum
3284 3293 3373 3304 ,Ὕή

521 3307 913 3382 Philosophia
970 3324 1150 3366 sacr-a
1211 3315 1268 3366 et
1323 3324 1462 3366 vere
1523 3307 1901 3381 Christiana,
1960 3324 2066 3367 seu
2113 3306 2539 3382 Metcoroloyia
2582 3308 2857 3369 comica.
2936 3305 3117 3384 Quae
3158 3309 3281 3368 ln·.

519 3394 846 3471 appendice
890 3393 1249 3454 Harmoniae
1295 3394 1584 3470 Keplerus
1629 3394 1887 3453 Roberto
1928 3394 2016 3453 illi
2060 3396 2381 3471 objecerat,
2446 3394 2537 3453 his
2598 3399 2789 3454 motus
2842 3393 2941 3456 hic
2980 3411 3223 3456 causam
3326 3389 3331 3394 ’

520 3501 688 3542 suam
735 3482 1014 3543 defendit.
1086 3481 1154 3541 In
1199 3491 1510 3558 prospectu
1556 3482 1882 3557 argumenti
1927 3486 2118 3558 quarti
2166 3483 2476 3542 voluminis
2518 3480 2724 3562 (ffbmi
2765 3482 3011 3542 secundi
3052 3481 3251 3544 trac-

519 3578 682 3632 mus
725 3570 1052 3643 secundus,
1100 3570 1172 3628 dc
1211 3570 1738 3645 praeter-naturali
1779 3569 2000 3629 mundi
2041 3572 2316 3642 historia)
2360 3569 2643 3645 legimus.
2694 3572 2905 3630 »Sectis
2939 3573 3129 3646 prima,
3164 3574 3222 3628 in

517 3654 804 3722 portiones
836 3660 949 3708 tres
985 3652 1182 3721 divisa,
1219 3652 1306 3708 cui
1339 3654 1396 3707 in
1431 3652 1540 3708 fine
1569 3650 1849 3721 appendix
1888 3653 2151 3720 quaedam
2198 3654 2485 3725 analytica,
2534 3651 2922 3722 comparationi
2956 3652 3014 3708 1ιι
3048 3652 3222 3709 cauda

517 3731 847 3786 Harmoniae
879 3729 1075 3786 Mundi
1111 3736 1159 3788 J.
1199 3731 1433 3802 Kepleri,
1470 3729 1571 3787 snb
1608 3729 1767 3785 titulo
1803 3731 2138 3799 appendicis,
2172 3734 2314 3787 inter
2350 3730 2576 3787 eandem
2612 3731 2760 3786 illam
2787 3747 2941 3788 suam
2964 3740 3021 3788 et
3045 3748 3221 3789 meam

518 3807 874 3864 Harmoniam
908 3808 1232 3866 mundanam
1267 3809 1467 3878 factae,
1518 3807 1802 3878 ipsissimis
1848 3811 2089 3867 veritatis
2132 3811 2463 3882 argumentis
2500 3809 2854 3881 respondens,
2909 3811 3214 3867 inseritura

518 3891 685 3954 Haec
731 3891 1026 3971 appendix
1069 3911 1185 3954 non
1233 3896 1382 3954 inest
1425 3896 1485 3952 in
1532 3892 1804 3970 editione,
1852 3912 2004 3971 qnae
2036 3897 2205 3956 nobis
2234 3904 2468 3972 praesto
2498 3904 2604 3971 est,
2653 3894 2758 3956 sed
2789 3912 2941 3970 quae
2969 3912 3219 3972 respon-

520 3981 732 4044 dentur
789 3980 1031 4058 Kepleri
1097 3982 1527 4059 „Apologiae“,
1588 3999 1764 4061 quam
1828 3982 2007 4059 paulo
2066 3985 2215 4044 infra
2287 3984 2560 4043 dicemus.
2671 3981 2956 4085 Separato
3023 3991 3223 4044 autem

517 4068 723 4130 libello
768 4067 872 4128 illa
902 4069 1060 4129 edita
1100 4078 1236 4129 sunt
1279 4070 1393 4130 hoc
1425 4071 1700 4165 inscripto
1731 4071 1935 4130 titulo.
2000 4075 2263 4132 Veritatis
2293 4074 2666 4145 proscenium,
2719 4075 2781 4129 in
2825 4090 2933 4144 quo
2968 4074 3225 4130 andaciam

519 4153 728 4209 error-is
760 4153 1030 4224 trayicum
1054 4152 1371 4222 dimovetur,
1407 4153 1678 4225 siparium
1701 4154 2052 4224 iquos-antiae
2074 4153 2341 4211 scenicum
2364 4154 2735 4223 complicatur,
2769 4153 3000 4224 ipsaque
3022 4153 3225 4210 nerins
3348 4165 3357 4198 -·

521 4249 558 4288 a
591 4248 696 4288 suo
735 4232 990 4286 ministro
1025 4231 1086 4286 in
1112 4232 1391 4302 publicum
1418 4229 1767 4302 producitur,
1803 4247 1900 4286 scu
1936 4232 2331 4289 demonstratio
2367 4230 2639 4301 quaedam
2676 4231 2983 4302 analytica,
3016 4232 3083 4288 in
3114 4243 3229 4300 quo

519 4311 744 4367 matbet
776 4313 1211 4381 comparationis
1235 4310 1550 4383 particulae
1589 4311 1651 4363 in
1694 4311 1991 4380 appendice
2034 4310 2273 4380 quadam
2308 4327 2345 4365 a
2379 4309 2437 4365 J.
2475 4309 2753 4381 Kepplero
2792 4325 2972 4380 nomer
3016 4309 3079 4364 in
3110 4309 3220 4376 fine

521 4391 876 4446 Harmoniae
908 4407 1041 4446 suae
1075 4391 1402 4445 Mandanae
1436 4389 1598 4455 edita,
1632 4389 1815 4456 factae
1849 4390 1995 4445 inter
2016 4389 2385 4444 Harmoniam
2418 4403 2574 4443 suam
2599 4387 2953 4443 Mundanam
2988 4393 3040 4442 ct
3070 4387 3223 4440 illam

521 4468 590 4524 Β.
614 4467 812 4524 Πυόἆ
843 4469 1136 4539 ipsissimis
1165 4470 1414 4524 veritatis
1446 4468 1783 4537 crya-acatis
1815 4467 2189 4537 respondetur.
2277 4468 2526 4523 Authore
2559 4467 2800 4522 Roberto
2836 4463 3041 4532 Fludd,
3080 4464 3227 4518 alias

523 4548 588 4606 de
621 4547 932 4605 Mus.
1001 4547 1268 4617 ,Fi-ancos.
1302 4546 1456 4602 1621.
1563 4538 1769 4615 Qualis
1826 4544 2157 4618 inscriptio,
2220 4543 2337 4602 tale
2398 4550 2487 4603 est
2543 4541 2729 4601 libelli
2790 4547 3221 4617 argumentum.

523 4634 674 4693 inter
715 4630 908 4692 multa
949 4631 1158 4706 verba,
1224 4634 1438 4708 partim
1478 4630 1725 4709 mystico
1787 4639 2073 4705 apparatu
2142 4630 2512 4704 circumfusa,
2575 4629 2658 4687 nil
2724 4629 2840 4690 fere
2902 4627 3224 4687 memoratu

526 4719 768 4797 dignum
836 4720 1100 4778 occurrit.
1212 4718 1666 4796 Obiurgationes
1731 4716 1974 4793 Kepleri
2043 4719 2102 4776 in
2169 4719 2250 4776 26
2316 4725 2512 4794 partes
2582 4716 2804 4776 divisas
2869 4715 3223 4775 verbotenus

528 4807 824 4870 describit.
917 4805 1175 4866 Excusat
1219 4811 1294 4865 »si
1331 4810 1460 4880 quid
1495 4810 1635 4865 forte
1669 4808 1741 4864 sit
1774 4815 2075 4878 peccatum,
2127 4824 2263 4878 opus
2298 4809 2547 4877 (primum
2583 4808 2835 4864 volumen
2868 4805 3222 4875 microcosmi)

527 4892 727 4962 quippe
761 4903 962 4960 magna
993 4887 1336 4943 festinatione
1374 4887 1760 4956 conscriptum,
1797 4888 1945 4962 quod
1978 4902 2087 4940 non
2123 4888 2195 4942 sit
2230 4886 2317 4943 vel
2353 4887 2610 4980 methpdo
2648 4895 2756 4940 tam
2792 4891 3039 4940 exactum
3075 4883 3158 4938 vel
3193 4899 3227 4940 a

525 4969 666 5025 vitiis
701 4968 786 5023 ita
818 4975 1126 5037 purgatum,
1162 4966 1242 5022 uti
1274 4966 1432 5022 istius
1467 4965 1729 5035 Keppleri
1764 4972 1917 5022 tanto
1953 4968 2210 5036 temporis
2246 4967 2404 5036 lapsu
2438 4968 2631 5022 iterum
2654 4965 2953 5031 iterumque
2974 4964 3225 5035 revisum,

455 5039 470 5062 ⁰
527 5056 678 5105 tanta
713 5047 1101 5104 cimentatione
1125 5055 1182 5102 et
1206 5045 1614 5101 fermentatione
1653 5048 2013 5102 examinatum
2050 5054 2105 5101 et
2139 5045 2535 5103 sublimatum«.
2593 5041 2849 5116 Pergcns
2878 5040 3225 5116 respondere

528 5131 816 5194 Eluddius
862 5129 1180 5210 Keplerum
1222 5109 1609 5209 reprehendit,
1660 5131 1817 5209 quod
1856 5131 2019 5207 justo
2060 5132 2342 5190 minorem
2372 5131 2656 5190 rationem
2687 5126 2902 5186 habeat
2931 5130 3223 5203 practicae
3304 5137 3311 5144 '

529 5224 786 5284 musicae
843 5222 1032 5298 partis
1093 5226 1152 5279 et
1207 5221 1402 5280 arcani
1458 5220 1715 5280 musicae
1775 5219 2082 5290 momenti,
2145 5220 2317 5279 rebus
2364 5236 2433 5278 ex
2480 5217 2638 5275 omni
2683 5221 2969 5291 tempore·
2998 5216 3224 5276 traditis

529 5311 760 5387 probati
803 5315 866 5372 et
907 5308 1127 5385 cogniti
1172 5302 1406 5390 (laudat
1448 5306 1697 5368 Davidis
1740 5308 1958 5386 lyram,
2022 5305 2293 5367 Mercurii
2336 5306 2570 5378 tibiam,
2630 5301 2879 5363 Medeae
2923 5303 3226 5383 physicam

533 5395 841 5460 herbarum
915 5391 1377 5477 symphonIam).
1503 5399 1608 5454 Sed
1672 5397 2013 5467 hujusmodi,
2072 5398 2274 5467 inquit,
2335 5394 2573 5449 musicae
2627 5395 2837 5464 species
2903 5411 3012 5450 nou
3068 5396 3229 5452 datur

536 5480 854 5537 mononis
886 5477 1197 5548 vulgaribus
1231 5477 1560 5546 intelligere,
1611 5475 1754 5531 unde
1803 5494 1911 5532 non
1948 5483 2032 5532 est
2067 5476 2283 5543 mirum,
2334 5474 2380 5527 si
2413 5472 2547 5541 ipsis
2585 5471 2726 5527 desit
2760 5472 3067 5564 hujusmodi
3104 5491 3227 5529 can·

537 5557 723 5614 tileuas
760 5555 1021 5612 formales
1057 5555 1414 5627 componendi
1446 5554 1702 5627 facultas,
1757 5557 1960 5625 qnippe
1997 5553 2089 5623 qui
2126 5551 2255 5608 solis
2292 5550 2634 5621 opinionibus
2668 5553 2902 5623 propriis
2938 5554 3228 5609 innitentes

541 5639 710 5694 omnia
745 5637 996 5706 credunt,
1032 5652 1172 5708 quae
1209 5636 1312 5693 sibi
1346 5634 1594 5690 videntur
1629 5639 1684 5688 et
1718 5650 1827 5689 non
1865 5641 2007 5703 sunt,
2045 5641 2101 5686 at
2136 5647 2275 5702 quae
2311 5638 2439 5686 sunt
2476 5637 2532 5688 et
2567 5648 2676 5688 non
2710 5632 2974 5703 videntur,
3011 5649 3076 5690 ea
3110 5641 3227 5690 tan·

543 5731 694 5790 quam
725 5715 1090 5790 impossi‘bilia
1123 5715 1431 5789 repudiant,
1467 5711 1714 5770 derident
1747 5721 1806 5771 et
1836 5730 1939 5786 pro
1975 5710 2142 5769 nihilo
2178 5709 2429 5768 habent«.
2501 5709 2840 5788 Aegerrime
2883 5710 3009 5788 fert,
3069 5708 3229 5788 quod

637 5821 1086 5880 tun-nom*
1311 5883 1316 5888 ,
1603 5849 1608 5854 -
2877 5818 2915 5875 a
