3684 7259
316 1191 379 1256 386
708 1180 750 1234 De
768 1177 891 1234 Motibus
908 1176 1085 1234 Planetarum
1103 1179 1282 1235 Harmonicis.

315 1367 396 1426 sicce
418 1362 534 1426 animas
555 1358 658 1433 mundi
679 1376 798 1435 gerens,
831 1365 955 1422 naturae
976 1373 1072 1419 rerum
1095 1361 1205 1418 arctius
1228 1366 1273 1420 est
1295 1357 1510 1442 alligata-(aut
1529 1362 1554 1419 si
1577 1362 1669 1446 *m

203 1464 205 1467 “
316 1451 435 1527 aliquas
457 1456 609 1512 creaturas
631 1447 838 1522 intelligentes,
862 1452 984 1503 naturae
1008 1444 1142 1506 diversae
1166 1448 1203 1505 ab
1227 1447 1370 1526 humana,
1392 1448 1513 1523 globum
1536 1437 1668 1508 steint-

314 1548 425 1600 nuum
449 1536 571 1596 forsitan
594 1535 758 1594 inhabitant
781 1530 1039 1611 inhabitabuntva)
1062 1534 1244 1594 naturalibus
1274 1538 1362 1594 stiam
1383 1537 1546 1595 rationibus
1570 1537 1668 1611 inqui·

314 1629 405 1686 timus
427 1624 528 1685 libere.
568 1627 649 1693 (Vide
667 1625 728 1681 libri
745 1626 799 1682 mei
823 1625 857 1679 de
875 1623 955 1680 stella
973 1640 1051 1678 nova.
1066 1632 1150 1693 eaput
1167 1626 1266 1682 XXIV.
1284 1626 1318 1681 de
1336 1627 1426 1681 enims
1443 1628 1538 1681 mundi
1556 1634 1584 1680 et
1601 1644 1668 1680 non·

316 1717 397 1773 nullis
416 1716 476 1784 ejus
498 1715 616 1782 muniis.)
642 1709 769 1784 ⁴Quodsi
790 1708 861 1767 licet
883 1706 1039 1783 analogiae
1054 1709 1104 1768 filo
1119 1709 1243 1770 ducente
1257 1685 1442 1788 labyrintires
1464 1714 1669 1788 mysteriorum

314 1810 438 1862 naturae
460 1815 621 1877 permeare,
643 1815 700 1857 non
719 1799 816 1872 inepte
831 1797 907 1871 quis,
932 1797 1044 1872 opinor,
1068 1799 1111 1856 sie
1132 1797 1220 1858 luerit
1241 1808 1472 1874 argumentatus,
1495 1798 1577 1875 quod
1592 1817 1669 1875 quae

316 1895 364 1949 est
386 1886 529 1948 habitudo
551 1904 603 1946 sex
626 1887 740 1944 orbium
764 1883 802 1942 ad
826 1899 980 1942 commune
1002 1882 1119 1943 illorum
1142 1887 1291 1961 totiusque
1306 1885 1381 1945 adeo
1404 1885 1504 1944 mundi
1526 1895 1667 1959 centrum,

319 1975 423 2036 sedem
446 1977 485 2033 slt
506 1981 537 2033 et
558 1996 610 2049 cqc
632 1979 759 2040 ὅιανοιας
780 1970 818 2030 ad
841 1978 891 2030 sos
912 1992 996 2043 sous,
1032 1979 1063 2029 ut
1086 1970 1143 2031 liae
1165 1973 1320 2033 facultates
1343 1974 1381 2033 ab
1406 1974 1572 2046 Aristotele,
1598 1974 1670 2033 Pla-

320 2071 399 2137 tone,
422 2060 527 2120 Proclo
550 2066 580 2121 at
602 2061 706 2120 ceteris
729 2058 960 2133 distinguuntur:
985 2064 1014 2115 et
1037 2076 1157 2131 rursum,
1182 2059 1260 2138 quod
1284 2078 1359 2136 quac
1382 2060 1524 2120 habitudo
1549 2062 1670 2120 revolu-

316 2152 430 2214 tionum
462 2146 600 2209 localium
638 2147 829 2224 plsnctarum.
854 2143 1034 2219 singulorum
1072 2148 1148 2207 circa
1177 2146 1275 2208 Solem
1309 2147 1345 2207 ad
1376 2147 1455 2207 Solis
1487 2151 1670 2226 gyrationem

390 2242 501 2298 adeam
524 2239 553 2294 in
575 2237 674 2310 spatio
697 2229 787 2293 totius
819 2229 988 2309 systematis
1018 2233 1115 2292 medio
1143 2237 1190 2305 (de
1217 2254 1272 2307 qna
1295 2247 1432 2294 testantur
1449 2241 1572 2295 maculae
1591 2241 1670 2295 Solis

275 2309 287 2386 ’,
377 2335 538 2393 ιοιιεῑηιῐιιιιι
563 2325 616 2380 hoc
642 2326 669 2378 in
688 2322 895 2379 Commentariis
913 2322 947 2377 de
969 2332 1044 2381 motu
1063 2324 1180 2394 Martis),
1203 2323 1305 2383 cadem
1341 2327 1379 2384 sit
1410 2327 1499 2384 etiam
1526 2325 1669 2386 habitudo

396 2416 578 2487 densoqsssoc
601 2408 638 2468 ad
662 2432 696 2469 so
718 2426 833 2485 respon
858 2405 1043 2469 ,discursuum
1066 2409 1297 2473 ratiocinationis
1327 2412 1531 2488 multiplicium
1562 2414 1600 2471 ad
1623 2417 1671 2470 in-

318 2495 515 2559 tellectionem
537 2496 693 2556 mentalem
716 2494 971 2570 simplicissimam.
1015 2494 1091 2553 Nam
1122 2498 1164 2554 uti
1185 2496 1238 2556 Sol
1273 2501 1301 2557 in
1335 2517 1367 2557 se
1391 2502 1485 2576 ipsum
1519 2500 1670 2559 revolutus

318 2603 371 2663 per
392 2588 530 2646 amissam
553 2602 589 2643 ex
611 2602 643 2643 se
666 2584 793 2661 speeiem
816 2589 916 2641 movet
938 2580 1075 2656 planetas
1095 2600 1205 2654 omues,
1227 2586 1270 2644 sic
1293 2587 1381 2645 etiam
1404 2605 1494 2660 mens,
1516 2598 1549 2646 ut
1572 2587 1671 2664 philo*

320 2672 407 2749 sophi
431 2674 553 2745 docent,
586 2672 744 2747 seipsam
776 2667 941 2744 intelligens
964 2669 1052 2745 inquo
1074 2686 1106 2727 ac
1130 2673 1194 2747 ipsa
1216 2675 1322 2744 omnia,
1346 2676 1585 2734 ratiocinationes
1615 2677 1672 2734 ciet

245 2807 249 2811 .
319 2777 463 2835 suamque
492 2758 710 2835 simplicitatem
742 2758 770 2814 in
797 2756 863 2817 illas
894 2753 1034 2815 diducens
1062 2764 1092 2817 et
1121 2757 1270 2835 explicans
1303 2764 1401 2820 omnia
1430 2762 1499 2821 facit
1537 2762 1670 2838 intelligi.

319 2847 647 2921 auctotoritati.)
676 2843 818 2919 Adeoque
839 2837 971 2902 connexa
993 2852 1061 2902 sunt
1084 2845 1158 2904 inter
1180 2864 1212 2904 se
1235 2855 1265 2905 et
1287 2848 1426 2923 colligata
1448 2858 1545 2909 motus
1569 2849 1672 2926 plane-

321 2944 418 2995 tarum
450 2936 528 2993 circa
558 2932 657 2993 Solem
685 2934 713 2990 in
740 2948 840 2994 eoram
871 2940 970 2990 centro
1001 2941 1031 2992 et
1059 2930 1207 2994 diaostrsus
1241 2939 1516 3010 ratiocinationum,
1551 2944 1583 2996 ut
1616 2938 1670 2995 uisi

318 3022 437 3095 Tellus,
468 3020 646 3081 domicilium
669 3026 813 3085 nostrum,
841 3036 971 3076 annuum
999 3016 1154 3092 circulum,
1183 3021 1310 3081 medium
1340 3027 1413 3082 intc'r
1436 3025 1522 3083 orbes
1544 3032 1668 3098 ceteros,

319 3117 486 3177 metaretur,
509 3108 605 3168 locum
628 3125 664 3165 es
687 3106 763 3178 loco,
785 3107 943 3165 stationem
966 3122 1002 3162 ex
1018 3106 1145 3167 statione
1168 3101 1345 3183 permutans,
1369 3129 1515 3186 nunquam
1539 3112 1669 3172 bumana

318 3197 504 3259 ratiocinatio
527 3194 566 3257 ad
587 3196 740 3255 verissima
760 3193 944 3270 planetarum
967 3192 1122 3253 intervalla
1145 3205 1174 3253 et
1190 3196 1227 3255 ad
1250 3206 1347 3257 cetera
1363 3200 1400 3257 ab
1424 3202 1459 3257 iis
1475 3199 1671 3275 dependentia

318 3283 405 3345 luerit
424 3285 552 3355 sabura,
575 3298 724 3358 nunquam
747 3282 956 3345 astronomiam
979 3284 1182 3342 corretitutura.
1221 3286 1298 3350 (Vide
1326 3288 1451 3356 optinum
1480 3290 1669 3343 nstrononiae

319 3382 425 3446 partem
452 3390 512 3443 cap.
530 3374 589 3438 IX.)
633 3369 675 3427 Er
698 3367 823 3428 adverso
840 3370 969 3444 quietem
985 3367 1062 3428 Solis
1086 3370 1114 3424 iu
1138 3379 1236 3428 centro
1260 3370 1359 3429 mnndi
1383 3373 1504 3447 pulchro
1528 3388 1670 3447 responsu

320 3461 509 3533 consequitur
530 3456 736 3517 intellectionis
752 3454 942 3531 simplicitas,
967 3472 1001 3516 eo
1025 3448 1104 3531 quod
1127 3455 1269 3516 hactenus
1292 3458 1376 3517 nobis
1399 3468 1571 3534 usurpatum
1594 3477 1672 3517 sem·

322 3562 373 3623 per
395 3544 464 3617 luit,
495 3542 606 3604 solares
636 3543 703 3601 illas
731 3541 898 3602 harmonias
929 3553 1060 3602 motuum
1084 3560 1179 3618 neque
1208 3544 1362 3620 plagarum
1385 3546 1554 3605 diversitate
1577 3564 1673 3621 neque

320 3634 482 3709 spatiorum
505 3631 606 3695 mnudi
629 3630 820 3708 amplitudine
844 3629 966 3690 definiri.
989 3629 1131 3688 Nimirum
1148 3634 1172 3690 si
1196 3649 1255 3707 qua
1277 3650 1359 3692 mans
1381 3650 1417 3692 er
1441 3633 1510 3692 Sole
1533 3636 1675 3710 prospicit

322 3718 492 3784 harmonias
516 3722 608 3791 istas,
641 3717 683 3777 illi
707 3717 812 3777 desunt
835 3716 1013 3777 adminicula
1036 3726 1134 3777 motus
1157 3726 1186 3778 et
1208 3717 1368 3780 stationum
1390 3719 1573 3780 diversarum
1595 3721 1674 3780 sedis
1708 3708 1710 3716 ’

321 3824 405 3878 suas,
429 3824 466 3867 ss
489 3807 597 3883 quibus
619 3811 719 3865 nectat
741 3807 980 3866 ratiocinationes
1010 3813 1039 3864 et
1062 3806 1211 3865 discursus
1234 3807 1395 3867 intervallis
1419 3807 1604 3885 planetarum
1627 3808 1673 3866 di·

321 3894 477 3955 metiendis
500 3896 692 3954 neeessarios
723 3880 881 3968 Compdrst
902 3896 994 3969 igitur
1017 3890 1136 3952 diumoa
1160 3893 1303 3969 cujusque
1326 3894 1464 3971 planctae
1486 3903 1594 3964 motus,
1617 3913 1674 3954 non

309 3988 355 4042 ‘ut
377 3985 398 4042 ii
422 3989 491 4043 sunt
513 3984 542 4044 in
564 3983 627 4041 suis
650 3980 772 4052 orbitis,
803 3978 854 4038 ssd
880 3982 921 4039 uti
952 3997 1004 4056 per
1026 3979 1151 4056 angulos
1179 3981 1216 4038 ad
1240 3991 1370 4041 centrum
1395 3983 1472 4042 Solis
1495 3982 1673 4042 allabuntur.

321 4071 427 4146 Itaque
450 4072 474 4129 sl
499 4070 695 4144 cognitionem
718 4066 808 4127 babet
829 4067 1040 4141 magnitudinis
1055 4068 1254 4145 sphaerarum,
1278 4070 1353 4128 hane
1368 4070 1410 4128 illi
1435 4079 1550 4146 oportet
1573 4089 1592 4128 a
1612 4073 1673 4147 pri-

323 4160 367 4218 ori
389 4161 493 4231 ineese,
517 4159 580 4215 sine
602 4155 860 4216 ratiocinationum
882 4156 1000 4215 labore:
1024 4156 1103 4231 quod
1126 4155 1244 4231 quidem
1266 4157 1480 4233 quadamtenus
1505 4166 1534 4216 et
1557 4159 1593 4234 dq
1617 4159 1673 4216 hu-

322 4248 417 4305 manis
450 4244 596 4305 mentibus
626 4251 656 4306 et
686 4242 722 4302 ds
749 4251 854 4302 nature
885 4243 1037 4305 sublunari
1066 4261 1166 4304 rerum
1201 4261 1281 4318 esse,
1314 4263 1403 4321 supra
1433 4264 1469 4304 es
1493 4245 1617 4305 Platone
1641 4254 1671 4305 at

323 4332 429 4393 Proelo
451 4333 557 4409 patuit.

410 4419 494 4495 Quae
517 4435 583 4479 cum
605 4419 646 4477 ita
668 4418 741 4483 sint.
770 4434 827 4476 non
856 4416 992 4492 equidem
1014 4420 1117 4476 mirum
1147 4417 1249 4491 luerit,
1281 4420 1307 4476 si
1330 4420 1395 4493 quis
1419 4436 1454 4477 cx
1478 4418 1535 4478 hoc
1559 4419 1673 4496 Pytha·

323 4524 413 4585 goras
446 4513 571 4579 cratere,
602 4523 689 4580 quem
717 4504 840 4564 Procles
869 4506 992 4582 inipso
1022 4507 1122 4564 statim
1153 4508 1247 4581 primo
1281 4524 1366 4565 versu
1397 4506 1496 4582 lrymni
1527 4510 1671 4583 propinat,

324 4595 433 4656 haustu
456 4593 617 4654 liberaliori
640 4600 771 4662 assumto
794 4591 1026 4664 concalefactus,
1058 4596 1084 4651 si
1105 4593 1259 4652 harmonia
1285 4593 1365 4653 clrori
1397 4594 1579 4668 planetarum
1604 4614 1673 4653 sua·

323 4684 446 4743 sissima
467 4683 496 4740 in
520 4697 655 4757 soporem
677 4678 763 4740 datus
794 4681 941 4739 somniare
963 4681 1083 4757 incipiat
1113 4684 1206 4743 (licem
1223 4692 1251 4739 et
1268 4684 1415 4739 fabulando
1436 4685 1559 4738 Plutonis
1581 4686 1673 4740 Atlant-

324 4774 406 4830 ticam
430 4780 458 4828 et
485 4771 643 4828 somniando
663 4771 799 4827 Ciceronis
817 4769 971 4838 Scipionem
996 4772 1120 4839 imitaril:
1143 4787 1193 4844 per
1214 4764 1319 4844 globos
1342 4768 1459 4843 quidem
1476 4768 1615 4842 reliquos,
1639 4769 1672 4827 de

324 4858 391 4918 loco
414 4855 564 4915 inlocum
585 4852 776 4915 succedentes
799 4854 876 4913 circa
898 4853 1007 4932 Solem,
1031 4854 1235 4914 disseminatas
1260 4872 1324 4915 esse
1347 4854 1527 4915 discursivas
1550 4874 1603 4915 seu
1626 4875 1672 4916 ra·

324 4943 511 5005 tiocinatlras
542 4942 715 5009 facultates,
748 4957 871 5016 quarum
904 4944 1155 5017 praestantissima
1188 4945 1290 5018 utique
1322 4952 1352 5001 et
1380 4944 1600 5002 absolutissima
1623 4944 1672 5001 illa

324 5033 437 5093 censeri
459 5027 560 5103 debet,
593 5047 668 5106 qnae
691 5030 788 5088 estin
811 5028 928 5087 illorum
949 5028 1103 5104 globorum
1127 5030 1244 5103 medio,
1267 5029 1396 5089 humana
1418 5048 1458 5089 sc.
1483 5032 1512 5086 in
1536 5030 1672 5093 Tellure.

325 5122 356 5178 in
377 5117 447 5179 Sole
470 5134 540 5177 rero
563 5116 741 5177 intellectum
763 5114 936 5191 simplicem,
958 5136 1016 5191 nvp
1039 5139 1141 5196 coepas
1161 5135 1214 5177 seu
1237 5139 1304 5178 eoos
1326 5116 1469 5189 habitare,
1494 5120 1589 5176 omnis
1605 5119 1673 5177 har·

227 5198 234 5212 ’
324 5207 440 5267 monias'
462 5206 580 5278 iontem,
604 5207 771 5281 quicunque
793 5202 843 5263 ille
866 5205 913 5262 sit.

411 5292 487 5351 Nam
509 5294 533 5352 si
557 5292 604 5351 rel
627 5291 663 5352 de
694 5290 772 5350 nuda
799 5290 953 5366 globorum
977 5290 1093 5350 illorum
1115 5295 1259 5365 vastitate
1283 5294 1326 5350 sic
1348 5294 1445 5351 visum
1469 5300 1514 5351 est
1537 5292 1670 5368 Tyclroui

326 5379 431 5453 Br'ahe,
454 5397 512 5449 non
535 5397 599 5440 esse
618 5379 812 5450 ,frustraneam
827 5377 907 5438 illam
924 5378 1086 5454 inmundo,
1110 5382 1160 5440 sad
1184 5379 1286 5439 incolis
1308 5380 1460 5440 refertam:
1484 5390 1596 5453 quanto
1620 5397 1672 5438 ve·

325 5467 474 5528 sisimilins
496 5485 559 5526 nos
572 5468 610 5527 ab
634 5467 686 5526 illa
707 5466 859 5539 varietate,
882 5483 970 5541 quam
993 5470 1022 5526 in
1046 5469 1102 5529 hoc
1116 5468 1240 5528 Telluris
1262 5466 1351 5543 globo
1376 5468 1528 5539 ceruimus,
1554 5484 1671 5543 operum

327 5555 571 5630 consiliorumque
594 5555 649 5614 Dei
672 5553 871 5629 conjecturam
893 5555 982 5612 etiam
1006 5553 1042 5615 de
1065 5559 1167 5615 celeris
1191 5555 1287 5631 globis
1302 5553 1475 5631 capiemus?
1512 5552 1570 5629 Qui
1594 5555 1670 5614 enim

326 5645 439 5721 species
460 5645 584 5727 creauit,
618 5658 695 5722 qnae
717 5657 811 5729 aquas
831 5640 1006 5722 incolerent,
1039 5643 1094 5702 sub
1117 5636 1224 5724 quibus
1246 5648 1343 5704 tamen
1366 5641 1464 5704 nullus
1493 5644 1553 5701 aori
1575 5642 1667 5715 locus,
