3684 7259
248 1243 307 1303 178
643 1251 646 1263 ·
767 1238 808 1292 ue
825 1238 1047 1308 Propertionibns

330 1414 371 1473 X.
394 1414 427 1472 In
450 1430 555 1490 genere
578 1411 661 1472 omne
685 1424 807 1472 octavae
829 1423 957 1492 systema
979 1424 1024 1474 est
1045 1418 1262 1488 inconcinnum,
1292 1415 1371 1491 qnod
1394 1433 1452 1473 non
1478 1418 1581 1475 statuit

246 1513 275 1562 et
295 1500 473 1561 diatessaron
496 1510 526 1559 et
548 1499 684 1577 diapente
707 1502 788 1561 inira
1357 1526 1360 1534 ·

243 1582 245 1585 ’
329 1588 442 1647 Harum
462 1588 559 1663 legum
582 1589 737 1663 pleraeque
757 1590 818 1663 jam
841 1589 925 1647 nobis
948 1590 1075 1647 servient
1096 1591 1124 1647 in
1143 1588 1344 1648 constituendo
1359 1604 1478 1648 numero
1495 1596 1582 1647 tono·
1627 1630 1631 1633 -

245 1694 309 1734 rurn
330 1693 394 1752 cap
418 1678 559 1752 sequenti.

329 1761 428 1823 Sexto.
451 1762 598 1837 Quantum
611 1764 714 1821 attinet
736 1762 774 1820 sd
785 1760 857 1822 illud
869 1764 1027 1821 membrum
1040 1761 1223 1836 definitionis,
1246 1762 1365 1821 duvone
1380 1764 1490 1819 curum
1510 1779 1583 1835 pev-

245 1851 388 1925 uolitnna,
415 1854 450 1907 in
471 1854 606 1909 emonis
629 1853 806 1928 immorans,
834 1853 888 1908 etsi
910 1866 968 1907 non
991 1859 1034 1908 est
1057 1852 1180 1908 instituti
1202 1852 1259 1907 mei
1282 1851 1309 1906 in
1334 1865 1419 1925 opere
1442 1852 1515 1921 istc,
1546 1848 1583 1907 de

245 1939 386 1996 mensuris
416 1935 577 2012 disputare,
607 1935 679 1994 illud
701 1946 797 1995 tamen
826 1939 854 1993 in
877 1954 982 2012 genere
1005 1953 1122 2010 moneo,
1153 1938 1340 2013 praecipuam
1358 1953 1427 2000 ¹csse
1457 1936 1582 2011 gratiam

158 2075 165 2086 r
246 2033 347 2084 cantus
369 2023 525 2083 harmonici
548 2028 822 2083 in'mensuratione.
866 2024 941 2082 Nam
964 2024 1042 2100 quod
1065 2025 1282 2098 generalissime
1307 2023 1497 2094 dictumest,
1520 2023 1583 2081 dis·

245 2127 321 2169 sonu
349 2115 460 2169 cursim
482 2119 554 2183 etc,
582 2110 612 2170 id
640 2114 669 2167 in
698 2113 794 2187 speeie
825 2113 867 2168 sic
898 2129 997 2170 verum
1025 2112 1156 2171 efficitur.
1202 2111 1329 2168 Primum
1354 2110 1450 2169 Latini
1472 2109 1584 2170 habent

151 2216 158 2228 ’
250 2196 464 2275 distinctionem
487 2201 560 2257 inter
581 2197 698 2273 longam
721 2207 750 2257 et
773 2184 890 2257 br'evsm
912 2199 1071 2275 syllabam,
1101 2216 1223 2274 quarum
1245 2198 1328 2256 hanc
1350 2199 1458 2255 iaciunt
1488 2201 1585 2275 nnius,

246 2285 327 2342 illam
338 2284 459 2343 duorum
470 2295 631 2361 temporum
643 2286 725 2344 etsie
736 2285 925 2360 longitudinis
937 2284 1052 2361 duplae.
1089 2285 1263 2361 Quanquam
1278 2280 1365 2343 hodie
1382 2278 1440 2343 nnn
1457 2287 1586 2343 carmina

247 2379 367 2445 tantum,
390 2372 441 2431 sad
463 2374 551 2431 etiam
573 2390 660 2448 prosa
681 2374 806 2443 canitur,
836 2374 865 2429 in
888 2390 947 2448 qua
969 2377 1084 2448 penitus
1106 2374 1261 2448 negligitur
1288 2373 1325 2431 ab
1349 2371 1494 2431 hodiernis
1517 2388 1583 2430 mu·

248 2462 315 2517 sicis
338 2459 483 2518 distinctio
505 2457 609 2535 longae
633 2468 662 2517 et
683 2460 779 2517 brevis
801 2459 941 2535 syllabus,
966 2462 1117 2536 respicitur
1141 2478 1207 2518 vero
1223 2462 1306 2518 unice
1331 2459 1493 2518 admoram
1515 2475 1585 2534 pro-

166 2613 169 2619 ·
246 2547 411 2619 nunciandi,
435 2549 568 2622 quamvis
590 2549 615 2603 is
629 2545 717 2605 hodia
740 2550 777 2603 sit
790 2555 950 2622 corruptus,
975 2547 1155 2624 habeturque
1171 2564 1223 2623 pro
1239 2546 1327 2621 longa
1342 2545 1466 2623 syllaba,
1485 2561 1585 2622 'quae-

188 2697 191 2708 ,
249 2650 362 2709 cunque
386 2632 450 2692 curn
473 2643 594 2693 accentu
616 2646 703 2691 acuto
726 2632 800 2691 solet
822 2636 948 2708 proferri,
972 2653 1024 2709 pro
1048 2635 1138 2703 brevi,
1162 2652 1236 2710 qnae
1261 2652 1325 2692 cum
1347 2637 1438 2708 gravi.

332 2720 367 2778 Id
389 2739 446 2778 non
469 2724 572 2779 mirum
595 2724 623 2777 in
647 2721 738 2778 latina
760 2721 860 2795 lingua
882 2723 957 2792 fleri,
988 2739 1053 2779 cum
1076 2722 1153 2780 idern
1175 2724 1263 2780 etiam
1283 2720 1387 2779 Graeci
1409 2721 1584 2795 posteriores

249 2807 382 2879 iecerint,
414 2810 464 2884 qui
493 2809 625 2884 quamvis
654 2825 724 2883 pure
754 2809 927 2885 scriberent,
955 2811 1218 2884 pronuntiationem
1233 2815 1343 2867 tamen
1366 2805 1584 2866 vitiosissimam

249 2904 316 2953 sunt
337 2895 479 2973 amplexi,
506 2898 535 2952 in
559 2913 618 2971 qus
648 2894 728 2952 nulls
750 2894 873 2969 amplius
902 2904 946 2953 est
968 2895 1114 2954 distinctio
1142 2904 1279 2955 accentus
1302 2891 1380 2954 acuti
1411 2894 1584 2971 asyllahae

248 2980 436 3057 longitudine,
459 2985 557 3058 gravis
581 3002 598 3040 a
622 2982 770 3052 brevitate,
794 2999 858 3039 cum
874 2991 968 3040 tamen
992 2982 1029 3040 ad
1046 2983 1101 3040 hoc
1123 2985 1213 3059 signis
1229 2982 1383 3054 abundent,
1408 2997 1484 3057 quae
1506 2980 1584 3058 apud

176 3077 178 3083 ’
250 3067 370 3127 Latinos
399 3087 458 3127 non
488 3078 547 3127 tam
576 3070 717 3142 frequenti
747 3071 774 3125 in
805 3086 858 3126 usu
884 3070 1031 3129 habentur.
1077 3070 1180 3146 Itaque
1203 3069 1307 3128 Gracci
1337 3071 1479 3145 abrogato
1507 3086 1586 3127 more

250 3154 394 3231 pangendi
425 3173 538 3215 carmen
568 3157 606 3214 ab
629 3156 741 3231 aliquot
764 3156 826 3230 jum
849 3156 955 3231 seculis
979 3168 1135 3232 coeperunt
1157 3158 1281 3216 scribere
1310 3173 1427 3228 versus,
1450 3155 1584 3232 politicos

251 3240 360 3315 dictos,
392 3245 549 3318 inquibus
579 3242 712 3319 syllabae
733 3254 935 3316 numerantur,
965 3260 1020 3301 non
1044 3253 1259 3316 mensurantur,
1293 3245 1462 3317 obtinetque
1487 3253 1587 3301 versus

251 3329 447 3405 penultimam,
470 3347 527 3388 non
550 3347 626 3404 quac
649 3337 751 3388 natura
774 3330 861 3406 longa
884 3339 936 3403 est,
959 3332 1010 3390 sed
1034 3348 1109 3405 quae
1133 3339 1252 3390 accentu
1270 3335 1382 3389 acuitur
1404 3333 1433 3387 in
1455 3345 1587 3397 sumone

253 3416 395 3493 populari.
440 3416 474 3475 Id
498 3419 584 3494 igitur
606 3413 753 3474 imitantur
776 3420 862 3476 etiam
893 3421 920 3475 in
944 3418 1036 3476 latins
1057 3422 1146 3476 nostri
1170 3421 1289 3489 musici,
1315 3418 1388 3477 adeo
1411 3426 1443 3475 nt
1466 3434 1502 3476 ne
1523 3435 1588 3475 car·

250 3504 375 3562 minibus
404 3504 537 3580 quidem,
569 3506 623 3561 nisi
652 3522 766 3579 perraro
795 3522 848 3563 nec
879 3517 1006 3580 unquam
1035 3509 1063 3562 in
1093 3505 1208 3577 totum,
1235 3513 1372 3582 parcant3
1400 3503 1486 3564 eredo
1519 3506 1589 3579 qnia

253 3588 343 3666 dupla
365 3599 393 3650 et
416 3592 503 3667 tripla
524 3599 664 3667 perpetua
687 3594 714 3648 in
738 3592 869 3650 cantibus
893 3602 938 3650 cst
959 3600 1088 3669 recepta,
1113 3611 1175 3650 cum
1199 3594 1326 3651 carmina
1347 3591 1588 3666 has'inaequali·

252 3687 296 3736 ter
317 3679 470 3751 misceant,
501 3689 622 3753 excepto
646 3678 827 3751 hexametro,
859 3680 937 3754 quod
960 3683 1145 3760 proportione
1168 3680 1353 3755 aequalitatis
1379 3683 1407 3736 in
1430 3678 1589 3756 spondaeo,

253 3772 282 3823 et
304 3763 392 3840 dupla
413 3765 540 3841 perfecta
562 3768 589 3820 in
614 3764 729 3841 dactylo
753 3775 918 3824 contentum
942 3776 993 3825 est.
1038 3768 1160 3826 Brevem
1176 3770 1263 3842 igitur
1278 3768 1422 3844 syllabam
1443 3759 1496 3824 aut
1513 3782 1589 3842 quse

254 3860 299 3911 est
321 3850 385 3911 loco
410 3854 514 3924 brevis,
538 3852 654 3928 qnando
677 3852 841 3927 spondaeus
864 3854 994 3912 succedit
1011 3855 1122 3929 jambo,
1147 3865 1176 3913 et
1193 3858 1221 3911 in
1237 3871 1342 3928 genere
1357 3853 1501 3930 syllabam
1524 3870 1589 3911 cum

231 3944 374 3998 'accentu
395 3938 593 4015 proterendam
615 3942 719 3997 musici
741 3939 881 4015 deputant
904 3941 1019 3999 dissono
1043 3958 1130 4014 sono,
1154 3944 1177 4000 si
1201 3959 1252 4017 per
1275 3940 1354 3998 illum
1377 3944 1415 3999 sit
1436 3949 1590 3999 transeun-

254 4025 336 4099 dum,
359 4025 476 4102 longam
498 4029 631 4085 consonis
655 4026 699 4086 vel
724 4029 815 4102 quasi.

339 4111 472 4174 Secundo
495 4114 611 4189 linguae
628 4115 760 4185 donicae,
784 4132 859 4189 quae
882 4114 1017 4191 rhythmo
1040 4122 1167 4186 utuntur,
1191 4114 1360 4185 Teutonica,
1387 4112 1510 4187 Gallica,
1533 4113 1613 4173 Hi··

254 4201 383 4277 spauica,
406 4201 509 4260 Italica
532 4203 640 4260 iaciunt
661 4201 709 4259 vel
731 4202 862 4260 ultimam
886 4205 1021 4260 carminis
1042 4210 1157 4260 acutam
1181 4202 1227 4260 vel
1241 4202 1431 4278 penultimam
1453 4202 1591 4261 cherunt-

256 4303 311 4362 que
335 4295 426 4346 totum
449 4306 565 4346 versum
587 4290 643 4360 sic,
675 4306 709 4347 ac
731 4291 756 4348 si
779 4289 895 4347 alternis
926 4298 1012 4348 acuta
1034 4288 1082 4348 vel
1104 4291 1202 4364 gravis
1230 4280 1345 4366 syllaba
1369 4306 1400 4349 se
1423 4297 1524 4348 mutuo
1547 4291 1593 4346 in-

256 4382 422 4449 sequantur,
446 4377 507 4433 sive
530 4376 661 4449 sithoc,
685 4379 766 4433 utin
790 4385 858 4452 apto
882 4376 1041 4434 Teutonico
1065 4393 1167 4448 versu,
1192 4379 1254 4435 sive
1278 4380 1411 4449 nonsit,
1438 4386 1470 4435 ut
1491 4376 1592 4436 erebro
1628 4415 1630 4428 «

255 4462 285 4517 in
308 4459 439 4520 Gallicis.
484 4463 588 4537 Itaque
612 4465 704 4521 omnis
727 4464 840 4521 illorum
864 4478 964 4522 versus
995 4475 1045 4522 aut
1072 4463 1217 4523 trochaico
1244 4465 1345 4521 similis
1369 4474 1413 4523 est
1444 4453 1593 4539 andjam-

255 4548 330 4619 bico,
354 4550 446 4624 iisqne
468 4560 518 4607 aut
541 4552 724 4609 acatalectis:
757 4547 906 4631 &thither
927 4546 1073 4633 nimmolo
1101 4551 1159 4613 turb
1186 4551 1232 4611 het
1254 4548 1356 4613 (huben.
1400 4547 1474 4613 ditur
1503 4546 1613 4613 wrm,

256 4630 311 4697 uir
333 4636 385 4697 ben
406 4633 533 4717 toanqcu
556 4633 652 4716 bittit,
683 4648 734 4696 aut
757 4639 918 4697 catalonis:
947 4635 1014 4720 ibai
1042 4635 1092 4717 lida
1120 4640 1250 4700 urrnbart
1278 4636 1332 4700 ulit
1354 4634 1440 4701 ibuit.
1487 4634 1529 4700 ut
1558 4633 1592 4715 ot

256 4722 303 4784 bet
324 4718 549 4805 hidutgtulittnt.
593 4725 685 4800 Igitur
706 4727 809 4783 musici
831 4729 910 4785 sonis
933 4727 1058 4785 dissonis
1081 4724 1177 4785 sedern
1201 4729 1228 4783 iu
1244 4727 1382 4802 gravibus
1406 4726 1452 4785 vel
1475 4743 1592 4801 correp·

258 4811 294 4867 tis
317 4808 438 4885 syllabis
460 4810 565 4885 figunt,
591 4814 723 4870 consonis
748 4814 774 4869 in
799 4816 900 4873 acutis.

343 4896 451 4970 Tertio,
473 4915 537 4956 cum
561 4916 630 4957 vero
653 4907 753 4956 cantus
777 4902 881 4975 accipit
903 4917 1066 4958 mensuram
1096 4917 1152 4957 non
1175 4917 1193 4956 a
1215 4898 1336 4975 syllabis
1359 4907 1467 4972 textus,
1500 4900 1551 4958 sed
1574 4917 1593 4958 a

257 4988 349 5055 tactu,
381 4991 468 5059 atque
491 4986 515 5042 is
539 4986 584 5045 vel
609 4984 726 5063 duplam
754 4989 883 5061 sequitur
905 4989 1118 5063 proportionem
1151 4986 1196 5045 vel
1221 4973 1348 5062 tripla'm,
1380 4990 1500 5065 primam
1524 4987 1592 5067 quif

258 5068 324 5127 dem
345 5076 438 5129 tactus
461 5079 572 5148 partem
595 5076 743 5143 consonis,
774 5076 959 5149 posteriorem
983 5080 1011 5131 et
1034 5076 1061 5130 in
1085 5072 1169 5150 tripla
1196 5074 1371 5148 breviorem,
1401 5091 1477 5151 quae
1498 5076 1592 5149 signi·

257 5155 359 5215 ficatnr
374 5156 535 5217 elevatione
551 5177 662 5230 manus,
690 5159 813 5219 dissonis
829 5164 1010 5238 potissimum
1027 5169 1172 5219 reservant
1188 5170 1358 5238 carentque,
1375 5170 1515 5237 quantum
1529 5160 1592 5221 fleri

257 5251 362 5319 potest,
384 5261 420 5303 ne
441 5247 564 5331 primum
587 5255 680 5305 tactus
703 5249 850 5307 semissem
873 5248 932 5307 alia
955 5254 1074 5324 occupet
1097 5248 1220 5325 syllaba,
1243 5266 1330 5324 qnam
1350 5266 1424 5325 quae
1441 5252 1592 5309 est‘acute

257 5330 442 5405 proterenda,
465 5350 538 5393 neve
562 5332 665 5410 longae
689 5336 774 5395 binae
798 5338 825 5392 in
849 5336 979 5394 ultimam
1002 5344 1095 5396 tactus
1118 5344 1228 5412 partem
1250 5336 1440 5396 intrudantur.
