3684 7259
291 1164 352 1226 166
570 1203 573 1209 ,
732 1187 736 1194 ·
821 1175 861 1230 lle
879 1173 1104 1245 Propoetionibus

290 1358 359 1401 vaur
382 1352 589 1406 ccaceweutur
610 1350 784 1427 principales
807 1354 933 1415 chordas
957 1352 1140 1429 decemper
1165 1368 1228 1428 cap.
1247 1354 1274 1423 7,
1299 1347 1469 1408 omnliariaa
1488 1357 1557 1400 vero
1580 1346 1640 1397 tre·

291 1427 400 1504 decim,
430 1449 481 1507 per
504 1450 568 1511 cap.
594 1437 630 1509 8,
657 1437 690 1497 tlt
713 1448 745 1498 ut
767 1440 825 1501 duo
847 1447 930 1516 soni,
960 1440 1032 1500 diesi
1057 1439 1104 1498 vel
1132 1438 1268 1498 lemmate
1298 1436 1453 1504 distantes,
1485 1433 1641 1507 pingantur

292 1516 396 1577 endem
418 1518 635 1596 diagrammatis
657 1525 739 1602 loco,
771 1546 823 1588 seu
846 1533 871 1589 is
895 1531 973 1589 linea
996 1522 1033 1587 sit
1055 1544 1108 1586 seu
1131 1525 1312 1586 interlineare
1341 1517 1541 1589 intervallum,
1572 1515 1642 1589 quia

293 1603 391 1676 dieses
413 1614 444 1665 et
465 1607 603 1669 lemmata
625 1628 683 1671 non
700 1625 842 1675 canuntur
864 1617 1012 1695 deinceps,
1036 1622 1068 1674 ut
1091 1616 1152 1675 toni
1175 1621 1205 1674 et
1220 1614 1389 1685 semitonia;
1413 1602 1472 1684 qua
1494 1605 1530 1663 de
1552 1618 1643 1661 cauea

293 1692 382 1756 etiam
402 1693 485 1754 nolui
500 1696 574 1756 illas
596 1715 662 1758 cum
685 1701 833 1779 aliquibus
856 1699 1010 1766 s'emltonla
1031 1704 1145 1762 minora
1168 1700 1271 1760 dicere.
1317 1698 1383 1758 Hac
1397 1698 1484 1772 igitur
1503 1690 1539 1749 de
1554 1705 1644 1748 causa

293 1779 499 1857 praeligendae
521 1786 601 1844 tuere
623 1785 708 1848 lineis
731 1799 760 1850 et
782 1793 953 1868 intervallis,
977 1792 1149 1853 chordarum
1164 1788 1349 1864 imaginibus,
1374 1790 1471 1844 certae
1487 1786 1583 1849 notae,
1608 1793 1644 1834 ex

294 1867 401 1944 quibus
423 1878 526 1931 cantus
549 1873 637 1933 durus
660 1895 678 1935 a
701 1877 781 1937 molli
805 1883 1046 1943 internosceretur
1068 1885 1271 1953 constaretque
1293 1875 1374 1933 locus
1398 1869 1557 1938 semitonii,
1581 1865 1645 1921 sive
1724 1885 1726 1890 ⁴

225 2026 233 2036 ·
295 1954 442 2031 ordinarii,
465 1974 519 2019 seu
542 1964 629 2020 etiam
653 1972 833 2037 eeteromm,
862 1986 900 2044 ex
924 1971 1000 2028 tonis
1023 1955 1186 2042 majoribus
1210 1963 1414 2024 abscissurum.
1460 1954 1513 2013 Fst
1534 1960 1564 2012 et
1586 1949 1647 2008 alia

294 2044 455 2103 necessitas
478 2046 633 2122 occultior,
664 2068 722 2111 non
746 2071 782 2113 es
805 2055 974 2115 diversitate
997 2050 1235 2132 genemm,·sed
1264 2051 1295 2108 in
1319 2046 1452 2125 quolibet
1473 2048 1579 2108 cantu,
1611 2055 1647 2095 ex

237 2207 240 2213 1
295 2130 505 2207 &aequalitate
534 2142 669 2196 tonorum
697 2133 817 2216 majoris
845 2152 876 2202 et
897 2142 1029 2214 minoris,
1062 2149 1093 2199 ut
1115 2144 1135 2200 ii
1159 2142 1188 2197 in
1212 2134 1471 2213 diagrammatibus
1494 2132 1552 2187 sint
1574 2141 1647 2185 cou-

202 2301 205 2308 .
296 2223 343 2277 tra
363 2233 395 2277 ee
418 2216 555 2289 distincti.
599 2224 676 2284 Nam
698 2228 828 2307 syllabas
857 2229 903 2306 Ut,
927 2231 980 2306 Re,
1005 2229 1051 2288 Mi
1072 2245 1190 2288 necesse
1212 2233 1258 2287 est
1280 2223 1343 2285 e'sse
1366 2217 1518 2299 generales
1540 2222 1570 2274 et
1591 2230 1648 2288 ap·
1689 2239 1694 2246 ·

205 2354 207 2359 .
296 2303 449 2381 plicabiles
476 2314 536 2367 tarn
562 2313 672 2388 maiori
703 2333 790 2391 quam
820 2320 922 2377 minori
938 2325 1039 2391 tono,
1080 2333 1169 2393 qnare
1200 2322 1346 2389 utcunque
1378 2305 1571 2367 satisfaciant
1590 2300 1648 2359 bae

297 2391 547 2456 denominationes
570 2415 674 2461 canere
696 2401 875 2464 discentibus
899 2414 929 2465 et
945 2406 1095 2479 'organicis
1118 2404 1263 2481 practicis,
1288 2410 1320 2459 at
1340 2396 1507 2459 theoreticis
1530 2390 1649 2449 minime

296 2480 488 2541 mastacium.
531 2484 575 2544 Ex
599 2486 655 2547 hoc
677 2492 766 2567 igitur
787 2492 883 2552 officio
897 2493 963 2570 ¹hae
985 2493 1105 2566 literae,
1139 2488 1257 2567 quando
1280 2484 1478 2564 praefiguntur
1500 2479 1649 2553 diagram-

297 2569 390 2639 matis,
415 2567 514 2630 claves
537 2574 678 2649 appellari
701 2579 812 2653 solent,
846 2580 925 2657 quod
949 2583 1011 2640 sine
1035 2582 1071 2637 iis
1095 2580 1204 2636 cantori
1235 2593 1291 2633 non
1314 2579 1417 2650 pateat
1446 2571 1595 2644 ingressus
1620 2563 1649 2618 iu

298 2652 486 2729 diagramma.
506 2687 509 2692 ·
531 2659 659 2721 Eaedem
690 2675 760 2726 vero
788 2667 890 2727 literae
922 2672 1010 2728 etiam
1040 2666 1214 2725 adhibentur
1244 2667 1272 2721 in
1297 2662 1413 2737 organis
1436 2657 1569 2724 musicis,
1603 2653 1650 2707 iu-

298 2742 464 2802 ecribuntur
486 2748 560 2804 enirn
584 2753 744 2813 manubriis
766 2752 946 2831 plectrorum'
965 2758 994 2813 in
1018 2754 1136 2827 tensis,
1153 2759 1204 2811 aut
1233 2750 1451 2828 epistomiorum
1481 2746 1510 2800 in
1532 2739 1651 2808 inflatis,

299 2845 399 2903 aqua
421 2831 608 2908 inscriptione
635 2842 788 2903 manubria
811 2842 862 2901 illa
892 2847 1008 2919 privato
1029 2842 1094 2919 jure
1124 2838 1223 2899 claves
1249 2837 1397 2907 dicuntur,
1431 2839 1461 2891 et
1483 2827 1553 2889 ordo
1577 2828 1651 2901 lpse,

299 2932 352 2974 sea
373 2926 504 2993 systema
532 2939 568 2978 err
599 2930 758 2988 manubriis
781 2932 916 2990 omnibus
946 2918 1137 2998 claviarlum,
1167 2926 1222 2987 bai
1249 2919 1380 3001 (Sistite,
1412 2929 1440 2979 et
1468 2912 1651 2975 instrumenti

300 3019 393 3078 ganas
416 3003 661 3087 clavicbordium,
686 3015 764 3090 qnod
788 3018 914 3079 chordae
937 3017 1087 3088 clavibus,
1112 3014 1167 3072 hoc
1190 3019 1239 3072 est·
1258 3010 1415 3069 nracuhriis
1437 3002 1652 3078 ioris-depres-

301 3092 343 3149 eia
363 3090 541 3177 plectrisque
564 3097 641 3158 intus
664 3104 881 3179 exsilientibus,
904 3106 1066 3184 pulsentur.

388 3175 464 3251 Quin
488 3182 576 3240 ctiam
598 3197 666 3245 sunt
689 3190 908 3266 diagrammata,
933 3211 985 3270 pro
1009 3191 1163 3266 organistis
1186 3187 1272 3245 scribi
1295 3183 1392 3254 solita,
1418 3178 1575 3255 inquibus
1599 3191 1652 3249 pro

302 3262 387 3322 lineis
409 3268 500 3341 nigris
522 3279 589 3329 sunt
605 3278 694 3333 series
717 3278 874 3351 literarum,
899 3281 1099 3345 iudicantium,
1123 3292 1268 3351 quaenam
1291 3272 1389 3331 claves
1412 3269 1494 3342 tangi
1517 3264 1652 3331 debeant,

303 3350 355 3409 ubi
377 3349 479 3413 literae
503 3365 570 3415 sunt
593 3378 645 3435 pro
668 3368 762 3443 notis,
794 3384 867 3441 quas
892 3369 1072 3428 adhibebant
1095 3362 1306 3438 diagrammata
1335 3357 1474 3425 cantoria,
1507 3348 1655 3409 in-lineas

304 3445 357 3496 aut
388 3441 542 3501 intervalla
572 3452 694 3523 positas.
750 3453 832 3511 Circa
860 3455 961 3516 literas
991 3454 1045 3512 has
1073 3451 1173 3525 aliqua
1203 3449 1288 3507 nobis
1322 3447 1441 3502 veniunt
1472 3434 1659 3499 observanda

303 3524 440 3600 jucunde.
486 3528 615 3592 Primum
638 3554 695 3596 non
721 3557 820 3599 omnes
844 3545 946 3603 literae
969 3544 1029 3601 suis
1054 3542 1240 3615 imponuntur
1257 3534 1341 3594 lineis
1365 3540 1394 3590 et
1410 3524 1582 3597 intervallis,
1607 3521 1660 3581 sed

307 3610 402 3671 ¹⁰¹¹¹m
425 3615 510 3688 litae,
536 3615 574 3694 F,
602 3619 637 3689 G,
656 3624 695 3693 ’0,
720 3621 836 3705 quotics
859 3630 942 3690 locus
966 3631 1016 3688 uni
1040 3644 1138 3687 earum
1160 3632 1305 3698 estsuper
1321 3620 1407 3690 linea,
1430 3616 1460 3676 B
1477 3631 1545 3674 vero
1570 3613 1660 3670 etiam

306 3707 387 3773 tune,
412 3718 477 3761 cum
507 3701 604 3766 lucum
627 3710 716 3772 babet
744 3717 773 3772 in
798 3717 961 3777 intervallo.
1008 3712 1121 3773 Deinde
1152 3711 1235 3770 litera
1262 3708 1286 3768 G
1313 3708 1401 3765 habet
1424 3705 1540 3778 signum
1572 3698 1661 3772 longe

306 3785 470 3864 diversum,
494 3792 581 3866 quale
603 3812 642 3856 sc.
666 3799 713 3860 hic
736 3802 774 3861 ad
806 3803 882 3864 latus
904 3808 1029 3883 pictum3
1061 3809 1133 3879 puto
1162 3800 1277 3873 siguum
1308 3795 1364 3852 hoc
1392 3801 1492 3850 natum
1521 3807 1556 3847 ex

307 3873 472 3937 detorsione
495 3882 654 3956 scripturae
678 3892 783 3950 veteris
805 3890 907 3953 literae
934 3889 963 3954 0.
1010 3891 1085 3951 Nam
1109 3888 1179 3965 quia
1199 3886 1266 3943 latis
1291 3881 1468 3940 calamorum
1490 3894 1557 3934 mu·
1592 3863 1628 3953 ἓ

251 4035 254 4042 ¹
308 3962 445 4022 crouibus
475 3966 633 4028 utebantur
662 3979 831 4056 scriptores,
866 3988 955 4041 notae
987 3978 1143 4054 pleraeque
1176 3968 1384 4048 compendiosa
1416 3968 1558 4041 scriptura
1592 3970 1629 4035 t:

308 4049 417 4108 fiebant
440 4052 618 4131 quadratae,
642 4078 695 4121 neo
716 4065 833 4138 poterat
856 4070 890 4127 iis
913 4068 1034 4127 calamis
1057 4060 1212 4121 rotundum
1236 4057 1377 4136 Opingl;
1408 4057 1506 4128 itaque
1533 4049 1559 4108 0

308 4135 439 4196 iecerunt
461 4156 497 4198 ex
519 4142 610 4203 tribus
633 4144 764 4225 lineolis,
796 4171 854 4212 una
878 4157 968 4227 tenui,
992 4156 1055 4212 vice
1079 4150 1229 4222 caritatis,
1259 4156 1287 4205 et
1310 4143 1423 4202 duabus
1448 4141 1567 4206 crassis,
1597 4140 1663 4197 viee

309 4238 463 4299 cernuum,
497 4225 585 4289 ducto
607 4235 636 4290 in
660 4235 842 4299 latitudinem
881 4242 994 4302 calamo
1024 4242 1067 4299 sic
1089 4248 1137 4311 ς’.
1183 4232 1253 4294 Jam
1283 4229 1392 4291 lineola
1415 4228 1522 4299 tenuis,
1553 4243 1663 4303 prope-

309 4317 393 4369 rante
417 4312 540 4389 calamo,
564 4320 772 4396 utplurimum
796 4328 873 4388 lacta
895 4330 950 4389 luit
965 4328 1085 4404 longior
1109 4331 1138 4384 et
1160 4330 1277 4382 exstans
1294 4320 1429 4393 utrinque
1451 4314 1529 4374 ultra
1544 4329 1663 4385 cornua,

311 4399 354 4456 sic
380 4413 426 4475 t:
471 4398 512 4461 Ut
534 4412 632 4465 autem
660 4427 769 4472 cornua
790 4418 1024 4489 terminarentur,
1051 4412 1174 4472 lineolas
1197 4412 1307 4486 primae
1329 4402 1486 4483 parallelas
1509 4400 1664 4472 duxerunt,

313 4486 356 4543 sic
384 4501 435 4563 Ε,
465 4497 494 4547 et
525 4494 568 4550 sic
594 4497 713 4557 taudem
744 4517 780 4559 ex
812 4501 926 4564 duabus
948 4497 1060 4564 'talibus
1082 4498 1197 4560 lineolis
1220 4514 1279 4554 una
1302 4495 1459 4564 iactaest,
1489 4490 1600 4567 primae
1623 4490 1666 4547 si·

314 4571 391 4632 milis
415 4581 444 4633 et
466 4578 616 4653 parallela,
641 4591 792 4663 totumque
815 4592 931 4666 signum
954 4593 1014 4652 tale
1043 4592 1095 4663 Ξ,
1127 4583 1222 4665 qimi,
1247 4590 1278 4641 ut
1301 4589 1387 4640 ”Olli
1411 4580 1493 4656 limi
1516 4579 1545 4633 ¹¹¹
1569 4576 1666 4649 finili,

313 4661 524 4722 bistucalami
547 4666 580 4725 tit
603 4686 723 4746 carum,
747 4677 790 4734 sic
810 4686 855 4758 ξ.
1161 4674 1164 4679 ’

401 4746 533 4810 Occurrit
556 4762 652 4816 nmen
676 4770 705 4819 et
727 4759 796 4835 hoc,
821 4781 857 4821 an
882 4783 939 4827 non
963 4770 1078 4842 signum
1101 4764 1157 4821 hoc
1180 4778 1215 4818 ex
1238 4775 1292 4816 usu
1317 4756 1410 4825 vocis,
1442 4751 1523 4811 scala
1545 4752 1668 4823 musica,

314 4836 399 4894 luerit
421 4843 535 4912 natum,
560 4860 625 4901 cum
648 4846 770 4922 figuram
792 4868 861 4926 prae
884 4871 915 4913 se
939 4856 1012 4914 forat
1034 4851 1147 4928 scalae,
1177 4849 1260 4923 qnasi
1283 4842 1456 4920 principium
1479 4838 1577 4897 scalae
1600 4855 1668 4895 mu-

316 4924 395 4981 sicae
418 4930 581 5002 notaverit,
605 4932 656 4990 ubl
678 4938 849 5010 ponebatur.
895 4943 941 4999 Αῃ
966 4940 1075 5011 verius,
1102 4939 1182 5014 prins
1206 4952 1242 5007 ex
1263 4931 1349 4990 litera
1376 4925 1517 4987 Oscalae
1541 4923 1669 5000 effigiem

315 5011 558 5087 iactam,·postea
581 5034 616 5076 ex
639 5019 727 5097 hujus
750 5024 854 5102 effigiei
879 5029 979 5087 erebro
1002 5046 1054 5085 usu
1077 5024 1187 5084 scalam
1211 5021 1267 5079 dici
1282 5024 1425 5094 coeptam,
1450 5013 1528 5091 quod
1551 5015 1669 5090 proprie

317 5096 496 5183 diagramma
520 5104 603 5163 erat?
647 5107 720 5185 Cum
745 5129 813 5171 vero
842 5114 925 5174 locus
955 5133 1012 5173 non
1036 5121 1081 5173 est
1102 5113 1203 5169 literae
1230 5106 1254 5166 0
1281 5108 1309 5163 in
1337 5106 1415 5163 linea
1436 5098 1518 5177 (quia
1542 5097 1611 5159 olim
1638 5109 1669 5158 ut

317 5182 590 5260 plurimumlineae
613 5203 694 5254 erant
717 5205 830 5260 tanturn
853 5202 1001 5283 quatuor),
1033 5210 1102 5264 tunt
1123 5200 1206 5257 locus
1230 5200 1274 5253 est
1295 5192 1398 5252 literae
1422 5188 1453 5251 F
1472 5192 1501 5246 in
1525 5186 1669 5246 linearum

264 5315 269 5328 .
318 5288 393 5344 una,
423 5291 498 5349 quae
521 5278 657 5339 scribitur
678 5286 708 5343 iu
730 5290 832 5347 ceteris
856 5292 977 5350 vocibus
1000 5288 1151 5349 altioribus
1182 5284 1310 5359 genuina
1331 5296 1386 5339 sua
1413 5285 1498 5348 nota,
1528 5279 1556 5334 in
1581 5277 1669 5335 basso

319 5360 500 5435 semicirculo
521 5381 643 5427 recurro
667 5388 731 5431 cnm
756 5374 867 5434 duobus
887 5377 974 5453 juxta
995 5376 1125 5454 punctis,
1149 5370 1227 5446 quod
1250 5370 1363 5445 signum
1382 5374 1454 5443 puto
1477 5367 1551 5423 inter
1575 5364 1669 5435 initia,

320 5448 491 5534 priusquam
514 5451 748 5531 detorqueretur,
773 5462 861 5522 luisse
884 5482 1021 5541 graecum
1044 5488 1057 5542 y
1080 5457 1227 5541 (gamma)
1250 5454 1457 5524 minusculum,
1489 5454 1532 5509 sie
1555 5460 1587 5508 ut
1610 5450 1671 5509 duc

321 5543 431 5609 puncta
452 5536 555 5597 addita
577 5545 742 5619 significent
766 5547 920 5625 digamma,
945 5555 1015 5627 quia
1036 5557 1167 5606 nostrum
1192 5542 1224 5604 F
1243 5551 1286 5602 est
1310 5541 1486 5602 Graecorum
1512 5538 1620 5615 duplex
1639 5540 1671 5599 Γ.

219 5661 221 5663 ·
270 5687 273 5693 ,
321 5621 397 5691 Nata
420 5642 443 5705 a„
461 5624 582 5688 Graecis
605 5632 760 5694 defluxisse
784 5627 1021 5702 honorationem
1044 5634 1177 5718 signandi
1200 5649 1288 5695 sonos
1309 5630 1476 5710 systematis
1499 5646 1549 5706 per
1572 5628 1673 5688 literas
