3684 7259
768 1182 910 1252 Apologia.
956 1210 957 1213 Ν
1446 1188 1507 1250 tot

164 1360 306 1432 Roberte,
337 1381 412 1438 quae
440 1362 624 1421 hanonobis
653 1362 864 1421 contessionem
893 1367 1057 1437 extorquet.
1099 1358 1185 1435 Quod
1207 1376 1358 1439 corporum
1382 1364 1510 1439 quinque
1613 1397 1616 1405 ·

163 1449 313 1524 quodlibet
335 1459 477 1509 sumatur
499 1469 536 1509 ea·
557 1451 635 1521 alio,
666 1456 815 1525 tanquam
835 1450 915 1525 filius
939 1466 974 1507 en
995 1457 1096 1525 patre,
1126 1449 1173 1507 uel
1195 1451 1297 1506 minas
1328 1465 1365 1507 en
1386 1453 1509 1524 majori,

163 1554 217 1596 nec
248 1541 425 1612 geometriae
449 1537 589 1614 figuratae
612 1548 837 1595 consentaneum
869 1545 927 1608 est,
960 1553 1014 1594 ucc
1044 1537 1116 1594 meis
1146 1536 1388 1595 enarrationibus.
1433 1536 1510 1596 Nam

163 1624 328 1683 tetrabdron
353 1643 388 1683 ox
412 1626 487 1683 cubo
510 1626 585 1682 sumi
609 1625 668 1682 dixi
691 1626 881 1699 geometrice,
913 1634 1053 1697 tauquam
1079 1623 1170 1683 Evam
1200 1641 1235 1681 ex
1261 1622 1391 1697 Adsmo;
1423 1625 1511 1684 intel·

155 1711 230 1799 'ligit
252 1712 484 1790 similitudinem,
507 1716 556 1787 qui
579 1713 723 1771 rationem
747 1712 942 1786 inscriptionis
959 1710 1038 1768 illius
1062 1713 1090 1767 iu
1115 1710 1171 1769 hoc
1187 1710 1334 1786 intelligit.
1353 1704 1511 1773 'Dorlsco-

164 1798 253 1856 iidron
285 1817 354 1858 vero
384 1818 419 1859 ox
449 1801 507 1857 illis
531 1799 664 1872 tluobus,
696 1806 730 1857 ut
750 1797 844 1859 fillum
867 1815 902 1856 cx
927 1805 1051 1871 utroque
1082 1806 1202 1874 parente
1231 1800 1299 1855 oriri
1321 1798 1446 1874 largior,
1480 1806 1511 1859 at

164 1902 221 1943 non
255 1894 286 1944 ut
315 1890 419 1945 minuo
449 1906 485 1946 etr
511 1889 634 1959 majori.
678 1885 753 1944 Nam
783 1887 895 1942 ratione
919 1884 1115 1959 figurationis,
1145 1885 1201 1943 hoo
1230 1896 1274 1942 est
1306 1887 1509 1962 inscriptionis,
1576 1892 1581 1899 ’

163 1972 259 2047 majus
288 1982 332 2031 est
365 1973 566 2033 dodecaiidron
599 1972 693 2045 cubo,
727 1961 875 2047 quantitas
906 1988 975 2029 vero
998 1970 1156 2047 figurarum
1187 1974 1217 2028 in
1240 1972 1348 2030 mundo
1377 1990 1436 2032 non
1466 1986 1511 2034 est

164 2079 199 2118 ex
228 2058 416 2134 figuratione,
446 2060 498 2121 setl
529 2079 564 2119 ex
587 2062 762 2120 necessitate
792 2061 888 2135 spatii.
935 2058 1062 2118 Rursum
1094 2057 1250 2119 octaedron
1281 2066 1310 2118 et
1340 2061 1526 2138 icosaiitlron,

163 2148 278 2205 semitrio
294 2152 395 2224 magis
418 2148 615 2207 assimilantur
638 2149 704 2209 cubi
729 2156 757 2206 et
780 2145 972 2218 dodeca'o‘dri,
1003 2162 1091 2221 quam
1113 2146 1192 2207 filiis.
1237 2144 1298 2205 Noc
1326 2152 1509 2223 propositum
1598 2200 1600 2203 ,

164 2252 260 2292 meum
293 2235 348 2293 luit
379 2254 556 2311 componere
585 2223 782 2293 harmoniam
809 2252 830 2291 a
855 2234 1104 2308 proportionibus
1133 2252 1294 2309 corporum
1321 2238 1511 2311 repostoriam

165 2321 369 2380 adinvicem.
414 2323 606 2385 Harmoniam
629 2326 706 2383 eninr
730 2332 922 2397 componunt,
951 2320 1007 2379 hoc
1030 2328 1075 2380 est
1103 2324 1284 2381 constituunt
1314 2322 1374 2380 binl
1398 2328 1511 2384 termini

165 2412 364 2485 proportionis
388 2413 540 2485 probatae.
586 2411 627 2468 At
649 2411 852 2486 proportiones
875 2424 1029 2483 corpomm
1048 2411 1289 2486 geometricorum
1312 2411 1437 2471 invicem
1453 2430 1523 2471 non·

161 2484 239 2553 'liunt
260 2499 331 2553 mihi
355 2501 468 2556 termini
492 2499 637 2556 ulterioris
660 2496 800 2571 alicujus,
830 2498 965 2552 nimirum
987 2494 1173 2555 harmonicae
1196 2494 1409 2574 proportionis,
1442 2504 1512 2575 quia

164 2586 239 2641 inter
261 2586 400 2642 terminos
423 2586 511 2644 hosce
534 2603 592 2642 non
615 2587 724 2660 recipio
747 2586 802 2640 nisi
825 2591 922 2640 motus
954 2581 1047 2642 reales
1070 2583 1253 2659 planetarum
1276 2587 1404 2661 ipsorum
1428 2586 1510 2647 diur-

166 2688 230 2728 nos.
278 2671 336 2729 Sed
359 2671 414 2730 hoc
437 2674 532 2732 solum
555 2676 584 2730 in
607 2690 637 2731 re
661 2675 744 2737 inest,
767 2670 846 2745 quod
864 2670 928 2745 jam
942 2686 1032 2746 supra
1047 2674 1154 2744 monui,
1179 2670 1339 2745 quodcum
1356 2674 1510 2750 ethgurao

165 2757 280 2816 solidae
303 2757 436 2833 singulae
459 2763 598 2820 interesse
622 2759 773 2818 debuerint
801 2760 875 2815 inter
897 2758 981 2816 binos
1004 2758 1089 2826 orbes
1118 2767 1147 2817 et
1169 2757 1356 2820 harmonicae
1387 2779 1511 2839 propor-

166 2848 263 2904 tiones
286 2847 418 2921 singulae
442 2850 515 2906 inter
539 2848 623 2922 bjnoe
645 2855 741 2904 matus
766 2848 794 2901 in
818 2844 877 2901 illis
899 2844 1032 2918 orbibus,
1067 2853 1206 2921 utraeque
1235 2849 1296 2906 suis
1317 2848 1448 2923 juribus,
1478 2860 1509 2911 ut

168 2934 257 3008 igitur
283 2933 356 2992 bone
379 2934 437 2991 illis
460 2953 519 2993 una
542 2934 742 2992 habitantibus
766 2934 839 2991 inter
861 2947 893 2989 sc
915 2934 1094 3005 conveniret,
1118 2936 1261 3009 principio
1281 2933 1346 2994 libri
1363 2935 1400 2997 V.
1423 2939 1511 2998 lami·

136 3075 140 3084 ,
170 3018 283 3077 liaritas
307 3019 407 3096 aliqua
430 3023 586 3081 conciliata
614 3022 668 3079 luit
690 3024 765 3077 inter
787 3017 1016 3088 cohabitaturos.
1062 3018 1098 3078 ut
1126 3021 1202 3079 cubo
1233 3021 1350 3097 quidem
1381 3037 1511 3086 assertae

170 3118 238 3165 sunt
266 3105 302 3189 Ἀ
326 3117 356 3166 et
384 3104 437 3190 'lar
468 3128 526 3169 non
550 3108 629 3184 quod
652 3108 745 3167 cubus
774 3106 840 3164 illas
863 3113 892 3163 et
914 3107 1011 3181 pariat
1041 3116 1070 3166 et
1091 3106 1275 3167 harmonicas
1303 3110 1425 3184 efficiat,
1459 3114 1510 3174 sod

166 3197 236 3269 quia
259 3196 306 3252 vel
331 3197 414 3270 origo
438 3200 568 3273 utrisque
592 3205 728 3270 cognata,
753 3193 800 3251 vol
816 3194 965 3269 quantitas
987 3209 1039 3271 pro
1063 3211 1117 3252 usu
1132 3195 1228 3253 tuturo
1252 3199 1439 3272 couveniens,
1463 3202 1511 3261 vel

165 3281 318 3356 dignitatis
347 3288 553 3359 praerogativa
582 3285 716 3358 utrinque
748 3298 823 3356 pene
851 3278 963 3338 eadem.
1010 3280 1111 3358 Neque
1139 3285 1271 3341 canetae
1300 3293 1437 3355 motuum
1463 3306 1512 3348 ec-

165 3372 367 3428 cmtricoram
389 3372 659 3445 proportionaliter
680 3372 780 3430 oritur
802 3385 838 3427 etr
856 3369 1107 3441 proportionibus
1125 3370 1316 3446 repulariam
1331 3391 1509 3451 corporttm3

166 3456 333 3514 distinctius
363 3459 510 3518 istasunt
541 3456 701 3518 offerenda:
734 3456 824 3514 oritur
854 3471 925 3512 sane
948 3458 1076 3514 varietas
1104 3457 1204 3532 aliqua
1230 3468 1361 3519 motuum
1385 3479 1510 3539 propor-

167 3543 316 3601 tionaliter
346 3562 380 3602 ex
411 3549 598 3622 proportione
628 3559 780 3620 corporum
806 3540 982 3616 regularium
1011 3539 1081 3622 (uon
1111 3545 1189 3617 sola,
1222 3546 1274 3605 sed
1305 3552 1417 3609 sociata
1445 3570 1510 3610 cum

167 3630 235 3689 aliis
260 3633 378 3702 causis,
404 3634 439 3691 de
463 3635 570 3708 quibus
599 3636 626 3690 in
651 3632 779 3707 Physica
801 3627 930 3688 Caelesti
959 3647 1011 3688 seu
1034 3632 1112 3707 Epit
1137 3633 1254 3693 Astron.
1282 3632 1344 3695 libr.
1369 3637 1449 3717 lV.),
1481 3650 1512 3698 at

166 3719 240 3777 baec
270 3721 396 3777 varietas
427 3724 533 3780 attinet
560 3729 657 3779 matus
687 3720 820 3777 binorum
848 3715 1032 3794 planetarum
1065 3722 1138 3778 inter
1160 3737 1192 3779 se
1223 3734 1422 3799 comparatos,
1453 3724 1512 3794 oo'u
1558 3748 1560 3752 ’

166 3808 270 3863 attinet
292 3818 389 3863 motus
414 3807 546 3867 diversos
570 3810 655 3866 unius
678 3804 813 3882 planetae
836 3806 1023 3877 eccentricos,
1046 3807 1077 3864 in
1099 3818 1240 3882 quantum
1263 3814 1425 3873 eccentrici.

255 3892 390 3952 Vicissim
415 3895 466 3953 illa
489 3899 631 3965 varietas,
663 3911 737 3968 quae
762 3901 806 3951 est
828 3893 857 3947 in
879 3893 1008 3951 motibus
1032 3892 1155 3953 dirersis
1180 3897 1265 3954 unius
1288 3898 1433 3974 planetae,
1457 3919 1512 3960 ne-

168 3997 317 4055 quaquam
340 3985 429 4038 oritur
452 4001 487 4041 ex
510 3984 697 4059 proportione
720 3996 872 4057 corporum
895 3979 1080 4055 regularium,
1103 3980 1157 4041 sed
1171 3985 1262 4042 oritur
1281 4003 1315 4043 ex
1332 3988 1395 4062 ipsa
1410 3990 1512 4064 ctrjus·

168 4085 225 4143 quo
261 4067 395 4144 planctae
429 4074 652 4130 eccentrioitate.
705 4067 768 4126 Nec
798 4083 944 4141 compono
976 4067 1154 4128 harmonias
1182 4078 1310 4145 propter
1338 4074 1513 4143 huiusmodi

167 4157 362 4229 uarietatem,
386 4156 438 4215 sed
462 4177 497 4217 er
521 4158 576 4218 hac
600 4158 757 4224 varietate,
781 4152 811 4210 id
834 4163 938 4213 estex
960 4157 1102 4227 motibus,
1137 4165 1258 4234 utraque
1282 4158 1317 4219 tle
1341 4179 1432 4221 causa
1455 4162 1513 4221 dil·

166 4242 327 4301 lerentibus
351 4246 379 4299 in
404 4243 566 4317 celeritate,
597 4256 737 4318 tanquam
759 4259 795 4299 es
818 4242 948 4298 terminis
972 4244 1185 4302 constituuntur
1209 4245 1254 4303 vel
1279 4248 1421 4308 resultant
1442 4268 1513 4325 pro·

166 4331 318 4405 portiones
342 4333 469 4404 eaedem,
495 4350 572 4408 quae
593 4342 662 4390 suut
684 4337 713 4389 et
735 4327 992 4388 consonantiarum
1015 4333 1044 4386 in
1069 4329 1196 4390 humana
1211 4336 1331 4393 musica.
1355 4332 1359 4344 '
1378 4337 1513 4413 Denique

166 4419 254 4475 etiam
285 4416 332 4473 hic
364 4419 491 4492 falleris,
524 4418 602 4496 quod
635 4417 770 4495 quamvis
801 4414 875 4473 libro
897 4415 952 4475 tv.
983 4420 1185 4494 proportiones
1216 4420 1284 4479 illas
1314 4422 1529 4497 harmonicae,

165 4522 242 4579 quae
274 4504 387 4578 angulis
417 4506 564 4566 radiorum
598 4505 757 4564 conciliant
787 4500 964 4575 efficaciam,
994 4506 1112 4563 omniuo
1144 4504 1333 4568 desumuntur
1364 4530 1382 4569 a
1410 4512 1513 4589 figuris

165 4592 277 4666 planis,
302 4609 358 4649 non
383 4603 479 4653 tamon
503 4598 566 4669 pari
590 4610 678 4668 passu
704 4590 917 4668 proportiones,
944 4608 1018 4666 quas
1042 4594 1116 4652 inter
1140 4593 1321 4670 planetarum
1344 4608 1441 4659 motus
1462 4602 1514 4676 in·⁸

167 4680 246 4749 veui,
270 4678 420 4738 desumtae
442 4692 510 4739 suut
534 4699 552 4740 a
573 4680 673 4756 figuris
696 4676 818 4749 solidis,
847 4690 946 4738 essent
968 4682 1045 4737 enim
1068 4679 1143 4740 alias
1174 4684 1238 4758 ipso
1262 4691 1328 4745 ortu
1351 4695 1379 4746 et
1401 4687 1512 4763 figura-

165 4768 260 4835 tione,
291 4782 355 4823 cum
385 4776 483 4826 tamen
514 4768 650 4827 omnibus
680 4767 773 4824 tribus
796 4763 830 4834 3,
863 4766 935 4825 iet
959 4767 977 4825 b
1001 4770 1203 4842 proportiones
1236 4770 1421 4833 harmonicae
1453 4779 1512 4835 siut

166 4853 286 4913 eaedem
309 4863 372 4911 ortu
397 4865 426 4913 ct
450 4858 636 4927 formatione,
669 4856 723 4912 nisi
749 4848 827 4928 quod
857 4851 917 4912 alia
946 4852 1050 4913 deindo
1073 4857 1112 4915 sit
1142 4855 1275 4932 supellex
1306 4864 1514 4922 cancianorum

167 4942 196 4997 in
222 4944 258 5011 4,
293 4942 351 4999 alia
375 4945 402 4998 in
428 4946 445 5001 3
471 4953 501 5005 et
524 4947 552 5002 b.
599 4944 697 5017 Atque
725 4939 771 4997 his
802 4938 905 4999 iisdem
936 4943 1165 5002 correctionibus
1196 4948 1268 5005 meis
1297 4953 1446 5008 summarii
1471 4954 1515 5009 tui

166 5027 258 5086 multa
280 5031 398 5105 insuper
427 5030 491 5090 loca
514 5030 740 5105 comparationis
763 5033 846 5099 tuae,
878 5046 955 5104 quae
985 5032 1117 5105 sequitur
1146 5049 1213 5107 pag.
1239 5034 1297 5106 38,
1330 5035 1425 5095 diluta
1447 5042 1512 5097 exi·

166 5116 264 5178 stimo.
308 5116 383 5174 Nam
407 5134 471 5175 cum
496 5121 624 5196 epitoma
646 5126 714 5175 tuae
730 5114 899 5175 harmoniae
914 5115 1088 5190 mundanae,
1112 5127 1315 5196 praeterquam
1337 5124 1416 5200 quod
1433 5125 1514 5188 illam

168 5220 233 5261 cum
258 5203 388 5262 doctrina
412 5223 478 5265 mea
501 5206 683 5280 comparavi,
707 5200 780 5261 nibil
803 5204 874 5261 milri
897 5221 983 5279 porro
1006 5215 1139 5280 superest
1161 5210 1279 5283 negotii.

255 5289 309 5348 Ad
333 5296 658 5368 comparationem
681 5298 745 5350 eto.
771 5305 849 5364 pag.
873 5285 973 5370 38:¹³⁶)

254 5378 374 5439 Praeter
393 5380 455 5454 jam
480 5379 635 5456 dissipatas
658 5387 726 5437 tuas
749 5374 954 5436 oblocutiones
976 5377 1023 5439 bic
1046 5377 1133 5437 etiam
1156 5382 1415 5452 conbadictlonem
1439 5387 1511 5447 mibi

166 5467 335 5541 exprobras,
360 5466 438 5542 quod
461 5483 519 5525 uno
542 5468 609 5526 loco
632 5466 699 5524 libri
721 5470 779 5548 ,mei
797 5467 851 5533 (tol.
869 5469 915 5535 82)
942 5481 1079 5526 recenseo
1094 5470 1512 5549 sententiamPytbagoraeo-

165 5569 229 5611 rum
254 5552 289 5613 de
313 5555 517 5629 boorporibus
540 5572 576 5614 ex
592 5553 705 5629 uulgari
722 5554 887 5627 anditione,
911 5551 971 5611 alio
996 5551 1060 5610 loco
1084 5557 1137 5625 (tol.
1159 5558 1218 5627 titt
1246 5558 1337 5622 (labia
1359 5578 1430 5622 usus
1444 5579 1515 5625 ora·
