3684 7259
585 1205 588 1208 ’
693 1220 728 1278 ad
746 1220 843 1278 libram
860 1221 892 1275 V.
911 1220 1142 1280 flamonioorum.
1522 1228 1592 1314 'ild
1669 1282 1671 1286 .

332 1402 394 1462 Etsi
424 1416 495 1460 vero
521 1400 630 1461 similia
659 1398 802 1461 nonnulla
828 1399 1065 1461 blacrocosmicis
1096 1398 1154 1459 illis
1185 1406 1215 1460 ct
1243 1417 1299 1477 ego
1322 1406 1416 1460 tracto
1444 1364 1483 1460 in*
1505 1418 1592 1479 opero

244 1505 327 1561 meo,
359 1497 392 1548 nt
421 1488 501 1566 quod
530 1487 603 1547 libro
627 1487 679 1547 1v.
703 1488 823 1547 Terram
846 1488 957 1548 animal
978 1490 1071 1561 lucio,
1102 1496 1132 1547 at
1162 1486 1191 1545 id
1214 1487 1246 1547 fit
1276 1489 1388 1548 ratione
1415 1487 1501 1564 longe
1523 1488 1593 1548 alia.
1642 1554 1648 1570 l
1735 1535 1740 1542 .

244 1576 305 1635 Nec
330 1579 406 1635 enim
429 1576 585 1649 contendo,
608 1575 775 1651 analogiam
798 1592 862 1635 esse
885 1594 993 1635 meram
1015 1579 1091 1635 inter
1104 1574 1223 1650 Terram
1247 1582 1277 1634 et
1291 1573 1439 1648 animalia,
1462 1591 1517 1633 noc
1539 1575 1593 1635 de·

245 1670 373 1723 sumtum
397 1680 462 1722 esse
493 1663 562 1722 volo
585 1664 776 1740 archetypum
799 1663 935 1722 animalis
966 1681 1001 1723 ex
1026 1665 1090 1739 ipsa
1112 1661 1215 1737 Terra,
1248 1662 1300 1722 aed
1330 1662 1402 1721 illud
1425 1661 1594 1744 simpliciter

245 1753 428 1829 propositum
450 1751 546 1810 habeo
570 1749 777 1822 demonstrare,
800 1750 852 1809 illa
874 1768 974 1827 opera,
1001 1767 1078 1827 quae
1101 1758 1267 1827 spectantur
1291 1752 1320 1808 in
1343 1750 1434 1827 globo
1456 1748 1592 1826 Telluris,
1687 1754 1692 1764 “

244 1855 303 1897 non
325 1855 413 1915 posse
443 1855 479 1899 ex
501 1838 629 1897 motibus
653 1837 862 1897 elementomm
888 1845 941 1897 aut
962 1838 1101 1896 materiae
1131 1837 1333 1898 allectionibus
1356 1838 1495 1897 solitariis
1522 1854 1593 1914 pro·

246 1928 356 1998 venire,
379 1924 432 1985 sed
454 1928 555 1985 testari
578 1924 615 1986 de
638 1927 752 1984 animae
775 1928 957 2001 praesentia3
977 1926 1039 2002 jam
1062 1932 1095 1983 nt
1110 1924 1316 2002 intelligantur.
1330 1941 1397 1985 mea
1411 1932 1593 2003 argumenta,

245 2031 319 2092 opus
341 2013 396 2074 luit
418 2012 596 2089 allegatione
618 2012 801 2071 iunctionum
823 2014 939 2073 animm
962 2014 1109 2072 variarum
1138 2014 1167 2069 in
1190 2028 1311 2089 corpore
1334 2012 1477 2073 animalis.
1522 2011 1592 2073 Jam

244 2111 277 2159 ut
299 2103 419 2177 propius
442 2099 615 2160 accedamus
644 2100 682 2159 ad
704 2100 907 2173 fundamenta,
939 2100 1045 2176 quibua
1067 2098 1213 2158 Robertua
1230 2100 1279 2159 .de
1302 2101 1456 2160 Fluctibus
1487 2118 1591 2177 super·

244 2192 330 2248 struit
351 2206 436 2247 suam
459 2190 600 2247 musicam
621 2187 814 2262 mundanam,
845 2191 971 2265 primum
993 2187 1043 2246 ille
1066 2194 1159 2246 totum
1182 2186 1323 2248 muudum
1352 2204 1511 2264 omnesque
1534 2196 1592 2246 tres

245 2277 309 2352 ejus
332 2285 439 2352 partes,
463 2292 639 2354 empyream,
663 2274 828 2349 coelestem,
853 2274 1059 2337 elementarem
1080 2281 1215 2351 occupat,
1239 2290 1295 2352 ego
1315 2274 1411 2335 solam
1426 2275 1591 2350 coelestem,

244 2380 299 2422 nee
321 2380 386 2422 eam
408 2371 517 2435 totam,
548 2362 600 2423 sed
623 2363 703 2423 solos
732 2362 917 2439 planetarum
939 2370 1037 2422 motus
1067 2363 1152 2436 quasi
1180 2363 1236 2422 snb
1258 2361 1390 2423 zodiaco.
1410 2367 1498 2434 (xvi.)
1538 2361 1591 2422 Ille

243 2450 315 2509 iisne
337 2451 501 2521 veteribus,
530 2453 578 2526 qni
603 2453 664 2510 vim
685 2449 901 2511 harmoniarum
928 2468 963 2512 ex
986 2450 1114 2508 numeris
1141 2449 1295 2510 abehactis
1327 2467 1389 2511 esse
1421 2448 1588 2524 credebant,

192 2605 196 2618 ι
245 2548 293 2597 sat
315 2537 414 2610 babet,
436 2541 461 2595 si
484 2556 558 2613 quas
580 2540 653 2597 inter
675 2545 773 2617 partes
795 2537 1032 2599 concordantiam
1055 2553 1119 2596 esse
1143 2535 1366 2618 demonstrabit,
1390 2555 1440 2600 aas
1463 2533 1591 2597 numeris

245 2623 508 2701 quomodocunque
539 2625 779 2700 comprehendat,
809 2626 891 2685 nulla
920 2642 1006 2698 cura,
1036 2623 1200 2699 cujusmodi
1230 2627 1438 2687 unitates'illo
1469 2641 1590 2685 numero

245 2712 483 2788 accumulentur3
513 2730 569 2789 ego
590 2715 725 2792 nuspiam
755 2712 847 2773 doceo
870 2729 1010 2789 quaerore
1039 2711 1222 2787 harmonias,
1254 2713 1303 2772 ubi
1326 2729 1387 2789 res,
1418 2716 1591 2788 intorques

245 2809 314 2859 sunt
342 2800 528 2873 harmoniae,
559 2817 618 2859 non
648 2808 771 2877 possunt
793 2801 952 2861 menshrarl
982 2797 1084 2859 eadem
1108 2791 1281 2875 quantitatis
1303 2817 1453 2873 mensura,
1487 2802 1530 2860 sic
1559 2808 1591 2859 ut

244 2905 334 2948 eausa
357 2890 528 2963 quantitatis
551 2886 654 2948 eadem
676 2890 715 2947 sit
737 2891 811 2947 inter
828 2888 893 2948 illas
909 2887 1070 2966 proportio,
1094 2904 1170 2962 quae
1184 2889 1259 2947 inter
1273 2886 1348 2947 duas
1364 2888 1487 2950 chordas
1510 2886 1591 2964 ejus-

244 2975 310 3035 dem
332 2976 487 3048 tensionis,
521 2992 610 3035 caum
632 2975 832 3051 longitudinis.
842 2973 954 3041 axwi.)
998 2973 1158 3050 Propterea
1188 2974 1238 3035 ille
1260 2981 1354 3036 totum
1375 2975 1518 3035 mundum
1539 2991 1595 3034 ra··

243 3065 323 3124 tione
347 3062 555 3122 semidiametri
579 3063 607 3121 in
630 3070 688 3122 tres
703 3063 840 3139 aequales
855 3068 954 3138 partes
970 3060 1084 3135 dividit,
1107 3069 1155 3120 sat
1169 3064 1316 3140 cognitum
1332 3062 1454 3139 habens,
1478 3075 1591 3139 aequa

246 3149 289 3210 les
312 3149 379 3208 illas
401 3152 519 3209 minime
543 3165 625 3223 esse,
640 3149 692 3210 sed
715 3150 782 3210 ideo
805 3149 909 3221 solum,
934 3149 1005 3224 quia
1026 3148 1120 3225 prima
1141 3152 1239 3209 unitas
1262 3158 1306 3209 cst
1321 3152 1446 3211 mundus
1462 3150 1591 3222 elemen-

243 3240 325 3316 taris,
348 3238 478 3297 monada
498 3236 630 3296 manuus
646 3237 809 3310 aethereus,
835 3238 921 3296 tertia
945 3252 1112 3313 empyreus,
1137 3244 1260 3297 atvero
1283 3241 1410 3299 unitates
1432 3239 1514 3316 pingi
1534 3238 1591 3297 ali·

243 3333 288 3386 ter
310 3342 367 3383 non
391 3333 523 3402 possunt,
546 3342 635 3400 quam
658 3325 837 3401 aequalitate
860 3323 1021 3397 linearum3
1043 3331 1075 3382 at
1097 3339 1163 3397 ego,
1188 3326 1245 3383 nisi
1269 3333 1391 3385 testetur
1412 3327 1592 3386 aeconomia

244 3411 406 3472 decadem
434 3415 578 3471 unitatum
601 3430 736 3471 mensnra
766 3413 980 3488 quantitative,
1011 3427 1196 3486 nequaquam
1220 3414 1256 3470 iis
1286 3420 1319 3471 nt
1341 3415 1503 3476 unitatibus
1524 3422 1592 3473 ntor

243 3500 281 3558 ad
304 3500 496 3560 numerandas
519 3502 721 3575 proportiones
736 3500 927 3560 harmonicas.
950 3503 1063 3568 (xviii.)
1093 3497 1149 3558 Ille
1164 3506 1259 3558 tamen
1282 3502 1343 3559 suis
1358 3503 1496 3561 insistens
1511 3503 1592 3578 prin·

246 3589 330 3663 cipiis
354 3587 592 3664 pyramidumque
615 3586 741 3647 educens
765 3604 800 3646 ex
823 3588 901 3659 basi,
933 3586 1040 3647 circulo
1064 3602 1171 3661 magno
1194 3586 1334 3660 Telluris,
1365 3588 1429 3665 ejus
1452 3592 1591 3649 verticem

244 3675 282 3733 ad
313 3677 408 3752 ipsum
438 3678 550 3752 apicem
574 3673 647 3733 coeli
675 3676 804 3754 empyrei
826 3676 944 3747 statuit,
975 3680 1003 3733 et
1031 3670 1185 3732 altitudine
1216 3674 1279 3751 ejus
1310 3677 1339 3734 in
1367 3678 1422 3736 tria
1452 3676 1590 3753 aequalia

246 3758 381 3842 (perinde
405 3765 486 3821 acsi
511 3763 636 3821 unitates
660 3764 810 3822 verissime
840 3761 980 3839 aequales
1002 3759 1168 3835 habuisset)
1191 3761 1303 3834 divisa,
1334 3771 1486 3834 numerat,
1519 3774 1592 3839 quot

242 3858 340 3925 partes
363 3853 482 3908 ueniant
504 3865 657 3926 empyreo,
681 3857 754 3926 quot
776 3848 911 3924 coelesti,
943 3855 1014 3925 quot
1038 3847 1215 3908 elementari.
1262 3849 1336 3909 Nam
1359 3869 1505 3916 summum
1527 3850 1590 3910 ele·

245 3939 382 3996 menteris
405 3938 532 4013 regionis
555 3936 612 3995 hoc
633 3947 719 4015 pacto
743 3936 832 4014 duplo
860 3936 975 4014 longius
998 3936 1084 3996 abest
1114 3954 1267 3996 asummo
1290 3939 1425 3998 coelestis
1456 3955 1545 4015 quam
1570 3956 1588 3998 a

243 4042 355 4082 summo
380 4026 527 4101 empyrei3
551 4032 579 4083 et
602 4025 630 4081 in
654 4023 798 4084 divisione
821 4024 980 4102 pyramidis
1002 4032 1133 4100 respectu
1157 4025 1275 4099 quidem
1298 4029 1361 4085 axis
1384 4028 1475 4085 tribus
1491 4027 1590 4100 regio·

243 4113 330 4171 nibus
353 4115 407 4170 tria
430 4114 551 4171 veniunt
574 4111 726 4187 aequalia,
755 4120 888 4189 respectu
914 4128 983 4172 vero
1006 4110 1141 4187 trianguli
1164 4129 1215 4187 per
1237 4129 1321 4172 axem
1350 4128 1487 4193 empyreo
1510 4114 1591 4173 venit

244 4201 348 4271 unitas,
373 4198 492 4258 coelesti
515 4209 588 4272 tres,
614 4198 782 4259 elementari
806 4202 934 4276 quinque
958 4200 1099 4271 unitates,
1124 4207 1257 4274 respectu
1280 4198 1406 4277 denique
1429 4201 1515 4278 spatii
1539 4216 1592 4260 seu

188 4328 190 4333 -
248 4286 447 4363 corpulentiae
463 4287 572 4362 figurae
596 4303 733 4363 empyreo
746 4288 851 4360 unitas,
876 4287 994 4347 coelesti
1012 4289 1038 4358 l,
1063 4285 1231 4345 elementari
1249 4288 1287 4345 19
1311 4291 1438 4348 unitates
1459 4290 1589 4347 veniunt.

246 4371 323 4448 Quid
347 4392 423 4432 nune
447 4373 541 4432 dicam
565 4374 600 4433 dc
624 4375 716 4434 altera
739 4377 884 4434 contraria
905 4372 1057 4451 pyramide
1080 4371 1168 4446 lucis,
1192 4373 1276 4449 cujus
1299 4376 1383 4436 basin
1405 4377 1476 4435 lacit
1497 4378 1591 4452 ipsam
1683 4391 1685 4397 ⁸

243 4461 424 4519 adorandam
446 4462 622 4538 trinitatem,
650 4464 677 4519 in
701 4479 814 4520 summo
838 4460 966 4539 'empyrei
990 4459 1065 4519 coeli
1088 4461 1187 4537 apice,
1221 4463 1357 4522 verticem
1381 4481 1451 4524 vero
1474 4464 1504 4520 in
1527 4464 1592 4539 ipsa
1616 4510 1622 4514 .

245 4548 335 4607 Terra
357 4548 613 4618 collocat‘lixlxl
654 4548 813 4608 Haeduae
842 4548 1010 4627 pyramidas
1044 4565 1109 4606 cum
1138 4551 1212 4607 inter
1234 4567 1266 4609 se
1294 4552 1467 4626 permisceat
1497 4566 1592 4626 exque
1652 4557 1657 4570 '
1754 4544 1759 4553 “

245 4638 370 4695 mixtura
392 4636 593 4712 proportiones
616 4638 743 4696 musicae
770 4634 882 4711 eliciat,
913 4654 975 4696 rem
997 4642 1090 4695 tentat
1118 4638 1214 4695 aurei
1238 4639 1333 4713 operis
1363 4639 1515 4716 proposito
1544 4637 1590 4695 di·

249 4725 455 4783 versiasimam.
500 4724 576 4781 Nam
603 4725 666 4802 ipse
694 4723 790 4784 lucem
814 4720 939 4804 (formae
970 4730 998 4784 ct
1021 4725 1136 4782 animae
1161 4720 1352 4807 largitricem)
1375 4733 1405 4786 et
1431 4726 1591 4798 materiam,

248 4810 307 4869 duo
332 4812 407 4871 inter
429 4829 460 4870 se
484 4811 692 4886 diversissima,
715 4822 864 4888 comparat
888 4822 917 4871 et
940 4811 1046 4888 quibus
1072 4813 1249 4885 quantitates
1272 4829 1458 4890 nequaquam
1490 4812 1594 4872 eodeni
1655 4828 1658 4836 ·

246 4907 382 4973 respectu
395 4900 518 4971 ¹insunt,
550 4915 605 4974 ego
628 4915 699 4959 vero
721 4889 774 4977 pro
797 4901 927 4960 terminis
949 4898 1118 4959 formandae
1138 4900 1334 4975 proportionis
1356 4899 1540 4961 harmonicae
1563 4901 1592 4957 in

246 4984 355 5045 mundo
378 5002 435 5044 non
460 4987 584 5047 admitto
607 4988 662 5046 nisi
685 4985 746 5059 illa,
770 5004 847 5063 quac
864 4985 967 5046 eodem
984 4987 1116 5062 respectu
1132 4988 1311 5062 quantitates
1327 4985 1593 5066 recipiunty'verbi

246 5090 337 5133 causa
366 5081 476 5131 motum
508 5073 611 5132 Martia
644 5080 673 5133 et
702 5081 814 5133 motum
836 5073 924 5134 Jovis
948 5073 1156 5138 drumosaxxr
1199 5072 1261 5134 Nae
1290 5073 1388 5136 mbas
1413 5075 1591 5135 diversitatis

247 5161 324 5219 inter
347 5177 400 5220 uos
423 5168 453 5220 et
476 5163 504 5217 in
527 5160 584 5218 boc
607 5162 757 5235 consistit,
787 5161 865 5238 quod
888 5160 938 5221 ille
962 5161 1129 5222 elementari
1160 5162 1272 5237 regioni
1300 5170 1427 5240 quatuor
1454 5146 1592 5242 adscribit
1655 5157 1658 5162 ’

244 5246 352 5322 gradus
383 5248 568 5306 obscuritatis
591 5255 620 5307 et
643 5248 835 5321 tenebrarum,
863 5252 941 5324 ‘quia
964 5248 1111 5325 quaelihet
1138 5265 1193 5320 rea,
1217 5249 1277 5327 ait,
1309 5258 1443 5326 walace
1465 5256 1592 5329 quartur

245 5334 346 5408 loha,
369 5352 440 5394 sane
463 5353 521 5394 non
545 5337 639 5394 minus
662 5352 749 5410 quam
772 5343 830 5395 tres
853 5337 955 5414 tertias
977 5342 1007 5394 et
1029 5336 1158 5411 quinque
1180 5337 1312 5412 quintas,
1339 5337 1460 5415 jamque
1483 5337 1591 5397 Terrae

244 5422 341 5482 inesse
357 5438 457 5481 omnes
474 5430 607 5498 quatuor,
631 5440 727 5498 aquae
750 5429 809 5482 tres
824 5417 935 5503 (eoque
951 5419 1032 5480 illam
1050 5438 1114 5481 csse
1126 5422 1191 5498 jam
1204 5421 1405 5501 pellucidam),
1429 5426 1491 5486 aiiri
1508 5424 1590 5499 duas,

245 5512 305 5585 igni
327 5527 424 5570 unam.
443 5513 540 5583 (xxi.)
575 5509 701 5568 Rursum
730 5508 801 5568 alibi
832 5508 992 5585 quamlibet
1019 5510 1167 5585 regionem
1190 5506 1346 5587 cujuslibet
1374 5531 1426 5573 seu
1456 5506 1592 5574 elementi

245 5615 297 5657 seu
320 5597 395 5659 coeli
417 5601 447 5657 in
471 5598 526 5656 tria
547 5596 709 5658 subdividit
729 5598 835 5673 spatia,
859 5597 887 5654 in
910 5610 1064 5671 summurn,
1087 5596 1214 5659 medinm
1236 5605 1266 5659 et
1280 5600 1379 5675 imum,
1401 5598 1460 5664 nou
1481 5601 1591 5677 ubique

245 5693 386 5763 amuenta
414 5702 552 5747 sensnum
579 5684 795 5764 probabilitate.
840 5682 948 5761 Vides,
977 5685 1105 5747 unitates
1134 5686 1199 5765 ejus
1225 5703 1340 5748 rumam
1370 5704 1434 5752 esse
1463 5688 1590 5772 arbitra·
