3684 7259
805 1191 896 1289 uses
912 1216 1043 1317 susem.
1155 1302 1157 1305 Ι
1533 1224 1596 1284 εει

248 1391 355 1462 quoties
373 1390 494 1461 ineptum
514 1393 579 1462 quid
596 1392 694 1448 iecisse
711 1392 754 1447 rel
771 1392 873 1448 dixisse
888 1393 1038 1449 existimat.
1074 1392 1112 1447 Et
1127 1390 1156 1446 in
1173 1390 1226 1446 hac
1244 1405 1360 1446 censura
1377 1396 1474 1460 peccat
1490 1392 1518 1447 in
1535 1409 1596 1464 par·

247 1476 303 1523 tem
326 1470 451 1539 alteram,
473 1478 556 1540 prout
578 1472 688 1527 fortune
713 1472 875 1541 respondet,
898 1473 938 1526 ita
961 1470 1110 1540 quamlibet
1132 1483 1188 1525 rem
1213 1468 1256 1523 rel
1274 1469 1372 1538 probat
1393 1468 1436 1523 rel
1454 1469 1597 1538 improbet

249 1548 286 1602 Et
304 1548 395 1615 quoad
412 1549 481 1604 bene
507 1551 549 1605 vel
566 1550 636 1606 male
660 1551 810 1607 succedunt
832 1551 955 1621 incepta,
983 1565 1038 1607 non
1063 1557 1105 1606 est
1131 1550 1269 1605 sincerum
1289 1547 1323 1603 de
1340 1547 1373 1602 iis
1392 1546 1533 1624 judicium.
1568 1548 1598 1603 si

247 1627 311 1694 quid
330 1626 437 1682 occulte
454 1628 590 1697 peccavit,
618 1628 709 1697 quiete
726 1629 785 1683 iere
803 1624 965 1684 considerat.
1002 1630 1091 1698 Saepe
1114 1643 1168 1682 non
1187 1627 1288 1682 iactum
1306 1623 1416 1693 saltem,
1444 1624 1493 1680 sed
1510 1632 1597 1681 totam

249 1713 373 1761 naturam
392 1723 468 1761 suam
486 1706 604 1761 damnat.
641 1708 704 1761 Non
721 1707 824 1776 victus,
843 1724 898 1762 non
916 1708 1043 1775 amictus,
1063 1722 1119 1762 non
1137 1704 1251 1769 doloris,
1269 1720 1324 1760 non
1342 1703 1442 1774 gaudii,
1460 1717 1515 1758 non
1533 1717 1597 1772 ope·

248 1800 308 1837 rum
325 1784 365 1838 illi
383 1801 449 1840 cura
468 1786 566 1854 major,
594 1801 676 1853 qnam
699 1784 833 1855 opinionis
858 1785 997 1850 hominurn
1021 1785 1055 1840 de
1073 1800 1115 1853 se,
1143 1788 1224 1851 quam
1248 1784 1324 1854 cupit
1340 1784 1449 1839 nonnisi
1473 1797 1598 1850 magnam

250 1878 319 1918 esse.
356 1863 436 1919 Unde
457 1864 526 1919 haec
549 1866 656 1920 insania
679 1863 810 1933 sudem«,
835 1863 957 1933 quamvis
981 1880 1031 1933 per
1053 1880 1110 1919 rem
1132 1864 1292 1919 honestam?
1327 1863 1389 1918 Duo
1413 1863 1496 1932 igitur
1518 1862 1597 1919 nobis

249 1941 459 2001 consideranda:
488 1945 519 2013 1)
538 1960 586 1999 cur
603 1952 676 1999 amet
698 1959 788 1999 verm
811 1947 916 1998 tantm
933 1942 1066 2011 gloriam?
1096 1942 1124 2008 2)
1143 1960 1191 1999 cur
1212 1944 1372 2013 tantopere?
1407 1941 1490 2002 Aliud
1506 1949 1598 1997 autem

247 2018 275 2075 in
294 2022 479 2089 superioribus
497 2022 680 2093 bactadmns,
699 2038 736 2078 sc.
755 2038 805 2077 cur
821 2022 912 2077 omnia
930 2019 990 2089 ejus
1007 2022 1118 2091 incepta
1134 2021 1261 2091 primitus
1283 2038 1345 2078 cum
1362 2030 1446 2102 muto·
1456 2021 1552 2076 ardore
1569 2028 1598 2078 ot

249 2096 340 2154 calore
358 2100 527 2169 proveniant.
1069 2153 1073 2164 ,
1297 2119 1301 2127 ·

334 2179 430 2249 ltaque
452 2179 476 2234 si
494 2179 550 2235 Soli
567 2180 639 2234 inest
660 2181 746 2237 virtus
763 2181 907 2251 Mercurii,
932 2196 1015 2236 cansa
1035 2180 1208 2237 mediocriter
1228 2186 1314 2251 patet.
1349 2180 1402 2235 Est
1420 2182 1491 2235 enim
1508 2172 1550 2255 Θ
1568 2178 1596 2235 in

248 2267 339 2322 sextili
361 2260 396 2345 li
418 2275 525 2323 etcum
543 2261 583 2343 Ω,
603 2284 672 2337 quae
690 2270 728 2323 nil
746 2276 797 2339 est,
816 2270 869 2324 nisi
887 2270 1000 2339 species,
1020 2276 1048 2323 ει
1065 2265 1136 2324 ior'te
1148 2267 1309 2337 addendum,
1329 2266 1455 2339 quodi]
1475 2264 1509 2352 ‘ll
1532 2276 1597 2325 ante

247 2358 344 2422 ortum,
363 2355 491 2423 quodque
508 2349 551 2432 Θ
568 2356 595 2410 in
614 2356 675 2411 VII.
694 2363 722 2410 et
739 2358 803 2425 quia
820 2350 863 2435 Q)
881 2357 909 2410 in
925 2354 973 2428 Δ
999 2357 1042 2420 0'.
1078 2356 1161 2410 Forte
1179 2355 1260 2410 eum
1278 2356 1342 2425 quia
1359 2348 1402 2433 Θ
1415 2367 1443 2411 et
1454 2359 1517 2415 Asc.
1535 2373 1597 2413 cum

249 2445 304 2493 tam
323 2440 416 2495 multis
435 2440 529 2496 stellis.
565 2442 627 2497 Jam
646 2442 726 2497 etism
748 2436 784 2522 ᾙ
804 2443 832 2498 in
850 2444 888 2498 M.
908 2444 937 2498 C.
973 2443 1028 2499 Sed
1052 2457 1087 2499 an
1105 2458 1160 2497 non
1185 2442 1255 2498 baec
1277 2448 1333 2497 tam
1356 2443 1442 2499 multe
1459 2444 1596 2500 iortrmam

248 2528 340 2597 potius
353 2528 523 2598 significant?
553 2530 649 2599 ltaque
671 2528 709 2603 Θ
732 2532 759 2586 in
777 2523 904 2606 sextiliiq
925 2531 1091 2601 suspicacem
1116 2536 1143 2586 et
1171 2530 1315 2587 sollicitum
1338 2539 1366 2586 et
1388 2532 1498 2588 anxium
1521 2532 1594 2600 iacit,

248 2614 276 2661 ει
293 2607 450 2676 vigilantem
474 2615 503 2662 ει
520 2615 652 2663 attentum
675 2610 703 2663 in
728 2609 843 2678 singula.
880 2609 933 2665 Ubi
957 2609 1041 2679 igitur
1065 2609 1236 2682 inquisiverit
1259 2610 1287 2663 in
1305 2609 1387 2664 vitam
1405 2626 1482 2666 snam
1505 2619 1533 2667 st
1550 2611 1595 2667 de'·

249 2687 424 2756 prehenderit
440 2695 554 2756 peccata
572 2704 634 2756 sus,
660 2705 725 2744 saue
747 2690 781 2743 de
798 2704 831 2743 eo
849 2687 966 2743 maxime
984 2688 1097 2760 dolebit,
1123 2689 1196 2760 quod
1214 2688 1360 2757 pessimum
1382 2689 1595 2758 ipsiridebitur.

249 2766 374 2821 Diximus
392 2773 490 2835 autem,
508 2766 594 2820 rideri
611 2766 672 2836 ipsi,
691 2782 762 2836 quae
779 2774 851 2822 sunt.
886 2767 1036 2822 Pessimum
1058 2780 1122 2822 sero
1143 2783 1174 2821 re
1191 2782 1256 2821 rera
1278 2765 1397 2820 infamia.
1434 2768 1489 2823 Gur
1505 2766 1616 2823 autem'

249 2844 323 2900 dolet
347 2845 380 2899 de
404 2862 437 2900 ea
459 2847 586 2914 cognita?
620 2846 663 2900 An
688 2846 751 2914 quia
768 2845 892 2901 naturale
909 2846 963 2902 hoc
981 2854 1024 2902 εει
1046 2853 1073 2901 ει
1091 2844 1197 2918 divinus
1218 2844 1382 2899 instinctus?
1419 2846 1527 2903 conus.
1563 2847 1601 2904 In'

247 2923 300 2978 boc
318 2924 377 2992 ipso
395 2925 608 2981 luculentissime
626 2925 829 2994 distinguuntur
845 2925 968 2981 homines
994 2939 1011 2981 a
1029 2941 1059 2981 se
1076 2921 1210 2993 invicem„
1232 2922 1304 2991 quod
1322 2921 1432 2992 quidam
1450 2924 1543 2980 dolent
1561 2922 1595 2979 de

246 3002 423 3070 turpitudine,
444 3002 551 3070 quidam
570 3019 632 3072 non,
652 3019 720 3072 quos
739 3004 893 3061 nominibus
910 3002 998 3059 bonae
1015 3005 1059 3059 rel
1076 3002 1164 3058 malae
1181 3001 1280 3058 indolis
1293 2999 1488 3071 distinguimus.
1516 3002 1596 3059 Unde

247 3078 332 3147 igitur
349 3087 442 3135 tantns
460 3080 557 3135 dolor?
592 3082 636 3135 An
654 3098 688 3136 ex
707 3098 747 3152 eo,
766 3083 830 3153 qnia
848 3087 943 3138 tantus
961 3096 1037 3139 amor
1054 3081 1174 3152 gloriae?
1208 3083 1246 3136 Aa
1264 3082 1486 3150 pudenterque?
1511 3096 1595 3151 snpra

247 3159 319 3213 enim
337 3165 442 3213 tantum
461 3157 576 3215 diximus
595 3159 629 3215 de
647 3161 795 3231 cupiditate
817 3166 845 3216 ει
863 3160 1043 3217 delectatione
1062 3159 1220 3231 speculandi
1246 3158 1462 3228 fabricandiqne,
1486 3159 1543 3230 jam
1560 3161 1594 3218 de

247 3236 394 3292 moralibus
413 3238 526 3306 agium.
561 3239 707 3308 Adigitur
725 3239 877 3296 doletideo
895 3239 1080 3301 vehementer.
1108 3240 1171 3308 quia
1196 3238 1371 3294 vehementer
1387 3239 1487 3310 cernit,
1514 3256 1595 3310 quam

247 3315 347 3445 magum
373 3316 421 3383 sit,
447 3324 475 3371 ct
492 3318 616 3374 naturale
634 3324 677 3374 cst
700 3319 791 3374 dolere
817 3320 851 3374 de
875 3317 971 3373 maloi
1007 3318 1064 3373 Sic*
1077 3316 1164 3373 omnis
1187 3316 1272 3372 virtus
1290 3317 1373 3372 animi
1399 3332 1433 3372 ex
1455 3317 1594 3376 intellectu

248 3391 283 3447 dc
302 3398 435 3448 ureretur.

334 3470 471 3539 Optimum
488 3473 570 3542 igitur
588 3480 638 3543 est,
657 3475 703 3531 ubi
718 3476 842 3546 jungitur
858 3475 993 3532 industria
1010 3476 1126 3548 ingenio.
1162 3475 1200 3533 Et
1207 3475 1255 3532 bic
1267 3476 1367 3547 optime
1379 3475 1481 3532 babent
1495 3477 1592 3550 omnia,

247 3549 300 3605 nisi
317 3549 390 3618 quod
408 3551 504 3606 Martis
522 3551 614 3607 radius
633 3554 782 3620 quadratus
806 3555 879 3611 illam
896 3557 1006 3612 nimiam
1029 3563 1112 3625 auget
1137 3557 1371 3626 praecipitantium
1393 3562 1422 3612 et
1446 3557 1593 3614 multarum

247 3644 341 3683 rerum
359 3628 548 3699 inceptionem.
583 3631 668 3687 Nota:
686 3631 855 3703 biacgerlino
874 3641 916 3690 εει
932 3633 1042 3705 Jupiter
1058 3636 1085 3690 in
1104 3642 1175 3694 ortu.
1210 3635 1373 3692 Etilleuon
1389 3644 1431 3693 est
1448 3636 1487 3693 ita
1504 3635 1595 3693 lendis

248 3706 389 3763 studiosus
415 3716 556 3766 ettamen
581 3711 701 3768 honoris.
737 3710 813 3768 Joris
836 3713 919 3784 igitur
944 3714 1079 3783 ingenium
1106 3713 1221 3784 simplex
1238 3719 1292 3781 est,
1319 3722 1449 3785 appetere
1465 3716 1592 3774 honores.

248 3789 287 3844 Et
306 3785 380 3847 aliud
398 3797 440 3845 εει
458 3790 559 3860 honos,
586 3789 659 3846 ahud
677 3790 746 3848 laus.
782 3792 1006 3861 Distinguantdr:
1030 3794 1092 3848 lans
1113 3792 1242 3849 fundatur
1265 3792 1294 3848 in
1311 3794 1437 3864 opinione
1454 3794 1593 3855 hominum

251 3874 279 3923 et
296 3868 325 3926 in
344 3869 549 3938 existimatione,
568 3869 655 3923 bonor
671 3870 699 3924 in
717 3872 883 3940 ceremoniis,
901 3871 1117 3935 salumtionibus
1134 3872 1236 3942 titulis,
1254 3872 1363 3943 officiis,
1381 3878 1410 3929 et
1425 3881 1518 3944 potest
1533 3876 1593 3933 fieri

247 3950 307 4005 sine
326 3951 415 4006 laude.
451 3950 571 4004 Deberet
592 3954 683 4003 temen
701 3964 735 4005 ex
752 3948 832 4005 laude
849 3949 999 4021 proficisci,
1022 3949 1076 4007 nisi
1093 3949 1277 4022 degeneraret.
1312 3952 1437 4023 Dignitas
1462 3954 1593 4011 adhaeret

247 4028 346 4084 honori
364 4027 576 4099 quodammodo,
602 4026 624 4081 si
642 4026 730 4082 honor
756 4043 816 4083 cum
834 4028 915 4085 leude
942 4037 992 4086 εει.
1027 4025 1211 4100 Praestuntia,
1239 4029 1400 4086 excellentia
1417 4037 1481 4087 sunt
1498 4031 1592 4088 iunda·

247 4116 371 4163 mentum
389 4115 417 4163 et
434 4111 550 4177 possunt
568 4103 626 4160 sine
643 4104 726 4160 huda
743 4107 864 4175 cogitari.
900 4108 1055 4163 Auctoritas
1073 4107 1199 4164 ultimum
1216 4109 1392 4165 videturesse
1409 4110 1438 4164 in
1456 4109 1591 4181 opinione,
1698 4149 1700 4154 ,

246 4187 363 4257 primurn
380 4187 408 4243 in
425 4186 511 4254 facto,
535 4201 588 4254 quo
607 4183 707 4253 ahquid
724 4186 914 4260 retribuimus,
938 4195 982 4242 est
999 4194 1090 4243 autem
1107 4187 1257 4243 communis
1275 4187 1356 4243 etiam
1372 4186 1591 4245 benefactoribus

248 4270 278 4321 et
293 4267 424 4337 patronis,
442 4265 563 4335 quemvis
581 4278 636 4318 non
656 4261 813 4335 laudentur,
836 4273 868 4320 ut
886 4272 914 4320 ει
930 4266 1088 4340 potentibus
1107 4271 1189 4335 atque
1210 4263 1345 4322 divitibus
1380 4266 1472 4324 Virtus
1491 4273 1533 4323 est
1550 4280 1591 4322 se-

206 4394 211 4403 .
248 4346 350 4401 cretius
367 4345 432 4415 qnid
451 4360 531 4413 quam
549 4340 724 4420 praestantia,
743 4341 808 4412 qnia
824 4340 873 4399 illa
890 4342 1048 4413 simpliciter
1064 4342 1258 4413 consideratur,
1276 4345 1345 4401 baec
1361 4343 1456 4401 relata.
1490 4346 1591 4403 ducto·

247 4423 316 4481 ritas
334 4432 377 4481 est
394 4425 507 4480 tacitum
523 4437 636 4493 regnum
656 4421 713 4476 sine
730 4420 833 4477 bonore
849 4424 933 4492 regio.
969 4422 1106 4479 Lntherus
1124 4423 1164 4479 sic
1180 4426 1310 4493 regnarit.

334 4504 376 4559 Ab
393 4503 503 4559 ineunte
520 4508 610 4558 aetate
627 4500 736 4557 inerunt
752 4499 817 4555 huic
838 4499 941 4555 homini
959 4500 1106 4556 adversarii
1122 4501 1219 4571 aliqui,
1236 4503 1347 4572 primus,
1365 4518 1445 4572 quern
1462 4501 1591 4559 memoria

182 4639 187 4649 ,
246 4591 336 4655 teneo,
354 4584 479 4654 Holpius‚
496 4583 550 4637 imo
569 4596 662 4637 omnes
680 4578 849 4649 consodales,
866 4576 987 4648 Molitor,
1005 4578 1174 4636 Wielandius
1192 4581 1385 4652 Mnlpronnae,
1404 4588 1433 4636 ει
1450 4579 1590 4650 Tubngae

247 4661 380 4732 Kollinus,
400 4660 565 4717 Bebenhusii
582 4658 762 4723 Braunbeum,
780 4655 961 4727 biuipronnae
978 4656 1208 4726 Ziegelheuserus.
1244 4661 1384 4717 Recenseo
1402 4661 1552 4717 dintuunos.

315 4740 455 4810 Tubingae
466 4738 637 4804 Huldericus,
656 4735 793 4806 Seiiierus,
812 4734 942 4805 Ortolius,
960 4736 1128 4806 Adelbergae
1139 4737 1296 4804 Lendliuus‚
1314 4739 1493 4809 Mnlpronnse
1506 4738 1591 4809 Span-

246 4819 423 4890 genbergius,
442 4818 582 4887 Tubingoe
601 4816 739 4885 cieberns,
756 4815 937 4886 Mulpronnae
953 4814 1105 4889 Rebstoclr,
1124 4817 1262 4887 Huselius,
1281 4817 1422 4889 Tubingoe
1438 4818 1590 4890 Dsuberus,

246 4897 414 4955 burhardus.
451 4900 588 4969 cognatus
606 4897 752 4965 Jaegerus‚
769 4895 812 4951 Jo.
832 4895 947 4965 Regius,
965 4894 1113 4967 ldurarius,
1133 4894 1297 4967 Speidelius,
1310 4888 1452 4970 Zeilerus,
1470 4898 1513 4954 Jo.
1530 4899 1589 4955 Mo·

244 4976 311 5033 litor
333 4977 432 5049 frater,
460 4978 510 5033 An.
529 4976 654 5046 Crellius,
679 4990 771 5044 socer,
794 4973 917 5045 plerique
941 4974 1082 5045 aequales,
1104 4974 1201 5045 reliqui
1219 4973 1291 5031 iorte
1311 4974 1340 5031 in
1365 4990 1456 5033 eausa
1492 4978 1590 5047 Itaque

246 5056 354 5114 suimus
379 5056 438 5127 ejns
461 5062 603 5111 exercetur
624 5054 653 5109 in
675 5051 884 5123 cogitationibus
906 5058 1002 5109 contra
1023 5052 1199 5109 adremados.
1234 5052 1333 5125 Unde?
1356 5071 1391 5110 an
1409 5055 1472 5125 quia
1488 5054 1589 5124 virtuti,

245 5134 396 5207 proiectui,
417 5134 578 5201 honoribus,
596 5132 718 5189 felicitati
736 5146 842 5203 semper
859 5130 978 5187 emuli?
1011 5132 1056 5188 An
1073 5133 1136 5203 quia
1156 5130 1194 5207 Θ
1213 5141 1242 5191 ει
1257 5125 1283 5211 Q
1301 5132 1330 5188 in
1346 5127 1418 5189 VII?

206 5257 208 5261 s
333 5224 433 5295 Holpio
451 5225 525 5293 (inter
541 5227 670 5287 magistros
688 5226 802 5286 receptus
820 5236 885 5271 auno
899 5225 966 5273 ress
980 5238 1036 5273 cum
1047 5222 1213 5286 bisegsrlino,
1230 5225 1587 5279 locumobtinult14.Pssto-

245 5308 281 5358 ris
293 5321 395 5357 munere
412 5307 560 5367 {ungebatur
578 5318 600 5355 a.
621 5301 799 5352 leet-1628
817 5298 973 5369 Nsidlingac)
990 5314 1094 5377 mecum
1112 5300 1146 5356 de
1164 5299 1322 5357 eruditionis
1339 5301 1465 5372 opinione
1482 5300 1590 5359 occulta

246 5383 395 5440 contentio.
428 5383 456 5438 Is
473 5396 516 5435 me
534 5379 677 5434 manifeste
695 5374 799 5446 oderat,
814 5390 918 5431 mecum
936 5375 978 5433 bis
992 5380 1128 5446 pugnavit,
1146 5378 1405 5452 semelLeobergae,
1423 5378 1507 5437 semol
1518 5378 1587 5435 hiul-

243 5477 373 5533 pronnse.
408 5460 556 5530 Postqusm
572 5456 612 5511 ibi
628 5456 706 5511 locus
724 5454 848 5523 superior
864 5453 932 5509 mihi
949 5453 1044 5521 cessit,
1070 5455 1198 5515 rediimus
1223 5458 1251 5515 in
1269 5459 1390 5530 gratiam
1426 5457 1599 5530 Desperare,

244 5541 318 5598 enirn
334 5539 541 5607 restitutionem,
559 5550 674 5605 cumque
691 5535 768 5605 prius
785 5548 892 5604 semper
908 5535 1134 5605 metueremam,
1151 5534 1224 5593 iacto
1242 5537 1316 5607 quod
1332 5544 1477 5610 metuerat,
1497 5538 1587 5597 odisse

242 5618 424 5689 simulatque
448 5624 569 5675 metuere
594 5615 683 5673 desiit
717 5613 840 5672 Molitori
863 5612 967 5685 paeri
984 5617 1138 5670 meibomii
1163 5617 1353 5687 lbet-162⁷)
1370 5615 1465 5674 eadem
1487 5615 1587 5677 occulti

299 5722 524 5778 xsproeropenv.
977 5760 983 5770 .
1185 5799 1187 5803 7
1264 5739 1316 5760 ··
1389 5721 1429 5781 31
