3684 7259
720 1237 965 1301 Demonetratione.
999 1239 1082 1302 nno
1099 1244 1119 1301 1.
1303 1266 1306 1270 ’
1533 1252 1594 1315 11³

244 1432 274 1484 et
297 1426 441 1500 trigonus,
466 1426 536 1500 quia
557 1422 652 1483 latera
672 1423 781 1484 habent
804 1423 933 1485 effabilia
956 1423 1021 1484 oola
1041 1428 1181 1501 potentie
1227 1423 1370 1501 Quartum
1392 1432 1492 1487 tenent
1514 1424 1595 1488 ordi·

243 1530 310 1571 nem
331 1511 426 1571 latera
448 1510 638 1588 dodecagoni,
663 1509 805 1588 decagoni
828 1529 987 1587 eommque
1008 1515 1090 1572 eoeia
1110 1512 1261 1573 stellarum
1283 1511 1393 1590 latera,
1416 1520 1485 1574 eunt
1506 1530 1535 1573 n.
1559 1531 1596 1575 ex
1702 1508 1711 1525 ⁸

243 1598 442 1659 ineffabilibus
463 1602 597 1676 potentia
618 1608 647 1657 et
662 1601 831 1676 compositis
854 1602 964 1676 primae
987 1602 1104 1676 speciei,
1127 1608 1195 1661 eunt
1217 1617 1257 1659 ee.
1282 1601 1446 1661 binominee
1468 1609 1498 1662 et
1519 1617 1596 1679 epo·

245 1696 353 1759 romae,
376 1686 558 1764 dodecagoni
581 1685 698 1762 quidem
721 1689 850 1763 primae,
875 1685 1019 1763 decagoni
1040 1704 1110 1748 vero
1134 1698 1264 1764 quartae.
1304 1686 1413 1764 Quinto
1436 1686 1503 1749 loco
1525 1704 1595 1749 eue-

245 1775 352 1834 cedunt
374 1774 467 1835 latera
488 1777 647 1851 pentagoni
670 1783 699 1833 et
720 1774 825 1835 atellae
847 1775 926 1851 ejus,
950 1777 993 1834 eie
1016 1782 1045 1835 et
1066 1775 1161 1835 latera
1184 1777 1320 1852 octogoni
1343 1784 1373 1837 et
1394 1774 1499 1838 atellae
1522 1776 1596 1852 ejue,

246 1870 316 1921 eunt
336 1880 366 1920 n.
391 1880 427 1921 ex
450 1869 554 1938 quarta
577 1864 803 1938 compositorum
827 1862 934 1939 specie,
957 1864 1053 1921 mizon
1076 1870 1105 1922 et
1128 1863 1244 1923 elaaaon
1268 1862 1373 1924 dictae.

330 1949 375 2009 Ne
400 1966 459 2025 qua
484 1965 552 2009 vero
574 1950 653 2008 bona
674 1957 744 2009 nota
766 1937 801 2007 in
824 1948 987 2026 decangulo
1015 1948 1196 2026 praeiudicet
1218 1949 1454 2028 quinquanguto,
1487 1958 1537 2009 aut
1560 1966 1597 2008 ne

244 2037 357 2114 rpeciea
379 2036 482 2096 endem
505 2037 605 2096 lateris
627 2035 825 2114 oetangnlarie
847 2046 956 2114 aequet
976 2053 1062 2097 enam
1084 2037 1207 2115 figuram
1229 2036 1450 2116 quinquangulo
1474 2037 1520 2096 vel
1544 2036 1598 2096 de·

246 2123 381 2200 eaugnlo,
404 2141 483 2183 nova
499 2124 718 2202 quinquangulo
733 2121 847 2185 accedit
861 2119 955 2184 virtue
977 2123 1006 2181 in
1031 2129 1096 2183 ortu
1111 2128 1189 2203 ipe03
1213 2124 1292 2202 quod
1314 2126 1455 2203 perhanc
1478 2132 1598 2197 aeetam,

246 2210 366 2276 denario
384 2215 656 2290 communicantem,
678 2221 783 2292 regnat
798 2212 928 2290 undique
948 2213 1101 2290 proportio
1113 2211 1232 2292 divina,
1247 2209 1325 2289 quae
1340 2212 1507 2274 immediate
1523 2213 1599 2271 ineat

247 2302 317 2375 ipeie
339 2298 480 2360 lateribus
504 2297 749 2376 quinquangulum·
772 2299 894 2376 eiusque
916 2298 1037 2374 atellae3
1065 2304 1098 2359 at
1126 2298 1314 2377 deeangnlari
1344 2319 1409 2361 cum
1436 2297 1600 2360 anestelle

246 2403 305 2445 non
328 2389 475 2463 competit,
499 2389 555 2446 nisi
577 2387 724 2447 mediante
746 2387 838 2448 latere
860 2387 1030 2464 aeraugn1i3
1055 2388 1237 2465 oetanguiari
1258 2388 1346 2468 piane
1368 2405 1427 2447 non
1451 2388 1598 2463 competit.
1644 2412 1650 2429 =

334 2475 454 2535 Praeter
476 2475 532 2534 hae
552 2465 677 2535 laterum
699 2477 892 2551 proprietatee
915 2473 991 2534 atine
1013 2476 1132 2550 iusuper
1145 2492 1250 2535 oenone
1265 2484 1311 2535 eat
1325 2476 1497 2548 nobilitatis,
1521 2473 1600 2550 quod
1672 2526 1676 2533 .

248 2561 356 2636 figurae
386 2563 603 2640 distinguuntur
630 2581 666 2622 ex
696 2561 859 2640 aptitudine
887 2570 916 2621 et
947 2562 1122 2638 perfectione
1150 2580 1250 2635 areae,
1285 2581 1375 2639 quam
1395 2565 1472 2639 aepit
1496 2561 1625 2642 figura.v

248 2648 305 2708 Hic
326 2657 394 2726 poet
417 2648 589 2710 diametrum
619 2651 718 2726 (eujus
741 2668 810 2710 area
832 2649 915 2709 nulla
937 2657 967 2709 et
988 2667 1065 2725 quae
1087 2649 1152 2710 oola
1175 2649 1274 2710 circuli
1297 2668 1411 2721 aream,
1442 2657 1476 2709 ut
1497 2649 1599 2709 Ptole·

247 2754 349 2796 macne
373 2745 481 2811 monet,
504 2740 533 2795 in
558 2737 616 2796 duo
640 2738 775 2814 nequalia
796 2745 891 2809 secat,
914 2753 973 2795 non
996 2739 1091 2796 minue
1115 2754 1203 2813 quam
1226 2733 1496 2815 circumferentiam)
1518 2737 1600 2813 prin·
1682 2784 1689 2792 ,

251 2827 343 2901 cipem
367 2823 465 2883 iocum
488 2825 622 2884 obtinent
643 2832 813 2902 tetragonus
837 2832 866 2884 et
888 2823 1106 2901 dodecagonue,
1130 2828 1179 2900 qui
1203 2842 1301 2885 aream
1317 2824 1426 2886 habent
1448 2824 1600 2900 effabiiem,

250 2919 278 2969 et
299 2921 470 2989 tetragonus
493 2911 611 2988 quidem
636 2915 742 2974 eximia
764 2913 988 2989 praerogativa,
1012 2914 1083 2988 quia
1105 2910 1206 2973 eadem
1230 2912 1273 2970 illi
1297 2921 1341 2972 eet
1363 2930 1448 2987 area,
1472 2929 1548 2989 quae
1572 2920 1614 2973 et·
1636 2969 1639 2976 ,
1662 2990 1665 2994 y

250 2998 347 3059 lateris
370 3000 560 3076 quadratum,
592 3003 700 3078 qnippe
723 3017 810 3060 areae
832 3001 946 3077 speciae
969 3008 1014 3059 eet
1037 2998 1195 3075 quadrata:
1228 3002 1328 3077 itaque
1351 3003 1428 3078 sepit
1450 2996 1601 3058 dimidium

250 3086 285 3144 de
307 3085 451 3163 quadrato
474 3086 624 3162 diametri3
648 3085 856 3164 dodecagoune
872 3101 943 3146 vero
957 3092 1016 3145 etat
1030 3094 1098 3163 poet
1112 3089 1263 3163 principia,
1288 3090 1406 3165 reptem
1429 3084 1602 3147 dodrantem

250 3174 286 3233 de
309 3174 453 3250 quadrato
475 3174 619 3235 diametri.
652 3174 789 3234 Proximo
811 3175 879 3235 loeo
902 3173 1442 3258 euceednnttrigonue,eexangu1um
1466 3179 1495 3234 et
1518 3167 1643 3234 octo-'‘

250 3278 352 3335 ganne,
376 3264 484 3338 outone
498 3272 543 3322 eet
565 3279 634 3322 eren
655 3279 691 3323 ex
707 3265 805 3339 epecie
819 3277 929 3336 meeon,
952 3264 1111 3339 pentagoni
1135 3268 1164 3323 et
1180 3259 1322 3341 decagoni
1337 3277 1424 3323 arere
1439 3261 1520 3322 nulla
1536 3262 1605 3335 dnm
1642 3293 1645 3298 >

251 3348 360 3410 habent
382 3353 501 3409 nomina
523 3353 684 3410 notionum
1126 3371 1130 3378 ·
1557 3363 1560 3369 ’
1590 3373 1593 3377 “

702 3691 707 3699 ·
785 3665 895 3727 Finir
926 3664 1015 3725 libri
1048 3665 1072 3724 1.
