3684 7259
756 1232 784 1290 in
801 1231 976 1291 Hamouianr
991 1230 1096 1289 Mundi.
1442 1244 1444 1254 ’
1550 1241 1588 1301 10

243 1404 384 1485 motibue',
406 1410 578 1487 intoweilie,
601 1413 630 1470 in
652 1414 711 1472 eitn
732 1413 789 1473 eub
809 1410 935 1472 andiaco
952 1410 1143 1489 planetarum,
1165 1412 1195 1468 in
1218 1420 1314 1487 mutu,
1337 1414 1367 1471 iu
1390 1419 1485 1474 tactus
1507 1431 1590 1474 men·
1679 1431 1682 1439 ’

246 1498 340 1561 eura?
364 1497 548 1569 Generalitoe
569 1516 710 1577 apparere
730 1499 783 1560 hae
805 1499 971 1559 harmonias
993 1498 1161 1575 praesertim
1184 1500 1213 1558 in
1227 1507 1316 1559 motu.
1349 1498 1401 1575 ,Si
1422 1519 1469 1561 res
1490 1501 1592 1578 aliqua

246 1588 406 1664 genuinum
429 1585 516 1647 debet
538 1603 603 1647 esse
621 1588 783 1665 subjectum
798 1588 994 1664 proportionis
1010 1585 1202 1661 harmonicae,
1226 1594 1339 1664 oportet
1354 1596 1385 1647 et
1398 1591 1590 1665 quantitatem

248 1669 493 1756 (longitudinem)
525 1677 556 1732 in
577 1673 629 1733 ille
649 1693 681 1736 re
702 1677 806 1748 inesse,
829 1692 918 1751 quam
941 1673 1151 1750 longitudinem
1172 1681 1253 1733 motu
1276 1674 1403 1750 quodam
1424 1686 1592 1751 percurrant

248 1764 422 1839 terminique
444 1762 517 1821 hant
537 1764 663 1838 partium
691 1761 895 1839 longitudinis,
926 1764 1000 1821 inter
1030 1778 1103 1838 ques
1126 1763 1165 1821 eit
1185 1765 1341 1838 proportio.
1387 1765 1486 1839 Atque
1507 1762 1537 1823 id
1559 1765 1592 1822 fit

250 1867 287 1911 cx
308 1860 392 1926 parte
414 1851 443 1907 in
465 1848 751 1925 configurationibus.
799 1849 978 1909 Harmoniae
1007 1848 1124 1924 quidem
1153 1851 1182 1905 in
1213 1849 1342 1925 angulis,
1375 1867 1449 1926 quos
1477 1854 1593 1911 metitur

249 1936 403 2011 zodiacus,
437 1935 655 1997 considerantur
684 1945 746 1998 sine
771 1947 866 2010 motu,
897 1935 997 2012 auguli
1019 1945 1116 1996 tamen
1138 1937 1196 2013 ipsi
1218 1938 1269 1996 aiii
1292 1954 1327 1997 er
1349 1936 1416 1996 aliie
1439 1954 1591 2015 corporum

250 2024 426 2085 radiantium
447 2032 529 2084 motu
551 2024 776 2102 perendianum
797 2026 1019 2085 constituuntur.
1063 2024 1128 2083 Non
1158 2040 1292 2101 corpora,
1323 2024 1375 2084 ead
1406 2034 1503 2085 motus
1526 2042 1591 2085 cor·

251 2129 355 2189 porum
376 2128 468 2173 cauea
489 2110 679 2189 longitudinis
701 2120 731 2173 et
753 2113 902 2173 brevitatis
932 2108 1006 2193 (non
1028 2111 1210 2187 temporalis,
1242 2111 1295 2172 sed
1317 2108 1489 2193 corporeae)
1519 2115 1593 2174 inter

250 2218 284 2260 se
305 2210 518 2279 comparantur,
542 2199 786 2276 quemadmodum
807 2218 840 2260 se
861 2216 907 2259 ree
921 2198 1099 2258 hebernum
1115 2201 1211 2274 sonis,
1235 2216 1303 2259 nam
1318 2216 1407 2259 eouue
1422 2209 1467 2259 est
1479 2203 1592 2277 species

252 2290 358 2348 emissa
379 2305 396 2348 e
419 2304 554 2365 corpore,
581 2295 610 2347 et
632 2295 664 2346 ut
686 2295 826 2364 quantum
848 2284 936 2360 illud,
969 2291 999 2345 et
1020 2292 1052 2346 ut
1073 2287 1228 2363 figuratum
1251 2287 1475 2363 quadamtenus,
1507 2296 1537 2347 et
1560 2295 1592 2348 ut

252 2378 282 2433 in
303 2382 385 2435 motu
407 2376 595 2435 constitutum
621 2382 675 2435 cst.
719 2375 757 2434 Et
783 2376 856 2434 hacc
882 2390 973 2434 caum
1005 2381 1064 2444 est,
1097 2390 1147 2434 cur
1176 2382 1280 2437 natura
1309 2375 1435 2435 bominis
1457 2392 1594 2436 sonorum

251 2464 435 2540 potissimum
456 2462 691 2539 proportionibus
713 2461 887 2522 harmonicis
908 2462 947 2520 eit
969 2459 1098 2520 dedita“.

356 2550 453 2627 Caput
473 2548 527 2609 IV.
571 2549 748 2610 Discrimina
778 2556 890 2623 autem,
922 2565 998 2625 quae
1025 2547 1207 2609 intercedunt
1234 2549 1310 2609 inter
1335 2549 1509 2624 harmonias,
1537 2549 1594 2609 boc
1671 2540 1674 2546 ’

252 2646 357 2715 quarto
379 2638 455 2698 libro
479 2644 509 2697 et
529 2636 596 2697 iliae
617 2639 704 2698 tertio
726 2637 801 2697 libro
824 2637 964 2713 cognitae,
987 2635 1060 2696 haec
1074 2643 1155 2695 sunt:
1178 2638 1208 2693 in
1230 2634 1304 2697 libro
1326 2639 1411 2698 tertio
1426 2637 1593 2696 harmoniae

253 2723 405 2786 acircnlo-
424 2725 455 2782 in
475 2732 569 2784 rectae
601 2723 695 2785 hneae
723 2726 887 2798 transeunt,
919 2726 948 2782 in
980 2732 1083 2799 quarto
1118 2726 1147 2781 in
1177 2722 1285 2783 circulo
1307 2724 1370 2784 eolo
1397 2732 1515 2784 restant
1559 2724 1594 2783 In

252 2815 335 2872 tertio
358 2812 433 2872 libro
454 2813 568 2872 termini
590 2829 643 2872 eeu
657 2789 820 2888 subjectum
835 2812 1050 2871 harmoniarum
1066 2818 1148 2871 erant
1161 2813 1234 2886 soni,
1258 2815 1391 2872 acumine
1406 2820 1436 2872 et
1449 2813 1594 2888 gravitate

252 2899 431 2972 differentes,
462 2902 492 2957 in
521 2908 625 2975 quarto
652 2899 727 2959 libro
754 2899 941 2959 harmonicae
968 2900 1096 2958 rationes
1125 2900 1198 2958 sitae
1220 2902 1337 2958 suntin
1361 2899 1490 2975 angulis,
1522 2917 1595 2975 quos

251 2987 383 3047 lucentes
406 2985 479 3046 radii
502 3004 518 3047 e
542 2986 656 3046 duobus
677 2987 803 3063 planetis
825 2988 923 3048 embsi
944 2986 1069 3045 formant
1091 2988 1121 3044 in
1144 2985 1249 3059 Terra,
1274 2986 1323 3047 vel
1344 2988 1373 3045 in
1396 3003 1478 3062 arcu,
1510 3004 1595 3062 quem

252 3075 310 3134 duo
338 3074 476 3151 planetae
507 3075 537 3132 iu
565 3073 686 3135 zodiaco
717 3077 869 3135 terminare
900 3071 1044 3134 videntur.
1090 3074 1171 3134 inest
1199 3072 1272 3135 haec
1302 3073 1453 3135 harmonia
1482 3074 1596 3135 zodiaci

251 3162 385 3239 partibus
397 3171 605 3238 ‘nonpropter
626 3180 658 3222 se
682 3163 775 3239 ipsas,
808 3162 860 3222 eed
889 3168 1043 3237 propterea
1072 3161 1154 3237 quod·
1178 3159 1246 3221 illae
1275 3169 1444 3223 mensurant
1472 3163 1596 3237 angulos

251 3250 401 3309 radiorum
423 3252 453 3307 in
474 3248 565 3309 Terra
586 3252 825 3324 concurrentium,
855 3249 903 3309 vel
925 3252 1024 3325 potius
1045 3250 1114 3308 mon
1135 3256 1256 3309 modae
1277 3243 1393 3310 aodirict‘
1414 3250 1541 3310 cerbatis
1563 3253 1597 3307 in

252 3340 363 3396 areima
389 3338 553 3396 sublunari
580 3337 635 3397 boo
662 3336 860 3396 mensurandi
882 3334 1015 3413 officium
1037 3335 1124 3395 subit.
1168 3334 1226 3396 Hic
1248 3338 1329 3411 icon,
1359 3338 1433 3398 baec
1454 3338 1536 3397 notio
1558 3337 1595 3396 ab

252 3426 336 3483 initio
360 3426 458 3484 animo
473 3425 570 3495 insita,
594 3431 714 3485 naturae
729 3442 800 3484 suae
816 3426 953 3482 instinctu
975 3423 1097 3500 angulos
1120 3429 1267 3500 comparat
1283 3442 1348 3484 cum
1362 3432 1486 3502 quatuor
1501 3426 1595 3499 rectis,

252 3518 282 3572 et
304 3528 435 3572 consona
457 3510 572 3570 illorum
594 3509 758 3572 discemene
781 3530 800 3570 a
823 3509 963 3584 dissonis,
986 3519 1118 3571 naturam
1141 3510 1356 3571 harmoniarum
1378 3514 1407 3571 in
1430 3529 1462 3573 se
1484 3513 1596 3589 recipit.

252 3598 337 3659 Haec
359 3598 577 3658 harmoniarum
597 3601 628 3656 in
649 3616 681 3659 ee
710 3598 938 3675 recipiendarum
970 3607 999 3658 et
1027 3598 1241 3658 formandarum
1272 3599 1395 3660 incultae
1422 3617 1480 3659 nnn
1509 3598 1596 3660 modo

252 3690 282 3744 in
304 3687 404 3745 animo
426 3685 552 3746 bominis
575 3688 731 3746 nescientis
754 3695 813 3760 est,
836 3686 887 3746 scd
910 3687 999 3745 etiam
1021 3687 1051 3743 in
1066 3703 1185 3763 corpore
1200 3685 1316 3762 Terrae,
1340 3691 1386 3750 cui
1402 3688 1440 3747 ob
1457 3687 1485 3746 id
1501 3689 1597 3764 ipsum

252 3775 354 3834 anima
374 3772 518 3849 quaedam
539 3775 688 3847 tribuitur,
718 3791 793 3849 quae
815 3790 918 3834 sensus
940 3789 1009 3833 euos
1037 3776 1066 3831 in
1089 3791 1182 3850 aquas
1205 3782 1235 3834 et
1256 3778 1353 3834 airum
1375 3778 1488 3837 emittit.
1533 3775 1597 3835 De·

252 3861 320 3922 iude
351 3860 522 3922 barmoniae
547 3860 620 3920 libro
643 3861 699 3927 111.
728 3868 759 3922 et
779 3861 833 3921 IV.
861 3867 1011 3937 spectatae
1038 3864 1080 3920 ita
1109 3861 1257 3937 differunt,
1289 3861 1367 3938 quod
1393 3866 1423 3921 in
1452 3862 1510 3922 illis
1538 3877 1597 3921 non
1652 3913 1655 3926 .

251 3947 432 4009 traducendo
454 3966 506 4025 per
528 3948 637 4022 media,
667 3946 719 4008 eed
741 3965 794 4024 per
814 3948 907 4007 saltus
930 3950 1015 4024 qnasi
1042 3949 1080 4007 ab
1111 3948 1169 4009 alio
1199 3965 1272 4009 eono
1295 3966 1423 4010 consono
1445 3949 1484 4010 ad
1506 3950 1597 4009 alium

252 4037 597 4097 consounmacutiorem
619 4044 671 4095 ant
692 4036 865 4112 graviorem,
888 4035 1151 4112 neglectismediis
1167 4044 1211 4096 est
1226 4038 1375 4112 bannitus,
1398 4040 1428 4097 in
1442 4038 1488 4098 his
1502 4037 1599 4098 media

253 4127 354 4185 omnia
374 4130 587 4200 percurruntur,
610 4122 704 4183 donec
725 4139 820 4183 norae
843 4124 915 4182 fiunt
938 4122 1180 4199 configurationes
1202 4123 1400 4200 harmonicae,
1424 4127 1466 4186 ita
1488 4134 1598 4185 utnon

253 4228 312 4272 uno
334 4219 493 4286 momento,
516 4209 569 4271 eed
589 4213 789 4271 minutissimis
811 4213 950 4288 temporis
972 4210 1132 4271 intervallis
1155 4210 1325 4273 efficiantur.
1370 4211 1455 4273 Hanc
1479 4214 1516 4272 ob
1539 4230 1598 4272 rem

252 4317 311 4360 non
333 4316 387 4376 per
408 4305 556 4359 momenta
576 4300 636 4358 rim
653 4299 796 4373 exserunt,
820 4298 872 4358 sed
889 4297 959 4357 dnm
978 4301 1117 4373 oriuntur,
1141 4306 1170 4359 et
1191 4299 1315 4359 simulac
1338 4307 1417 4361 ortae
1439 4309 1515 4375 eunt,
1539 4302 1598 4359 vim

253 4403 387 4447 exserere
403 4384 555 4461 desinunt,
579 4389 713 4461 quamvis
736 4403 811 4462 quae
833 4392 995 4461 sequuntur
1015 4388 1160 4447 actionem
1182 4386 1291 4446 diutine
1306 4397 1452 4449 maneant
1483 4386 1597 4447 Deinde

253 4482 323 4534 sunt
345 4474 516 4534 harmoniae
538 4472 605 4532 libri
625 4473 678 4537 IV.
700 4477 807 4534 mixtae
829 4475 1010 4550 incongruis,
1044 4491 1117 4549 quas
1144 4481 1248 4534 natura
1277 4475 1444 4537 sublunaris
1466 4475 1598 4552 negligit,

191 4579 193 4583 ⁴
255 4562 323 4621 dnm
346 4560 465 4622 auditus
487 4577 547 4621 non
569 4560 656 4622 vaide
679 4560 839 4621 delectatur
859 4561 1011 4621 harmonia
1025 4561 1159 4621 binarum
1180 4578 1294 4638 vocum,
1317 4564 1342 4623 ei
1366 4567 1494 4639 quinque
1521 4562 1597 4621 aliae

255 4648 441 4710 diesem
462 4650 637 4724 obstrepant.
668 4647 846 4709 Harmoniae
860 4649 889 4705 in
906 4648 1027 4707 vocibus
1042 4649 1161 4709 arbitrio
1184 4652 1397 4710 constituuntur
1419 4648 1599 4724 consilioque

256 4732 403 4812 menda,
425 4738 456 4794 in
477 4737 594 4812 angulis
609 4753 687 4810 vero,
711 4753 785 4813 quoe
799 4734 936 4812 planetae
952 4734 1108 4795 conficiunt
1123 4754 1142 4795 a
1156 4735 1246 4798 'l'eira
1269 4738 1408 4815 adspecti,
1432 4737 1599 4797 barmoniae

257 4824 420 4885 efficuntur
441 4823 522 4884 nulio
544 4832 664 4885 naturae
686 4823 851 4884 sublunaris
873 4821 1009 4897 consilio,
1041 4822 1093 4883 scd
1122 4841 1202 4885 mera
1229 4828 1402 4887 necessitate
1423 4825 1599 4901 geometrica

256 4920 399 4972 motuum.
1173 4909 1177 4921 '

361 4998 466 5074 capite
480 4996 518 5057 V.
535 5005 565 5057 ct
580 4997 631 5057 v1.
655 4997 897 5074 configurationes
921 4996 1092 5074 ,eihcacee“
1117 5008 1313 5060 numerantur.
1344 4997 1478 5059 conditio
1501 5008 1599 5060 autem

257 5085 439 5146 efficacitatis
460 5092 505 5144 eet
526 5103 609 5144 arcus
631 5085 730 5145 circuli
751 5084 879 5159 zodiaci,
910 5103 997 5162 quem
1024 5086 1161 5147 rescindit
1188 5088 1263 5147 latus
1285 5088 1393 5163 figurae
1422 5103 1481 5146 eeu,
1497 5086 1600 5148 stellae

258 5189 404 5250 congruae
427 5179 457 5232 et
476 5171 597 5247 scibilis,
620 5190 708 5248 quam
730 5173 767 5233 ob
790 5189 908 5232 caueam
931 5175 1067 5249 cognatio
1086 5175 1278 5235 radiationum
1302 5191 1366 5233 cum
1389 5173 1496 5233 chcuio
1519 5175 1603 5250 eius·¹

258 5278 313 5337 que
336 5260 463 5322 arcubus
485 5268 514 5320 et
537 5277 602 5320 cum
624 5260 724 5337 figuris
745 5259 927 5337 regularibus
949 5260 1042 5336 major
1065 5269 1117 5335 eet,
1141 5279 1228 5337 quam
1251 5268 1311 5321 erat
1333 5264 1598 5337 consonantiarum,

259 5356 286 5408 et
307 5347 376 5425 plus
399 5354 497 5426 potest
518 5346 557 5407 ad
575 5347 838 5424 ¹configuratinuum
861 5346 1062 5409 efficacitatem
1084 5352 1281 5425 cameratio
1298 5342 1479 5425 figurarum,
1511 5362 1599 5426 qnam

258 5436 408 5497 rabilitna
453 5436 599 5512 Aepectns
621 5436 780 5496 secundum
802 5435 1003 5496 efficacitatem
1034 5436 1159 5495 ordinati
1187 5435 1218 5493 hi
1247 5443 1328 5494 sunt:
1362 5431 1396 5517 1)
1425 5436 1599 5513 conjunctio

260 5531 288 5583 et
307 5523 466 5600 oppositio,
490 5517 526 5603 2)
550 5521 707 5598 quadratus
728 5520 864 5599 aspc'ctus
888 5518 993 5603 (900),
1018 5520 1053 5604 3)
1077 5525 1207 5600 trigonus
1222 5518 1344 5606 (120⁰),
1367 5524 1479 5584 sextilis
1500 5520 1598 5606 (600,

259 5608 444 5671 nmuextilie
471 5605 572 5691 (300),
605 5605 641 5691 4)
670 5610 800 5687 quintilis
847 5605 928 5691 u2⁰),
963 5609 1125 5686 hiquintilis
1153 5605 1273 5694 (1440),
1306 5612 1450 5686 quincunx
1477 5608 1598 5693 (150⁰,

262 5694 296 5779 b)
325 5697 427 5761 dcciiis
444 5693 553 5780 (060),
585 5697 723 5759 tridecilie
745 5693 866 5779 (1080,
899 5696 994 5759 octilis
1015 5692 1116 5781 (45⁰),
1149 5699 1283 5759 trioctiiis
1305 5694 1427 5783 (13n0).
1477 5699 1546 5759 liro.
1572 5704 1599 5759 1.
