3684 7259
295 1194 358 1256 m
705 1186 746 1241 De
765 1184 1028 1256 mmmmm
1043 1184 1222 1241 Hermoulcis.

296 1383 414 1428 sensum
436 1381 633 1437 communem,
662 1362 825 1423 conduntur
846 1380 897 1441 per
917 1365 1152 1436 memorativum,
1183 1374 1352 1444 promuntur
1381 1381 1431 1444 pse
1452 1368 1643 1427 rannemu-

296 1457 377 1527 tiem‚
399 1452 594 1529 diiudicentur
616 1468 668 1529 per
688 1453 865 1528 superiorem
888 1450 1074 1528 facultatem,
1097 1468 1173 1527 qnae
1188 1455 1286 1513 omnia
1299 1456 1360 1531 pati
1381 1452 1549 1531 inteiligitm
1563 1471 1644 1530 aqna

297 1559 354 1602 rron
378 1542 408 1599 in
430 1558 471 1612 ee,
495 1539 546 1600 sed
570 1542 598 1596 in
620 1540 682 1598 suis
703 1537 859 1615 speciebus
880 1538 1038 1597 sensilibus
1060 1545 1089 1597 at
1106 1539 1292 1600 mentalibus.
1335 1540 1420 1601 Turre
1441 1542 1530 1618 igitur
1551 1542 1589 1601 e‘

267 1642 271 1649 ‘
297 1646 432 1706 suprema
454 1626 578 1687 facultas
600 1627 724 1698 ammae,
748 1642 824 1701 quae
846 1641 966 1685 numero
990 1627 1314 1704 communionibusque
1337 1635 1466 1707 praeest,
1489 1645 1526 1688 ex
1548 1628 1579 1707 pl
1625 1660 1642 1674 ·

297 1717 352 1776 bue
373 1732 467 1776 aarum
490 1713 644 1793 speciebus
666 1711 841 1772 mentalibus
871 1728 959 1772 unam
981 1712 1037 1770 eibi
1061 1712 1184 1772 fabricat
1212 1714 1374 1791 formatque
1396 1714 1570 1794 celedonis,
1591 1732 1642 1776 or·

297 1803 373 1865 diuis
396 1802 681 1880 comparationisque
704 1801 831 1877 speciem
851 1815 958 1875 resque
979 1798 1050 1860 ioris
1065 1802 1222 1864 existentes
1240 1803 1315 1862 inter
1328 1821 1362 1863 se
1377 1807 1543 1880 comparata
1564 1819 1642 1879 quas
1738 1824 1741 1830 ·

297 1892 487 1969 comparatio,
510 1897 544 1949 ut
564 1905 653 1965 snpra
675 1886 852 1961 dicebamus,
876 1904 942 1945 cnm
959 1886 1010 1946 liat
1030 1902 1118 1963 anper
1130 1887 1217 1949 rebus
1232 1890 1305 1967 ipsis
1318 1892 1524 1968 siueipsernm
1543 1906 1642 1969 opera,

297 1972 1493 2139 nituti²ii¹¹tindtntittiizndltiiiddniiii
1506 1976 1643 2142 inff-

296 2153 384 2214 bitur.
429 2148 554 2210 Omnino
577 2150 695 2226 quidem
717 2155 788 2227 apta
809 2147 986 2222 similitudo;
1015 2149 1191 2210 sicutenim
1218 2152 1287 2210 talis
1309 2150 1433 2228 aliquis,
1464 2153 1520 2211 etsi
1542 2168 1643 2212 senen

298 2242 361 2322 ipse
383 2248 452 2299 tunc
474 2238 543 2297 mali
567 2236 639 2295 nihil
662 2238 750 2296 sentit
771 2234 905 2311 adeoque
928 2233 1000 2293 nibil
1021 2232 1143 2313 patitui,
1166 2243 1263 2297 umen
1285 2238 1376 2317 paulo
1398 2246 1465 2317 post
1487 2240 1547 2299 rien
1569 2239 1642 2316 eius,
1686 2276 1692 2284 x

298 2327 376 2404 quod
400 2343 505 2404 pessus
527 2335 580 2397 est,
603 2341 634 2383 re
657 2326 722 2401 ipsa
742 2325 901 2401 experitur,
930 2324 973 2382 sic
994 2324 1082 2382 etism
1106 2339 1193 2384 roem
1215 2333 1246 2384 ct
1267 2325 1407 2402 quicquid
1429 2327 1547 2386 omnino
1570 2325 1642 2386 con·

297 2415 450 2492 gruendae
472 2396 618 2492 perbcep'e
640 2418 700 2484 cet,
733 2416 820 2488 prout
841 2412 931 2469 menti
953 2408 1116 2487 placuerint
1137 2413 1167 2469 in
1189 2410 1246 2471 bac
1268 2415 1500 2490 comparatione,
1530 2430 1583 2492 pro
1605 2431 1642 2474 eo
1706 2411 1708 2415 '

299 2501 347 2563 rel
368 2502 573 2561 continuantur
596 2499 642 2558 vei
665 2504 857 2576 respuuntur,
887 2497 1052 2572 fugiuntur,
1075 2496 1279 2573 probibentur,
1309 2499 1519 2580 impediantur,
1542 2502 1643 2579 oppri-

297 2596 426 2659 muntur,
463 2587 609 2647 liniuntur.
656 2584 716 2644 Etsi
744 2585 806 2660 iam
836 2601 894 2643 uon
921 2582 978 2644 hoc
1008 2585 1131 2645 eventus
1148 2590 1365 2663 ‘consequentis
1390 2596 1525 2666 respectu
1551 2604 1643 2656 sonos

272 2677 359 2757 ‚pati
383 2674 464 2743 dico,
496 2673 549 2734 scd
571 2673 622 2733 iilo
644 2676 708 2749 ipso
731 2680 813 2743 actu,
843 2689 908 2731 cum
933 2687 984 2731 sos
1012 2673 1087 2731 inter
1108 2689 1140 2731 se
1170 2690 1252 2734 mens
1279 2684 1445 2753 comperet,
1476 2674 1643 2752 auidosque

297 2761 488 2846 perlongum
512 2761 682 2838 explicasse,
705 2777 764 2836 qno
786 2758 1007 2835 significationis
1029 2760 1212 2834 aequivocae
1231 2762 1326 2838 gradu
1347 2763 1423 2823 banc
1444 2764 1641 2841 comparatio·

250 2913 252 2917 ,
297 2864 365 2913 παπ
386 2849 540 2911 mentalem
564 2851 728 2923 passionem
751 2846 855 2905 dicam.
899 2844 957 2905 Sed
982 2862 1040 2904 non
1062 2844 1170 2907 nuans
1190 2847 1321 2925 prolixus
1342 2849 1384 2909 lui
1408 2852 1437 2907 in
1457 2849 1643 2916 recensendis

298 2937 344 2998 bb
365 2935 642 3014 significationibns3
672 2934 728 2998 bac
749 2935 826 2994 enim
848 2948 938 3010 opere
962 2933 1025 3008 jam
1046 2950 1133 3009 porro
1162 2934 1280 2997 mirifice
1308 2931 1515 3015 adjuvabimur
1536 2938 1566 2996 in
1588 2955 1644 3014 eg·

298 3024 447 3086 noscenda
465 3033 574 3106 ⁸natura
596 3021 743 3082 facultatis
766 3020 961 3092 harmonicae,
985 3027 1015 3079 at
1037 3019 1210 3098 complenda
1234 3021 1291 3084 baa
1311 3032 1393 3101 perte
1415 3024 1644 3103 metaphysicae,

301 3130 389 3189 quarn
414 3109 586 3170 Aristoteles
609 3127 645 3170 ne
667 3125 719 3185 per
741 3118 927 3168 transennam
950 3106 1070 3183 quidem
1093 3106 1236 3185 adspexit

386 3199 428 3258 ilr
452 3199 531 3257 bisce
554 3214 671 3274 qnoque
694 3196 803 3256 clarum
825 3204 871 3255 est
893 3193 933 3267 id,
955 3194 1036 3271 quod
1057 3203 1144 3255 antea
1162 3196 1388 3277 contendebam,
1411 3214 1452 3260 ec.
1471 3192 1551 3275 quod
1573 3197 1645 3259 bar·

299 3288 415 3348 maniae
436 3285 551 3348 sensilia
574 3287 669 3362 ipsam
690 3282 819 3356 formale,
842 3298 903 3359 qna
916 3282 1079 3361 trumonis,
1101 3282 1215 3343 accidet
1228 3282 1393 3359 sensilibus,
1415 3287 1551 3348 nimirum
1567 3287 1644 3346 sicut

299 3373 410 3437 eisdem
431 3372 546 3445 aeddit,
569 3371 661 3433 videri
684 3379 714 3430 ct
735 3368 829 3430 audiri
851 3376 905 3429 etc
951 3368 1038 3429 Patet
1058 3370 1197 3443 seeundo,
1220 3371 1388 3431 barmoniae
1410 3373 1498 3433 ctiam
1519 3374 1645 3435 sensiles

300 3479 364 3524 esse
386 3477 446 3532 ree,
477 3460 515 3520 ab
538 3461 608 3536 ipsis
631 3455 846 3535 quodammodo
868 3456 956 3540 rebus
978 3455 1156 3530 mansues,
1186 3466 1331 3534 quatenns
1352 3461 1486 3519 nimirum
1516 3477 1574 3520 non
1598 3477 1645 3521 ree

202 3565 205 3569 “
300 3551 381 3626 ipsae
410 3548 497 3621 ioris,
528 3545 588 3607 aed.
608 3546 720 3623 species
748 3557 842 3604 rernm
871 3560 924 3620 per
949 3560 1053 3602 sensns
1082 3546 1228 3621 ingressae
1257 3545 1353 3623 adque
1376 3547 1502 3607 tribunal
1529 3550 1644 3609 animae
1723 3563 1727 3572 “

300 3634 458 3714 perductae
481 3634 553 3693 tinnt
575 3633 689 3711 termini
711 3632 906 3708 proportionie
936 3630 1122 3691 harmonicae
1144 3623 1269 3714 sensilis.
1315 3634 1355 3692 At
1383 3636 1512 3696 vicissim
1535 3634 1644 3714 duplici

300 3724 416 3784 nomme
439 3722 608 3781 barmoniae
630 3722 704 3780 istac
727 3725 794 3777 sunt
807 3716 903 3778 adbuc
917 3724 1084 3780 concretae:
1108 3720 1241 3796 primunr,
1264 3722 1462 3797 qniaspeciea
1477 3721 1532 3782 bae
1550 3740 1646 3783 rerum

300 3808 449 3871 sensilium
471 3826 529 3868 non
550 3815 620 3869 snnt
642 3822 740 3867 earnm
763 3804 859 3865 nudae
881 3807 1055 3881 quantitatis
1078 3808 1199 3883 species,
1223 3806 1379 3869 sedetiam
1402 3809 1553 3885 qualitatis
1575 3827 1657 3871 sen·⁴

300 3896 378 3971 silis,
407 3904 479 3973 puta
501 3899 566 3956 soni
589 3895 635 3955 rel
659 3895 733 3953 lucis
756 3900 829 3967 etc.;
858 3891 963 3953 deinde
984 3894 1055 3969 qnia
1075 3896 1189 3971 specics
1211 3895 1267 3956 bae
1289 3894 1426 3970 sensiles,
1446 3905 1490 3971 ¹ut
1511 3896 1645 3973 aenedas,

300 3975 379 4048 intus
402 3986 430 4041 in
454 3986 551 4043 animo
574 3988 723 4059 nequeunt
744 3980 887 4051 relucere,
916 3980 972 4038 nisi
996 3995 1042 4039 res
1065 3981 1162 4057 ipsae,
1192 3999 1315 4059 querum
1338 3981 1407 4043 iliae
1429 3990 1497 4059 sunt
1519 3986 1645 4063 speciae,

160 4077 168 4086 '
299 4074 370 4132 ineis
392 4073 480 4132 etiam
502 4079 619 4147 praesto
649 4070 707 4129 sint
728 4076 758 4128 et
780 4076 926 4129 maneant.
970 4067 1045 4127 Nam
1074 4070 1111 4127 iis
1138 4061 1248 4130 ablatis
1275 4069 1414 4131 desinunt
1434 4073 1522 4132 etiem
1544 4089 1645 4134 earnm

300 4161 414 4237 speciae
436 4161 528 4232 intus,
557 4156 631 4217 lncis
654 4153 785 4233 quidem,
815 4153 911 4230 quoad
934 4170 1017 4215 snam
1041 4153 1248 4237 radiationem,
1277 4158 1306 4217 in
1329 4159 1394 4234 ipso
1417 4161 1550 4233 instanti,
1579 4161 1646 4220 soni

302 4263 372 4308 vero
393 4248 470 4305 intre
491 4246 694 4307 brevissimum
717 4243 855 4319 temporis
878 4250 1066 4304 momentum.
1111 4242 1297 4322 Relinquitur
1318 4244 1435 4322 quidem
1457 4248 1648 4308 incensoriis

300 4334 499 4394 instrumentis
529 4332 629 4409 aliqua
652 4332 818 4408 impressio,
848 4339 879 4388 nt
903 4331 933 4388 in
955 4328 1040 4389 oculo
1064 4328 1151 4402 lucis,
1181 4332 1234 4391 sed
1261 4330 1313 4391 illa
1334 4349 1393 4395 uon
1415 4341 1462 4394 est
1490 4336 1531 4393 rei
1555 4334 1647 4395 sorin-

301 4437 395 4504 eecee,
420 4420 471 4481 sed
493 4422 593 4495 potins
615 4419 723 4496 speciei
746 4417 858 4493 species
880 4416 973 4476 altera
995 4418 1024 4475 iu
1048 4434 1151 4494 corpns
1174 4420 1326 4497 impressa,
1346 4420 1409 4495 jam
1431 4422 1559 4499 corporis
1580 4438 1647 4483 tuo·

301 4517 456 4570 menmuea
478 4507 605 4582 qualitas
621 4508 707 4580 iacta,
730 4503 976 4581 quemadmodum
999 4505 1028 4562 in
1052 4506 1156 4581 opticis
1178 4505 1290 4567 colores
1313 4507 1376 4567 lnce
1391 4507 1470 4568 Solis
1491 4525 1565 4585 pura
1587 4511 1646 4569 mi·

300 4596 436 4671 nimeque
459 4594 589 4655 colorata
611 4596 670 4652 rim
692 4592 859 4668 concipiunt
880 4589 1012 4651 radiandi
1035 4608 1270 4669 quaquaversum
1286 4593 1424 4656 colorata.
1469 4595 1507 4654 Et
1520 4594 1578 4657 boc
1592 4604 1646 4673 est,

301 4681 381 4759 quod
403 4684 487 4742 initio
510 4698 628 4758 qnoque
651 4679 907 4750 contendebamus,
930 4685 1064 4755 oportere
1078 4683 1214 4740 terminos
1229 4680 1350 4741 sensiles
1372 4689 1402 4741 et
1415 4683 1543 4743 animem
1558 4701 1647 4761 prae·

301 4761 398 4833 mutes
427 4786 492 4830 esse
514 4777 689 4843 mutuasque
712 4766 825 4827 uadcrc
847 4782 967 4842 operas,
1000 4766 1131 4845 mendo,
1161 4768 1315 4844 patiendo,
1345 4767 1413 4829 illos
1437 4787 1478 4831 se.
1500 4770 1647 4837 morando

302 4874 423 4933 senms,
446 4857 521 4916 banc
543 4854 757 4933 comparando,
781 4862 813 4925 ni
836 4855 1029 4915 constituatur
1050 4857 1176 4914 amentia
1198 4855 1367 4916 hrrrmnniae
1389 4857 1514 4918 sensilia
1577 4916 1582 4922 ,

223 4939 227 4944 ’
389 4942 518 5021 Objiciat
539 4943 587 5003 bic
609 4943 728 5020 aliquis,
762 4944 888 5000 animam
910 4940 1107 5018 comparando
1130 4958 1187 5001 non
1211 4944 1322 5017 lacere,
1350 4943 1404 5005 ssd
1425 4946 1555 5005 invenire
1576 4944 1646 5007 ido-

301 5049 387 5094 neam
409 5033 641 5108 proportionem,
674 5027 753 5106 quod
776 5037 910 5105 quartum
933 5045 1021 5106 snpra
1043 5037 1074 5089 et
1095 5028 1216 5095 iomrale
1245 5033 1419 5109 principium
1444 5040 1506 5091 crat
1527 5032 1648 5094 bermo·

171 5163 177 5174 ,
300 5122 367 5181 uiae
394 5118 525 5179 sensilis:
563 5135 631 5193 ergo
663 5116 754 5178 rideri
784 5118 909 5176 animam
940 5117 1045 5176 abesae
1075 5133 1161 5192 posse
1198 5126 1283 5178 satra
1312 5120 1441 5179 amatia
1465 5118 1647 5183 barmoniae.

300 5206 476 5283 Respondes
498 5224 549 5284 per
571 5206 778 5265 inversionem:
802 5202 937 5264 idoneam
959 5204 1089 5263 invenire
1119 5205 1147 5264 in
1169 5206 1327 5266 sensilibus
1347 5207 1579 5283 proportionem,
1602 5216 1648 5270 est

300 5294 436 5371 detegere
459 5303 488 5354 ct
510 5308 668 5369 agnoscere
691 5299 721 5352 et
742 5293 771 5350 in
793 5290 887 5352 lucem
909 5291 1037 5368 prolerre
1058 5291 1278 5353 similitudinem
1300 5292 1378 5352 iilius
1398 5296 1592 5372 proportionis
1615 5299 1646 5356 iu

301 5380 458 5446 mnsdiinn
481 5397 547 5441 cum
570 5388 648 5439 certo
671 5378 770 5455 aliquo
794 5380 961 5438 verimimae
983 5378 1153 5441 harmoniae
1175 5380 1350 5458 archetypo,
1373 5382 1424 5457 qni
1446 5383 1525 5443 intus
1548 5389 1594 5444 est
1615 5384 1646 5444 ia

283 5471 408 5531 «anima.
459 5465 710 5545 Quemadmodum
739 5468 827 5544 igitur
856 5464 968 5544 Atheni·
1058 5512 1064 5552 :
1082 5468 1218 5528 virtutem
1248 5467 1379 5544 aliquam
1413 5468 1586 5536 lnrenernnt
1614 5469 1644 5529 in

301 5557 427 5631 Zenone,
451 5554 589 5633 Prytanei
619 5555 665 5612 sni
693 5553 743 5630 jus
770 5555 800 5611 in
822 5569 858 5613 eo
887 5563 965 5614 non
1056 5561 1154 5627 erunt,
1186 5555 1238 5615 sed
1267 5554 1310 5614 illi
1333 5554 1534 5630 contuleruut,
1564 5557 1645 5634 quod

301 5643 382 5707 Zauo
403 5645 467 5705 sine
490 5640 880 5719 Atheniensibus-consequi
899 5481 1083 5723 nona

1083 5647 1110 5746 ¹?
1133 5641 1177 5703 sic
1198 5643 1296 5707 anima
1319 5641 1449 5707 ordinatu
1468 5650 1500 5707 et
1520 5660 1645 5723 propat·
