3684 7259
809 1198 958 1256 Ptolemaei
976 1198 1133 1254 Harmonia

839 1506 981 1577 CAPUT
1010 1494 1100 1576 vill

328 1648 471 1732 nodo
489 1651 726 1706 mutationes
718 1669 751 1705 ιιι
770 1653 1087 1721 contemperatione
1105 1652 1314 1707 harmonica·
1326 1658 1565 1721 comparentur
1582 1666 1650 1705 cum

340 1745 342 1750 '
584 1739 830 1808 dispositionis
855 1742 1040 1795 animorum
1064 1739 1361 1794 mutationibus.11l

335 1957 361 1986 ..
336 1843 438 1960 :hild
459 1899 583 1961 eundem
606 1918 698 1977 prope
721 1904 840 1962 modum
863 1911 893 1962 et
915 1905 1094 1961 mutationes
1118 1900 1154 1960 de
1177 1908 1247 1959 tono
1270 1903 1299 1957 in
1323 1910 1423 1960 tonum
1452 1902 1482 1957 in
1505 1905 1651 2003 systema-

339 1985 341 1992 '
399 1985 536 2049 sanfam
564 2005 720 2064 possumus
751 2008 816 2050 cum
840 1992 1052 2049 mutationibus
1076 1989 1302 2066 dispositionum
1330 1991 1506 2060 animorum,
1539 1990 1568 2044 in
1592 1990 1661 2044 vita.

367 2069 374 2078 ’
472 2074 751 2150 occurrentium111).
797 2079 871 2137 Nam
895 2081 971 2137 sicut
986 2079 1035 2152 ibi,
1059 2079 1183 2135 servatis
1199 2076 1302 2135 iisdem
1317 2078 1482 2178 generibus,
1505 2074 1539 2133 fit
1554 2073 1653 2149 aliqua

325 2163 443 2224 emm
471 2165 663 2240 permutatio,
695 2181 730 2223 eo
753 2165 832 2241 quod
862 2166 934 2240 ioci,
967 2182 1018 2242 per
1042 2181 1116 2240 quos
1146 2163 1314 2223 adsciscunt
1344 2166 1403 2232 vini
1433 2172 1462 2222 et
1493 2162 1652 2222 efficaciam

187 2266 193 2284 ¹
304 2265 397 2323 mam,
421 2250 529 2308 diversi
551 2252 610 2308 siut
640 2261 669 2310 et
691 2254 766 2312 serie
789 2253 917 2330 quadam
939 2252 1112 2312 succedente
1136 2258 1290 2312 consuetas
1319 2254 1476 2330 sortiantur
1504 2257 1654 2326 permuta-

304 2339 399 2397 tiones
409 2333 468 2417 Ν),
492 2339 535 2397 sic
557 2342 644 2397 ctiam
668 2340 697 2397 in
721 2342 939 2412 mutationibus,
967 2358 1041 2416 quas
1064 2341 1125 2399 vita
1148 2342 1309 2399 communis
1331 2340 1423 2411 affert,
1447 2337 1663 2414 dispositiones

306 2428 469 2485 animorum
492 2427 589 2501 specie
613 2425 717 2485 eadem
738 2428 893 2488 flectuntur
914 2445 969 2487 seu
992 2436 1200 2493 conuertuntur
1215 2424 1433 2502 quodammodo
1455 2423 1655 2501 indissimiles

306 2511 470 2574 studiorum
498 2513 626 2572 rationes
649 2514 837 2592 eroduntque
867 2534 926 2575 uua
956 2532 1022 2574 curn
1054 2516 1153 2573 formis
1185 2522 1280 2573 status
1311 2507 1420 2591 publici
1444 2509 1564 2594 (quales
1588 2510 1655 2568 illae

307 2602 436 2661 existunt
458 2599 663 2676 persingulas
685 2610 846 2680 temporum
870 2605 1040 2663 occasiones
1072 2602 1110 2660 ad
1135 2603 1361 2677 compositiones
1389 2602 1445 2659 sibi
1475 2601 1656 2658 convenien-

308 2682 432 2767 tiores);
456 2686 543 2762 quale
567 2687 636 2762 quid
660 2697 690 2747 et
712 2691 740 2747 in
765 2690 880 2767 legibus
902 2690 1028 2749 ferendis
1051 2706 1106 2747 usu
1127 2691 1223 2764 venit,
1253 2689 1321 2747 dnm
1344 2706 1433 2765 saepe
1456 2687 1536 2762 leges
1560 2695 1657 2744 trans·

309 2775 471 2834 formantur
500 2777 529 2832 in
558 2775 646 2833 talem
671 2776 746 2852 Juris
770 2778 1069 2849 administrationem,
1101 2793 1177 2853 quae
1199 2775 1239 2836 sit
1266 2774 1487 2835 accommodata
1509 2774 1657 2851 praesenti

309 2860 471 2922 conditioni
500 2869 672 2937 temporum.
719 2863 765 2923 ita
794 2883 860 2925 curn
890 2865 1013 2943 pacifica
1041 2871 1108 2922 sunt
1139 2871 1287 2940 tempora,
1321 2865 1428 2923 ci‘vium
1452 2863 1541 2920 animi
1563 2862 1658 2938 magis

310 2949 349 3009 ad
372 2952 500 3024 quietern
523 2956 552 3008 et
573 2954 751 3025 aequitatem
775 2952 958 3030 imbuantur,
983 2970 1048 3011 cum
1071 2968 1142 3010 vero
1165 2950 1281 3026 bellica,
1306 2969 1332 3009 e
1343 2953 1487 3009 contrario
1510 2948 1548 3009 ad
1564 2947 1659 3006 auda·

289 3038 398 3096 -olanr
410 3044 439 3095 et
462 3027 649 3095 contemtum.
694 3038 821 3099 Rursum
844 3043 964 3119 penuria
987 3039 1106 3116 publica
1129 3046 1158 3097 et
1180 3057 1275 3097 rerum
1297 3040 1527 3098 necessariarum
1552 3039 1659 3095 caritas

312 3125 534 3199 temperantiam
558 3133 587 3184 et
609 3124 817 3201 humilitatem,
849 3128 1007 3187 earundem
1031 3143 1099 3186 vero
1133 3126 1229 3186 vilitas
1260 3136 1290 3186 et
1312 3126 1493 3196 abundantia
1523 3124 1660 3183 ferociam

313 3220 343 3271 st
365 3211 441 3269 altos
471 3212 589 3288 spiritus
617 3212 714 3285 affert,
747 3225 777 3275 et
803 3218 845 3275 sic
873 3218 962 3275 etiam
992 3214 1028 3274 da
1059 3215 1162 3274 ceteris
1190 3231 1242 3290 pro
1264 3232 1294 3272 re
1317 3222 1387 3273 nata
1417 3213 1474 3270 dici
1506 3206 1659 3288 possetl').

278 3322 281 3327 ·
313 3298 361 3358 Ad
384 3297 509 3359 cundem
531 3300 620 3376 igitur
642 3301 761 3360 modum
784 3312 813 3364 et
836 3306 864 3360 in
887 3303 1099 3362 mutationibus
1122 3300 1289 3360 harmoniae
1313 3309 1415 3360 cautus
1437 3299 1513 3360 idem
1536 3301 1567 3355 in
1590 3314 1661 3355 acu-

314 3386 437 3446 tioribus
467 3385 585 3462 quidem
614 3391 690 3446 tonis
720 3389 815 3449 induit
842 3397 976 3449 naturam
1006 3391 1099 3464 magis
1123 3391 1293 3461 excitatam,
1325 3391 1354 3445 in
1377 3388 1561 3463 gravioribus
1592 3401 1662 3443 cou—
1721 3400 1723 3403 ’

315 3475 477 3545 tinentiam,
501 3475 726 3535 submissionem
756 3486 785 3536 et
808 3478 980 3537 modestiam
1004 3479 1103 3554 spirat.
1148 3475 1223 3534 Nam
1252 3485 1280 3535 et
1305 3478 1443 3532 insonis
1467 3491 1526 3550 quo
1551 3474 1663 3531 acutior
1694 3548 1696 3556 Ι

316 3560 450 3637 quilibet,
472 3560 530 3620 hoc
552 3564 698 3635 intensior,
723 3582 781 3639 quo
804 3569 936 3642 gravior,
961 3565 1016 3624 boc
1039 3565 1186 3621 remissior
1208 3560 1313 3641 estw).
1358 3562 1463 3635 Merito
1491 3562 1592 3636 itaque
1616 3558 1663 3618 vel

316 3648 365 3707 hic
387 3649 475 3707 etiam
498 3651 560 3707 toni
582 3651 744 3710 intermedii
769 3660 798 3711 et
821 3655 869 3729 qui
894 3651 1007 3711 dorium
1031 3654 1219 3711 circumstant
1244 3651 1489 3726 comparabuntur
1512 3665 1578 3707 cum
1594 3665 1664 3721 me·

319 3734 465 3795 diocribus
481 3743 519 3815 ¹et
541 3737 615 3796 bene
638 3741 807 3816 compositis
829 3739 909 3801 vitae
932 3730 1070 3812 moribus,
1095 3741 1239 3797 acutiores
1264 3756 1332 3797 vero
1365 3746 1393 3796 et
1414 3738 1466 3814 qui
1499 3737 1568 3793 suut
1591 3736 1666 3793 circa

244 3822 249 3830 '
318 3821 528 3900 mixolydium,
557 3841 622 3883 cum
644 3826 845 3901 inquietudine
869 3837 899 3887 et
921 3827 1045 3888 audacia
1067 3825 1201 3903 publica,
1233 3829 1382 3903 graviores
1406 3824 1531 3899 denique
1555 3830 1594 3882 'et
1616 3822 1666 3898 qui

320 3917 389 3970 sunt
410 3912 487 3970 circa
508 3910 711 3990 hypodorium,
735 3930 801 3975 cum
823 3915 944 3992 ignavia
967 3925 996 3975 et
1018 3913 1153 3977 socordia
1176 3915 1253 3973 vitae
1277 3913 1312 3972 de
1335 3908 1514 3989 generem).

408 3997 491 4057 Adeo
515 4002 602 4062 etiam
625 4017 691 4060 cum
713 4004 784 4080 ipsis
807 4001 952 4062 melodias
974 4002 1163 4063 facultatibus
1189 4009 1219 4060 et
1241 4000 1372 4060 efficacia
1401 3998 1616 4075 compatiuntur
1639 4003 1667 4055 et

321 4086 411 4145 animi
426 4088 517 4152 nostri
533 4104 548 4145 e
565 4090 698 4164 vestigio,
723 4093 830 4167 quippe
853 4092 902 4166 qui
920 4098 950 4149 et
965 4092 1168 4167 cognationem
1190 4103 1256 4148 curn
1277 4088 1515 4165 proportionibus
1535 4085 1668 4163 propriae

246 4236 249 4243 ,
322 4174 520 4249 suiipsorum
543 4174 1031 4254 conformationisrecognoscunt,
1061 4185 1090 4236 et
1111 4174 1352 4236 transformantur
1382 4178 1410 4232 iu
1438 4181 1532 4233 certos
1561 4181 1666 4244 motus,

322 4258 531 4337 respondentes
555 4264 625 4339 ipsis
647 4264 837 4324 melodiarum
861 4266 1101 4342 proprietatibus3
1132 4259 1364 4342 ut1quandoque
1388 4262 1425 4320 ad
1448 4261 1618 4337 voluptates
1641 4265 1668 4317 et

323 4346 687 4425 luxuriam-instigentur,
720 4369 833 4411 rursum
864 4353 901 4411 ad
935 4345 1227 4414 commiserationem
1252 4358 1285 4412 et
1311 4351 1457 4408 tristitiam
1488 4355 1668 4417 revocentur,

324 4451 402 4493 nunc
425 4434 516 4494 veluti
539 4437 723 4497 obvalleutur
746 4448 775 4498 et
797 4443 826 4498 iu
849 4457 982 4517 soporem
1008 4441 1126 4512 deutur,
1157 4449 1234 4497 urruc
1254 4445 1409 4514 erumpant
1436 4444 1465 4495 ct
1487 4437 1668 4495 exsusciten-

324 4530 381 4594 tur,
405 4520 479 4581 silas
502 4539 571 4582 vero
594 4524 632 4582 ad
654 4528 727 4585 iram
749 4536 844 4587 oestro
868 4530 971 4605 perciti
994 4536 1023 4587 et
1046 4528 1152 4586 divinis
1175 4527 1319 4585 furoribus
1342 4527 1453 4598 invaslq
1476 4521 1544 4581 dnm
1570 4530 1670 4581 cantus

326 4610 401 4669 alias
424 4608 508 4668 allter
530 4618 707 4671 transmutat
726 4618 946 4692 animorumque
976 4615 1059 4674 velut
1080 4632 1184 4689 agmen
1214 4612 1312 4672 educit
1342 4612 1515 4686 ordinatque
1545 4608 1671 4686 disposi-

327 4697 456 4756 tionibus
480 4699 525 4771 iis,
550 4716 625 4775 quae
648 4699 836 4762 similitudine
852 4706 1070 4781 proportionum
1086 4700 1242 4763 earundem
1266 4694 1485 4776 coustaan111).
1530 4697 1671 4756 Existimo

243 4785 251 4796 '
328 4793 427 4845 autem
450 4784 508 4844 huc
532 4794 561 4845 et
582 4786 783 4866 Pythagoram
805 4795 976 4868 respexisse,
1001 4790 1069 4850 dum
1088 4790 1174 4865 jubet
1190 4806 1255 4848 cum
1271 4804 1375 4847 aurora
1393 4792 1553 4859 surgentes,
1577 4786 1673 4861 prius·

329 4890 418 4951 quam
441 4874 536 4951 operis
559 4874 671 4951 aliquid
694 4877 912 4953 aggrediamur,
944 4881 1055 4937 musica
1078 4880 1119 4935 uti
1143 4884 1289 4951 cantuque
1318 4876 1380 4933 miti
1403 4882 1432 4932 et
1455 4874 1556 4944 suavi,
1578 4879 1628 4943 ut,
1651 4872 1674 4927 si

329 4978 406 5038 quac
429 4961 458 5017 in
481 4962 585 5021 animis
609 4967 855 5025 exsuscitantibns
878 4985 894 5026 e
917 4982 1020 5024 somno
1043 4964 1160 5024 residua
1182 4964 1320 5022 manserit
1334 4960 1521 5038 turbulentia,
1544 4959 1675 5037 eaprius

296 5058 300 5065 '
330 5050 527 5108 insincerum
550 5050 680 5111 ordinem
711 5061 741 5112 et
761 5054 1003 5130 tranquillitatem
1032 5052 1182 5124 traducta,
1216 5051 1290 5110 bena
1313 5049 1520 5124 contemperati
1552 5052 1582 5105 et
1605 5063 1675 5104 cou-

244 5163 247 5179 ·
330 5137 396 5197 soni
418 5135 511 5195 veluti
535 5138 696 5198 efficiantur
719 5140 755 5200 ad
775 5141 927 5200 diuturnas
949 5143 1088 5200 actiones.
1135 5137 1247 5215 Opinor
1268 5144 1366 5197 autam
1390 5137 1478 5195 etiam
1499 5134 1575 5206 hoc,
1598 5130 1675 5208 quod

331 5224 403 5282 deos
432 5240 496 5284 curn
520 5228 632 5286 musica
653 5230 825 5288 invocamus
853 5238 883 5288 et
905 5237 1009 5303 mutu,
1041 5246 1080 5287 sc.
1104 5226 1277 5304 hymnorum
1300 5224 1415 5303 (organi
1448 5221 1555 5299 genus)
1588 5228 1617 5280 et
1638 5222 1676 5277 ti·

333 5316 445 5375 biarum
467 5324 496 5373 et
519 5314 728 5391 triangulorum
754 5317 980 5395 Aegyptiorum,
1004 5318 1076 5375 satis
1099 5314 1241 5387 iudicare,
1268 5310 1348 5389 qnod
1371 5325 1590 5388 praesumamus
1614 5309 1677 5366 aui-

333 5406 401 5479 mis,
425 5407 505 5483 ipsos
530 5422 595 5464 cum
619 5404 679 5464 miti
704 5413 732 5465 et
755 5406 901 5465 benevola
922 5402 1146 5464 mansuetudine
1168 5419 1268 5481 preces
1291 5410 1405 5458 nostras
1428 5403 1609 5473 accepturos.

420 5515 530 5569 Notal.
566 5516 626 5569 Duo
646 5520 710 5569 sunt
727 5513 823 5583 capitis
842 5516 970 5583 membra,
989 5513 1079 5583 specie
1097 5514 1168 5566 iuter
1186 5526 1215 5565 se
1234 5515 1374 5578 cognata,
1370 5523 1411 5561 re
1429 5506 1488 5575 ipsa
1506 5513 1533 5559 et
1551 5510 1688 5581 respectu*

334 5598 503 5654 harmonices
521 5596 666 5666 plurimum
683 5596 743 5652 ab
735 5594 849 5649 invicem
868 5594 989 5650 diremta
1023 5594 1102 5647 Prior
1120 5592 1189 5646 enim
1202 5606 1264 5660 pars
1277 5588 1343 5643 nihil
1362 5586 1433 5641 ultra
1444 5584 1597 5639 institutam
1610 5598 1679 5637 com·

335 5676 483 5753 pastionis
507 5675 716 5736 concinnitatem
733 5673 829 5741 babet;
855 5676 991 5745 posterior
1016 5674 1049 5731 de
1067 5670 1156 5729 motu
1161 5670 1310 5726 animorum
1332 5667 1371 5723 ita
1388 5664 1528 5723 cohaeret
1541 5660 1679 5719 doctrinae
