3684 7259
713 1203 800 1260 biber
817 1203 862 1260 IV.
881 1203 971 1274 Caput
986 1203 1047 1260 vn.
1092 1155 1104 1243 ’ν
1296 1237 1299 1244 ⁴
1495 1209 1558 1271 253

211 1400 285 1458 quae
309 1382 533 1443 Mirandulanus
556 1384 723 1458 aspectibus
747 1383 932 1459 opponebat,
960 1384 1069 1459 opponi
1098 1399 1185 1459 posse
1208 1380 1347 1441 videbam
1374 1391 1404 1443 et
1426 1393 1558 1444 oontem-

211 1474 351 1546 perationi
377 1471 498 1530 duarum
523 1489 636 1530 vocum.
682 1471 761 1529 Nihil
785 1487 855 1528 sane
878 1469 966 1528 elficit
989 1489 1025 1530 ne
1049 1487 1185 1529 sonorum
1202 1470 1320 1544 quidem
1334 1471 1456 1529 duorum
1472 1473 1560 1548 tripla

209 1562 358 1635 proportio
382 1560 429 1617 vel
454 1559 654 1634 sesquialtera,
679 1576 769 1617 causa
792 1560 951 1628 acuminis,
976 1566 1125 1617 ettamen
1149 1561 1223 1632 grati
1246 1567 1315 1624 sunt
1337 1561 1419 1630 soni,
1443 1562 1468 1617 si
1491 1568 1558 1619 sunt

210 1649 238 1702 in
262 1647 349 1722 tripla
373 1648 419 1705 rel
442 1648 652 1721 sesquialtera,
683 1654 783 1704 contra
807 1644 980 1716 abhorrent,
1007 1648 1032 1703 si
1055 1654 1124 1703 sunt
1152 1647 1181 1701 in
1204 1645 1339 1721 septupla
1370 1647 1416 1705 rel
1441 1649 1560 1723 sesqui-

211 1744 301 1795 sexta.
348 1733 421 1792 Cum
452 1738 540 1810 igitur
569 1735 741 1792 rationalem
773 1741 906 1809 oporteat
937 1749 1000 1791 esse
1023 1750 1097 1807 rem,
1129 1749 1204 1809 quae
1235 1735 1351 1810 triplam
1382 1734 1560 1811 ascptupla

213 1821 361 1896 dijudicat,
386 1826 512 1880 animam
528 1840 567 1882 sc.
590 1820 702 1879 auditui
727 1823 917 1895 praelectam,
952 1822 1098 1895 oportebit
1121 1829 1150 1877 et
1173 1823 1200 1877 in
1225 1821 1418 1900 radiationuqi
1441 1824 1559 1898 negotio

212 1908 383 1967 rationalem
407 1927 472 1967 esse
495 1917 671 1978 creaturam,
702 1926 777 1982 quae
801 1906 938 1970 disceruit
961 1911 1036 1965 inter
1058 1909 1099 1966 60
1122 1908 1264 1983 graduum
1290 1911 1423 1984 interque
1449 1912 1489 1968 59
1512 1911 1559 1972 vel

214 1994 252 2056 61
278 1998 442 2069 sublapsos,
467 2000 529 2055 sire
553 1996 604 2054 illa
624 1996 756 2053 discursu
778 1994 816 2051 ad
831 1994 888 2052 lroc
900 2003 1006 2067 utatur,
1030 2004 1062 2052 ut
1078 1995 1165 2052 homo
1182 1996 1346 2070 intelligens
1361 1984 1581 2072 geometriam,'

212 2103 265 2142 seu
288 2105 307 2142 a
328 2084 392 2142 solo
416 2087 554 2142 instinctu
577 2090 731 2142 concreatio
754 2081 783 2139 id
807 2081 931 2152 lrabeat,
963 2090 994 2139 ut
1016 2084 1125 2141 formae
1148 2084 1327 2157 plantarum,
1357 2101 1433 2159 quae
1455 2099 1560 2143 nume·

213 2190 275 2229 rum
299 2181 408 2229 eertum
432 2173 565 2230 loliorum
597 2171 663 2229 inde
687 2190 705 2229 a
728 2186 822 2227 rerum
850 2175 913 2225 ortu
938 2171 1004 2226 sibi·
1025 2170 1164 2229 creditum
1194 2172 1361 2229 custodiunt
1390 2189 1561 2248 semperque

214 2258 448 2318 architectautur.
492 2258 580 2317 Nulla
610 2257 657 2317 hic
681 2261 725 2315 vis
748 2266 792 2314 est
814 2258 978 2328 mixtionis,
1009 2258 1090 2325 velut
1113 2257 1150 2315 ad
1173 2276 1322 2331 mensuras
1355 2260 1482 2319 medieas
1506 2278 1559 2318 ex-

214 2354 311 2418 actae,
345 2346 425 2404 nulla
459 2348 586 2423 corporis
617 2349 891 2417 instrumentorum
925 2361 979 2401 nec
1010 2344 1156 2403 delectant
1189 2349 1254 2405 soni
1283 2349 1450 2405 animantre
1475 2346 1559 2421 radii,

158 2446 160 2448 ’
215 2437 285 2509 quia
307 2436 350 2492 sie
372 2443 439 2492 sunt
463 2435 687 2508 contemperati,
721 2440 753 2488 ut
775 2449 840 2488 cum
863 2431 977 2490 calidae
1006 2432 1111 2506 frigida
1134 2434 1286 2507 miscetur,
1319 2435 1416 2509 quoad
1440 2435 1562 2493 resultet

214 2522 351 2597 qualitas,
375 2524 486 2596 corpori
509 2522 605 2579 loturo
629 2518 821 2594 respondens,
853 2536 920 2576 nam
944 2523 972 2575 in
997 2520 1105 2577 talibus
1128 2524 1261 2579 mixturis
1285 2524 1393 2596 optima
1416 2532 1561 2598 tempera-

214 2619 279 2667 tura
302 2627 365 2666 esse
389 2609 465 2669 solet
488 2612 587 2678 unica,
611 2617 724 2666 ceterae
748 2606 791 2662 illi
814 2624 913 2664 omnes
937 2607 1096 2666 secundum
1119 2611 1214 2684 magis
1236 2617 1265 2669 et
1285 2611 1379 2668 miuus
1402 2613 1562 2686 appropin-

214 2706 315 2772 quant.
352 2700 392 2754 At
415 2699 488 2755 inter
505 2696 747 2771 configurationes
770 2696 901 2768 interque
916 2711 1053 2752 sonorum
1069 2695 1224 2754 intervalla
1244 2694 1342 2772 plures
1371 2707 1559 2771 summalae,

214 2796 243 2842 et
268 2788 295 2840 in
320 2784 391 2841 solis
415 2784 459 2841 his
483 2786 569 2842 metis
592 2793 635 2840 est
658 2785 731 2839 ratio
763 2781 830 2838 hinc
853 2784 1124 2855 consonantiarum,
1154 2783 1220 2842 inde
1247 2792 1434 2860 aspectuum3
1465 2786 1503 2843 ab
1527 2788 1562 2843 ils

215 2874 300 2929 metis
324 2874 348 2927 si
373 2870 418 2930 vel
442 2889 543 2946 parurn
567 2869 753 2944 digrediaris,
785 2868 846 2943 jam
868 2871 966 2927 statim
990 2872 1076 2944 periit
1098 2873 1172 2928 ratio
1204 2874 1232 2928 iu
1255 2871 1392 2930 solidum.
1437 2869 1478 2931 Ut
1493 2875 1561 2948 'pri-

214 2977 292 3016 mum
317 2961 394 3015 enim
418 2957 478 3029 Sol,
504 2959 585 3016 vorbi
609 2975 706 3028 causa,
730 2956 847 3015 Saturni
870 2957 1046 3032 quadratum
1068 2960 1226 3033 superarit,
1247 2959 1309 3033 jam
1330 2963 1423 3017 omnis
1440 2968 1562 3019 naturae

215 3045 413 3105 exstimulatio
438 3045 581 3103 deferbuit
603 3052 755 3118 cessatque
779 3060 829 3118 per
851 3046 970 3119 triginta
994 3044 1055 3102 dies
1072 3054 1150 3103 totos
1174 3041 1289 3125 (quoad
1304 3047 1421 3106 Saturni
1445 3047 1563 3122 quidem

215 3142 243 3192 et
266 3133 343 3191 Solis
366 3129 479 3213 radios)
504 3150 635 3206 eousque¹
656 3131 723 3188 dum
746 3130 858 3189 sol-ao
882 3134 986 3189 trinum
1004 3132 1120 3190 Saturni
1146 3135 1270 3207 venerit,
1295 3141 1364 3193 tunc
1386 3138 1490 3193 iterum
1513 3138 1560 3191 in·
1615 3130 1618 3136 ’

218 3223 344 3280 citantur
367 3230 554 3296 tempestates
577 3223 661 3278 unico
686 3219 732 3275 die
756 3227 929 3293 cessantque
954 3221 1145 3291 iterum,¹illo
1168 3223 1347 3281 transmisso.
1393 3222 1482 3281 'Pales
1504 3233 1563 3300 uon

217 3317 286 3367 sunt
308 3309 497 3367 alterationes
520 3324 686 3381 corporum,
719 3314 751 3363 ut
774 3322 848 3379 quae
877 3317 991 3382 tempus
1015 3324 1099 3365 omne
1130 3308 1168 3366 ab
1191 3310 1275 3365 initio
1305 3309 1450 3369 adfinem
1474 3327 1563 3369 occu·

218 3405 298 3473 pant,
322 3414 470 3470 nunquam
493 3398 726 3463 intermittentes,
751 3392 811 3449 sed·
825 3410 891 3450 cum
908 3401 1066 3469 augmento
1082 3411 1188 3453 causae
1202 3413 1325 3470 cumque
1340 3405 1564 3473 temporeeres-

220 3492 328 3554 centes,
355 3486 514 3559 iterumque
539 3483 681 3540 diminuta
703 3480 755 3538 illa
778 3484 964 3540 remittentes.
1011 3479 1076 3540 Uno
1098 3484 1196 3554 verbo,
1221 3486 1296 3541 sicut
1319 3502 1350 3542 se
1374 3484 1463 3543 habet
1486 3486 1564 3545 linea

220 3571 257 3628 ad
284 3588 442 3644 numerum,
467 3572 509 3628 sic
531 3570 620 3645 vulgo
644 3576 732 3627 notae
756 3584 911 3643 corporeae
935 3571 1143 3627 commotiones
1170 3588 1200 3629 se
1223 3570 1333 3629 habent
1356 3573 1392 3630 ad
1415 3572 1470 3631 hos
1493 3591 1565 3632 con-

218 3658 424 3735 figurationum
447 3657 589 3716 stimulos.
636 3656 718 3730 Quae
741 3659 765 3712 si
788 3658 853 3729 quis
876 3655 1030 3732 diligenter
1052 3658 1218 3732 perpendit,
1242 3658 1323 3716 nulla
1345 3662 1370 3717 is
1394 3660 1565 3720 difficultate

217 3763 315 3805 secum
340 3745 512 3804 concludere
535 3747 650 3820 poterit,
675 3752 707 3801 ut
730 3761 894 3816 numerum,
918 3747 960 3802 sic
983 3745 1036 3803 iras
1060 3762 1177 3819 quoque
1200 3749 1409 3805 commotiones
1432 3735 1564 3807 momen·

219 3842 330 3905 tannes,
355 3834 392 3891 ab
416 3843 544 3909 aspectu,
568 3832 688 3890 rationis
713 3840 787 3899 ente,
810 3832 965 3906 prolectas,
989 3849 1046 3890 non
1071 3836 1200 3909 corporis
1223 3852 1295 3905 csse,
1318 3835 1369 3892 sed
1395 3837 1565 3893 animalium

218 3919 400 3993 facultatum,
425 3923 552 3978 animam
575 3921 675 3994 itaque
698 3935 762 3977 esse
786 3927 928 3993 oportere,
956 3937 1032 3994 quae
1055 3921 1092 3978 ab
1116 3929 1237 3996 aspectu
1261 3922 1410 3979 admonita
1432 3931 1461 3980 et
1485 3923 1566 3982 velut

218 4011 345 4067 excitata
369 4010 444 4066 cieat
467 4018 596 4065 meteora
619 4015 648 4065 et
669 4013 865 4082 tempestates.
1402 4034 1411 4044 ·

307 4095 389 4169 Quae
414 4113 484 4153 vero
507 4103 560 4152 aut
581 4094 744 4169 cujusmodi
767 4093 840 4151 lraec
863 4102 939 4152 esset
962 4096 1069 4166 anima,
1092 4097 1275 4170 potissimum
1298 4095 1335 4154 ab
1359 4097 1422 4171 ejus
1445 4096 1513 4155 sede
1537 4099 1564 4155 in
1628 4111 1632 4118 ·

219 4182 326 4241 mundo
352 4182 488 4260 colligere
511 4184 604 4258 potui.
650 4180 723 4238 Cum
746 4182 823 4238 enim
845 4188 997 4255 aspectus,
1027 4181 1063 4239 ad
1087 4199 1161 4255 quos
1190 4192 1344 4242 moventur
1365 4191 1565 4259 tempestates,

219 4275 277 4329 sint
299 4272 400 4345 anguli
423 4271 543 4328 duorum
566 4269 724 4339 radiorum,
749 4286 806 4325 nou
829 4270 863 4339 ii,
888 4271 938 4342 qui
961 4272 989 4324 in
1012 4284 1071 4326 uno
1094 4269 1141 4327 vel
1165 4270 1256 4329 altero
1285 4287 1316 4329 sc
1339 4280 1439 4330 mutuo
1463 4272 1565 4349 adspi-

219 4360 357 4417 cientium
379 4358 570 4433 plauetarum,
594 4374 650 4413 non
674 4358 723 4430 qui
747 4357 775 4411 in
799 4354 876 4426 Sole,
900 4359 1072 4430 quantitatis
1088 4354 1256 4431 longissime
1273 4358 1414 4431 diversae,
1438 4360 1489 4418 sed
1514 4362 1564 4437 qui

219 4446 265 4503 hic
289 4447 316 4501 in
340 4445 430 4503 Terra
452 4446 625 4513 formantur,
649 4460 744 4518 neque
767 4443 903 4518 planetae
919 4446 974 4517 ipsi
992 4443 1120 4502 habeant
1136 4447 1269 4503 notitiam
1285 4448 1465 4524 angulorum,
1490 4464 1564 4522 quos

220 4532 334 4590 illorum
359 4531 432 4590 radii
463 4532 510 4590 hic
541 4534 569 4588 in
592 4532 681 4588 Terra
703 4532 839 4601 lormant,
871 4532 926 4589 nisi
950 4530 1016 4588 illos
1038 4540 1220 4590 astronomos
1250 4535 1404 4592 iaciamus:
1433 4536 1565 4609 sequitur

222 4622 324 4695 igitur,
350 4628 382 4677 ut
405 4622 516 4692 anima,
541 4636 616 4693 quac
639 4617 676 4675 ad
699 4620 909 4694 praescriptum
933 4626 1103 4693 aspectuum
1126 4623 1182 4679 ciet
1204 4625 1313 4694 aerem,
1347 4623 1395 4680 bic
1416 4624 1445 4678 in
1469 4622 1565 4681 Terris

219 4709 266 4766 sit.
314 4707 445 4781 Cumque
470 4711 514 4764 vis
538 4706 597 4777 illa,
623 4706 763 4762 comitans
786 4715 938 4781 aspectus,
966 4722 1017 4780 per
1039 4715 1132 4764 totum
1156 4709 1254 4766 orbem
1278 4708 1430 4769 Terrarum
1453 4711 1564 4788 sentia-

219 4803 278 4867 tur,
303 4796 400 4852 anima
424 4793 476 4851 illa
498 4812 592 4868 aeque
623 4793 681 4849 late
704 4794 769 4850 lusa
792 4794 860 4866 erit,
892 4803 921 4851 et
952 4810 1018 4852 cum
1041 4797 1164 4853 materia
1192 4795 1367 4871 pluviarum,
1401 4806 1562 4871 ventorum,

219 4882 407 4952 nebularum,
440 4884 614 4951 tonitruum,
651 4879 848 4952 chasmatum,
880 4899 955 4955 quae
980 4891 1108 4959 tempore
1132 4892 1302 4957 aspectuum
1327 4885 1495 4958 eliciuntur,
1527 4887 1567 4944 slt

221 4987 314 5045 vapor
337 4969 472 5027 humidus
497 4967 542 5026 vel
567 4970 694 5042 spiritus,
718 4968 795 5026 alius
817 4971 911 5027 siccus
934 4977 963 5027 et
986 4971 1097 5043 igneus,
1131 4987 1165 5027 ex
1181 4968 1270 5028 Terra
1293 4972 1436 5031 ebulliens
1460 4981 1489 5030 et
1512 4987 1565 5032 ex·
1605 5006 1609 5016 ·

219 5057 323 5115 halans
347 5063 425 5124 lnam
450 5074 500 5115 cur
522 5056 569 5113 liic
591 5056 686 5113 solum
710 5054 896 5114 Aristotelem
928 5056 1029 5115 audiat
1051 5056 1258 5131 philosophus,
1288 5068 1385 5136 spreto
1408 5053 1568 5136 Rodolpbo'

220 5143 365 5216 Agricola,
390 5147 447 5203 imo
471 5142 606 5217 agricolis
630 5144 764 5199 omnibus
787 5146 906 5219 suisque
931 5144 1004 5203 adeo
1028 5146 1152 5220 propriis
1168 5145 1324 5205 sensibus?
1347 5166 1412 5206 cum
1436 5147 1567 5226 quotidie

220 5232 328 5302 videat,
354 5231 554 5305 ingruentibus
577 5229 686 5305 pluviis
710 5233 849 5288 montium
873 5234 1024 5289 cacumina
1047 5230 1216 5288 nebularum
1247 5236 1305 5291 rim
1330 5253 1466 5310 magnam
1493 5231 1586 5294 ero·.

219 5321 323 5396 mere),
348 5322 401 5377 erit
425 5321 511 5394 igitur
534 5320 631 5376 anima
653 5320 710 5374 ista
733 5334 790 5375 non
813 5320 842 5374 in
865 5318 1018 5392 superficie
1038 5317 1239 5377 tantummodo
1253 5320 1388 5396 Telluris,
1411 5322 1463 5382 sed
1488 5324 1565 5383 intus

220 5408 308 5465 etiam
332 5408 359 5462 in
384 5409 516 5464 cavernis
538 5406 747 5476 subterraneis,
772 5406 800 5460 in
823 5405 968 5462 meatibus
990 5403 1148 5479 montium‘3
1181 5405 1306 5483 denique
1329 5410 1436 5469 'Petrae
1458 5410 1565 5485 globus

219 5494 278 5553 tale
301 5510 404 5569 corpus
429 5496 490 5564 crit,
515 5495 602 5567 quale
626 5506 670 5550 est
692 5490 816 5565 alicujus
839 5492 983 5563 animalis,
1009 5490 1146 5568 quodque
1170 5496 1287 5553 animali
1312 5506 1357 5557 est
1378 5513 1433 5556 sua
1455 5500 1562 5573 animai

220 5582 277 5640 hoc
299 5583 354 5641 erit
375 5580 485 5642 'l'clluri
507 5578 591 5654 hacc,
615 5597 703 5656 quam
726 5571 907 5655 quaerimus,
930 5588 1036 5639 natura
1057 5580 1239 5661 sublunaris,
1260 5601 1336 5660 quae
1359 5586 1563 5662 adpraesen-

221 5671 292 5728 tiam
315 5678 486 5747 aspectuum
508 5675 608 5728 moret
631 5674 829 5745 tempestates.
1204 5683 1208 5694 ·
