3684 7259
643 1216 649 1231 ·
742 1206 1046 1303 tueatuaprtrx.
1134 1173 1147 1222 3'
1527 1217 1588 1285 307
1686 1242 1689 1251 ·
1748 1245 1751 1252 ·

241 1400 322 1448 tam
343 1394 374 1460 'iz
390 1391 548 1462 diamant,
578 1405 667 1461 neque
688 1390 722 1445 ad
740 1391 863 1460 proxime
886 1391 998 1446 minoris
1022 1390 1149 1460 diapenta
1167 1386 1199 1459 ¹!³
1217 1390 1368 1460 anfflsdam
1392 1383 1597 1459 conhfflere'nt'

242 1474 313 1528 llam
332 1471 384 1525 atsi
400 1487 494 1525 rerum
511 1479 566 1538 est,
592 1469 664 1539 quod
683 1470 737 1524 duo
754 1468 894 1538 planetae,
918 1468 1049 1525 facientes
1074 1471 1201 1539 diapente
1224 1472 1448 1539 conversantibus
1470 1482 1592 1530 motuum

242 1549 386 1614 utremis,
404 1558 432 1603 et
449 1548 581 1617 diapason
600 1549 814 1617 diversantibus,
841 1549 922 1604 iidem
941 1550 1022 1604 etiam
1041 1559 1143 1605 sextas·
1151 1548 1241 1605 iacere
1263 1555 1291 1603 et
1312 1550 1353 1604 sia
1369 1548 1456 1605 diesin
1484 1559 1592 1623 quoque

243 1642 384 1697 permeare
402 1626 521 1696 possint,
539 1635 569 1681 at
586 1627 638 1680 hoo
656 1644 710 1682 non
727 1628 864 1685 redoleret
881 1629 1046 1698 singularem
1063 1627 1259 1705 prouidentiam
1277 1625 1446 1683 ordinatoris
1463 1638 1592 1685 motuum.

243 1705 334 1760 Diesis
353 1706 431 1762 euim.
448 1705 586 1760 minimum
604 1705 815 1776 intervallorum,
833 1714 971 1776 potestate
988 1706 1076 1761 latens
1088 1706 1115 1760 in
1129 1706 1275 1774 majoribus
1289 1706 1421 1776 omnibus,
1439 1722 1510 1776 quaa
1522 1724 1593 1763 cout-
1652 1755 1657 1774 ,

243 1770 448 1852 prehenduntnr
466 1781 499 1837 ab
518 1784 645 1837 extremis
663 1792 792 1854 motuum,
811 1786 872 1855 ipsa
880 1792 1034 1854 permeatur
1052 1785 1159 1855 quidem
1178 1792 1243 1839 tuna
1260 1773 1406 1840 amoribus
1419 1783 1594 1857 intermediis,

245 1862 374 1916 continua
406 1862 529 1917 tensione
560 1863 681 1927 variatis,
704 1870 732 1917 at
759 1881 814 1919 uon
838 1863 1032 1920 determinatur
1056 1864 1090 1918 ab
1118 1880 1211 1919 aarum
1237 1861 1377 1932 extremis,
1405 1881 1465 1920 cum
1488 1880 1595 1935 semper

242 1937 331 1993 minor
348 1940 383 1993 sit
400 1955 465 2009 pars
483 1949 549 2008 toto,
569 1940 651 1995 diesis
670 1941 775 1995 scilicet
791 1941 934 1997 interuallo
952 1936 1055 2012 maiore
1072 1941 1119 2013 Ἃ,
1139 1940 1212 2013 quod
1224 1950 1267 1997 ast
1283 1942 1354 1997 inter
1365 1944 1396 2012 Ἰ,
1415 1951 1443 1999 et
1458 1944 1501 2013 ¹12,
1520 1946 1594 2014 quod

242 2015 330 2071 lotum
348 2031 365 2071 a
381 2025 502 2072 motuum
521 2019 647 2074 extremis
667 2019 840 2090 determinem
858 2021 902 2076 hic
919 2028 1074 2100 poneretur.
1218 2035 1223 2046 ’

330 2110 401 2170 Pro
408 2114 553 2189 positio
575 2111 695 2172 XXIV.
740 2112 883 2184 Pisuetae
906 2112 983 2192 duo,
1006 2115 1056 2190 qui
1078 2110 1189 2190 mutant
1209 2130 1303 2191 genua
1325 2113 1511 2188 harmoniae,
1535 2113 1593 2176 dii·

242 2194 394 2257 ierentiam
417 2203 598 2276 propriarum
621 2203 841 2279 proportionum
865 2201 940 2261 inter
962 2210 1093 2260 motuum
1116 2209 1254 2276 extrema,
1283 2201 1389 2262 debent
1411 2202 1507 2262 iacere
1531 2203 1595 2265 dia-

242 2284 305 2358 sin,
336 2290 475 2355 etunius
503 2291 621 2365 propria
647 2290 796 2365 proportio
827 2284 916 2348 dabat
942 2304 1007 2348 esse
1021 2281 1130 2364 'major
1152 2287 1245 2363 diesi;
1276 2288 1443 2366 debentque
1465 2292 1595 2351 motibus

241 2371 367 2458 aphaliis
389 2375 485 2434 iacere
506 2383 654 2435 seriarum
678 2393 780 2449 unam,
803 2374 959 2452 paribaiiis
980 2375 1143 2450 reliquam:

330 2474 486 2529 Cum-euim
504 2484 625 2530 extrema
643 2482 764 2530 motuum
783 2474 852 2530 duas
873 2474 975 2530 iaciant
992 2474 1161 2543 hermoniae,
1184 2472 1265 2529 unica
1283 2474 1352 2529 dissi
1371 2474 1541 2545 differentes,
1563 2475 1596 2531 id

242 2559 335 2621 potest
351 2556 411 2609 fieri
428 2557 589 2626 tripliciter:
614 2564 661 2610 ant
678 2556 766 2623 enim,
785 2562 816 2609 ut
834 2556 914 2610 unius
938 2555 1067 2624 planetae
1084 2560 1174 2607 motus
1192 2559 1300 2607 maneat
1318 2560 1461 2625 constans„
1485 2554 1596 2610 alterius
1662 2563 1676 2607 ἢ

243 2631 363 2686 variam
379 2649 429 2702 per
446 2635 549 2704 diesin,
568 2643 615 2689 aut
634 2643 664 2688 ut
681 2642 797 2704 uterque
815 2635 935 2690 variatum
951 2651 1002 2704 per
1020 2621 1159 2689 semissem
1178 2631 1459 2707 dieseoahciantqua
1472 2634 1517 2701 ’im
1536 2649 1597 2689 sex·

243 2715 299 2762 tam
317 2711 456 2780 majorem,
475 2714 584 2783 quando
603 2716 727 2783 superior
745 2722 788 2769 est
804 2715 832 2768 iu
849 2713 972 2784 aphelio‚
990 2709 1102 2768 inierior
1119 2705 1153 2765 in'¹
1164 2710 1310 2779 periheli03
1333 2711 1419 2767 eriis
1438 2701 1534 2782 spatiis
1550 2713 1598 2785 eii,

242 2806 325 2844 aaran
343 2789 423 2861 lacto,
442 2793 493 2846 sibi
512 2801 606 2847 mutuo
624 2792 772 2861 obviantes,
791 2794 915 2863 superior
932 2792 1066 2863 arquatis
1084 2789 1388 2861 perihelium,'iuieriar
1405 2792 1433 2846 in
1451 2793 1601 2862 apheliusa-

243 2869 346 2923 aetam
365 2872 410 2936 iis,
433 2879 538 2925 sextam
556 2871 700 2943 minorem,
719 2883 768 2927 aut
784 2872 902 2942 denique
920 2879 951 2927 ut
964 2885 1035 2924 uuna
1053 2869 1138 2923 altero
1150 2867 1220 2939 ,plus
1233 2869 1326 2923 variet
1343 2876 1455 2924 motum.
1466 2874 1599 2927 suom'ab
1679 2909 1683 2918 ·

243 2946 353 3015 aphelio
371 2948 398 3000 in
416 2948 578 3016 penheiium
596 2949 685 3019 aitque
703 2965 833 3006 excessus
845 2946 926 3004 unius
941 2950 1056 3014 dieseos,
1076 2956 1104 3003 et
1117 2946 1399 3015 sic.sexta·majorsit
1414 2949 1599 3006 interutrunr·

245 3040 298 3096 que
317 3023 468 3093 aphelinm,
492 3035 570 3080 sexta
588 3028 676 3083 minor
701 3030 773 3083 inter
789 3036 936 3095 utrumque
953 3020 1124 3098 periheiium.
1145 3025 1268 3079 'inmas
1285 3040 1349 3080 vero
1369 3027 1540 3084 modus-nou
1559 3034 1601 3084 est

245 3102 395 3172 legitimum
422 3114 496 3159 esset
519 3108 590 3161 enim
612 3107 682 3163 alter
699 3109 795 3163 horum
814 3109 985 3177 planetarum
1009 3106 1068 3162 sina
1093 3104 1309 3172 eccsntricitate,
1336 3116 1431 3161 contra
1449 3108 1556 3170 axioma
1573 3111 1599 3165 4.
1669 3159 1672 3165 .
1706 3163 1709 3168 ,

246 3182 325 3237 Alter
342 3182 441 3239 modus
454 3186 544 3241 minus
562 3187 677 3255 pulcher
693 3188 745 3244 iuit
764 3196 791 3243 et
809 3189 897 3241 minua
916 3187 1088 3255 commodus;
1106 3185 1195 3239 minus
1208 3184 1330 3253 pulcher,
1350 3185 1414 3255 quia
1431 3187 1519 3241 miuus
1537 3185 1599 3241 har·

246 3264 382 3326 monicus,
402 3264 517 3319 duorum
537 3266 608 3320 enim
625 3266 796 3335 planetarum
814 3267 943 3335 propriae
954 3271 1076 3322 motuum
1087 3261 1279 3332 proportiones
1288 3261 1405 3318 inissent
1415 3264 1601 3320 inconcinnae
1685 3260 1688 3266 ’

235 3360 310 3416 ¹utun
329 3345 517 3400 inconcinnum
536 3354 586 3413 est,
606 3346 734 3416 quicquid
753 3354 796 3400 est
813 3346 881 3401 diesi
898 3347 1002 3409 miuus;
1024 3350 1146 3415 praestat
1165 3356 1240 3410 varo,
1259 3358 1342 3397 unum
1361 3342 1448 3398 solum
1465 3341 1601 3411 planetam
1628 3408 1632 3416 ι
1716 3356 1718 3362 ·

249 3424 302 3478 hac
319 3424 480 3478 inconcinna
498 3425 633 3494 paruitate
657 3425 795 3493 laborare;
825 3427 888 3496 quin
908 3440 943 3479 ne
961 3424 1020 3479 fleri
1034 3420 1148 3493 ¹quidem
1166 3420 1270 3497 potuit,
1296 3421 1361 3489 quia
1379 3421 1492 3475 extremi
1510 3428 1600 3477 motus
1667 3445 1670 3450 ·

248 3503 301 3557 hoc
319 3512 400 3572 pacto
418 3506 594 3558 aberrassent
612 3522 628 3558 a
646 3504 713 3559 iocis
732 3506 886 3575 systematis
905 3519 954 3559 seu
974 3499 1097 3557 claribus
1116 3500 1206 3555 scalae
1224 3501 1357 3571 musicae,
1382 3508 1479 3560 conua
1496 3517 1537 3571 pr.
1557 3502 1600 3558 22.

253 3583 346 3637 ldinus
365 3583 447 3636 etiam
466 3582 623 3637 commodus
640 3582 753 3649 iubeat,
779 3584 843 3654 quia
861 3591 957 3637 sextae
976 3582 1029 3638 iilis
1047 3578 1237 3636 tantummodo
1255 3580 1399 3635 momentis
1417 3579 1595 3649 contigissent

249 3662 350 3730 quibus
369 3663 494 3731 planetae
513 3662 674 3718 fuissentin
692 3662 836 3717 contrariis
854 3662 1010 3732 apsidibus;
1029 3659 1106 3716 nulia
1123 3657 1221 3711 luisset
1239 3657 1366 3728 latitudo,
1386 3674 1534 3730 perquam
1552 3655 1604 3718 bite

250 3752 347 3799 restae
370 3750 398 3796 et
420 3743 459 3797 sic
483 3743 650 3797 universales
668 3742 824 3798 harmoniae
843 3742 992 3799 secuudum
1017 3757 1063 3797 eas
1082 3738 1239 3812 contingere
1261 3740 1427 3809 potuissent3
1450 3739 1605 3795 rarissimae

251 3826 335 3895 igitur
352 3822 482 3877 iuisssent
499 3822 666 3877 universales
684 3823 853 3891 harmoniae,
878 3824 947 3877 locis
964 3822 1136 3892 planetarum
1155 3816 1278 3877 omnibus
1302 3817 1338 3872 ad
1356 3824 1491 3874 certorum
1515 3820 1604 3873 imor-

252 3903 316 3958 bltia
334 3904 392 3957 suis
410 3909 438 3956 at
455 3902 597 3957 unicornm
615 3910 778 3971 punctorum
795 3901 938 3971 angustias
956 3899 1088 3968 redactia3
1108 3907 1204 3957 cauma
1216 3900 1323 3956 axioma
1338 3901 1386 3955 19:
1414 3899 1512 3953 Restat
1523 3899 1606 3966 igitur

252 3982 350 4037 modus
367 3982 478 4051 tertius,
498 3990 529 4037 ut
545 3990 661 4051 uterque
678 3981 787 4050 quidem
804 3980 982 4049 planetarum·
992 3996 1071 4035 suum
1089 3980 1227 4051 proprium
1245 3978 1451 4047 varietmotum,
1470 3977 1519 4032 sed
1537 3975 1606 4031 altar

255 4063 342 4117 altero
360 4063 423 4131 plus
441 4078 491 4132 per
507 4078 588 4118 unam
606 4063 755 4132 perfectam
773 4060 862 4116 diesin
880 4059 915 4115 ad
932 4059 1079 4114 minimum.
1333 4064 1337 4071 '

342 4154 560 4232 Propositio
583 4153 687 4213 XXV.
733 4154 931 4226 Plaoetarnm,
954 4169 1048 4232 genus
1070 4152 1241 4212 harmoniae
1263 4151 1452 4223 mutantium,
1475 4150 1607 4232 superior

257 4242 346 4304 debet
378 4244 486 4303 habere
515 4244 731 4321 proportionem
762 4250 894 4300 motuum
931 4242 1113 4331 propriorum
1151 4241 1292 4300 minorem
1320 4245 1389 4297 tono
1421 4253 1511 4317 parvo
1539 4230 1617 4321 'sm
1674 4238 1695 4327 η’
1722 4307 1725 4313 ,

257 4331 376 4391 inierim
397 4347 467 4390 vero
489 4332 629 4393 minorem
652 4330 805 4390 semitonio
833 4322 915 4410 'isw
1115 4411 1119 4418 .
1217 4391 1220 4397 ¹
1313 4399 1316 4404 =
1570 4382 1573 4389 ,

295 4450 297 4455 ·
329 4432 400 4488 Nam
417 4440 465 4488 aut
477 4432 592 4506 apheliis
611 4430 729 4486 motibus
747 4428 849 4484 iaciant
868 4430 915 4498 Ἃ,
926 4434 982 4483 ,aut
999 4425 1150 4498 periboliis,
1168 4426 1218 4496 'pei
1235 4424 1419 4496 praemissam.
1455 4420 1518 4477 ilua
1536 4424 1608 4495 peri·

259 4513 349 4585 helin,
368 4520 442 4570 suast
460 4512 531 4567 euim
548 4519 616 4566 tune
634 4508 803 4579 apheliorpm
821 4511 941 4561 motuum
961 4507 1007 4574 ⁶7„
1031 4493 1143 4559 inferior
1159 4501 1243 4572 Igitur
1260 4519 1314 4559 uua
1329 4501 1400 4558 uiesi
1417 4501 1479 4571 plns
1496 4502 1609 4563 haberet
1683 4512 1687 4521 '

257 4595 284 4651 in
302 4591 479 4667 proportione
498 4591 609 4660 propria
626 4603 706 4656 quam
726 4587 864 4656 superior,
889 4600 940 4656 per
958 4576 1071 4641 eandein
1089 4581 1276 4664 praemissam.¹
1312 4580 1344 4636 id
1367 4596 1431 4634 vero
1454 4587 1496 4635 est
1515 4575 1610 4637 conua

258 4675 367 4731 moras
385 4673 426 4727 tu,
462 4669 578 4739 Faciunt
595 4669 679 4738 igitur
696 4664 810 4735 apheliis
824 4665 856 4733 ⁸i,
873 4662 1012 4734 perrheliis
1026 4663 1058 4729 Ἰ.
1075 4664 1173 4733 miuus,
1193 4661 1338 4733 quamillic
1350 4674 1400 4730 per
1413 4659 1480 4728 Ἢ.
1506 4658 1610 4728 Quodsi

258 4753 360 4825 apbslii
378 4758 467 4807 motus
485 4749 589 4805 iaciunt
606 4754 711 4803 sextam
730 4746 825 4799 duram
842 4744 886 4813 'iv
905 4758 970 4813 ergo
984 4744 1136 4813 superioris
1155 4740 1280 4812 aphelius
1303 4755 1365 4794 aum
1387 4736 1522 4794 infamaris
1534 4736 1609 4807 peri·
1641 4795 1643 4800 ,

257 4833 331 4890 helio
350 4832 433 4887 iaciat
449 4830 511 4899 plus
530 4845 612 4898 quam
636 4834 741 4882 sextam
760 4823 869 4894 duram,
896 4823 1008 4892 adjiciat
1021 4823 1090 4877 enim
1108 4820 1322 4877 interioatotam
1343 4816 1481 4886 propriam
1497 4832 1610 4886 propor-

258 4914 369 4969 tionem.
405 4910 509 4965 Eodem
528 4907 622 4973 modo,
640 4906 665 4960 si
682 4904 807 4974 perihelil
824 4912 915 4960 motus
932 4903 1036 4958 iaciunt
1054 4910 1159 4958 sextam
1176 4899 1286 4958 mollem
1304 4896 1350 4964 ila,
1375 4894 1523 4965 superioria
1540 4896 1610 4965 per-i·
1671 4897 1675 4904 ‘

259 4992 349 5048 helius
368 5000 396 5047 et
413 4988 547 5046 inferioris
566 4985 689 5056 aphelius
708 4984 809 5040 faciem
826 4984 914 5039 minus
933 4998 1014 5052 quam
1032 4990 1139 5037 sextam
1156 4978 1281 5047 mollem;
1305 4973 1395 5032 auiert
1412 4974 1482 5029 euim
1500 4972 1612 5032 misnae

259 5079 346 5146 totam
371 5086 449 5126 suam
470 5067 607 5139 propriam
633 5060 844 5135 proportionem.
889 5061 994 5131 Quodsi
1021 5060 1157 5128 interioris
1180 5054 1320 5129 proportio
1346 5053 1457 5126 propria
1482 5061 1613 5125 aequaret

259 5151 432 5208 semitonium
455 5150 523 5216 ”im
547 5145 604 5214 jam
629 5152 724 5212 posset
748 5150 858 5213 praeter
882 5130 1074 5198 sexus'etiam
1097 5140 1224 5208 diapente
1247 5132 1416 5205 contingere,
1444 5127 1507 5201 quia
1534 5133 1613 5268 ff
1685 5166 1688 5172 -

260 5230 358 5300 mollis,
373 5227 503 5281 diminuta
517 5224 668 5290 semitonio,
686 5221 718 5275 iit
729 5220 868 5292 diapente;
880 5220 933 5275 hoc
945 5237 1009 5288 vero
1022 5223 1067 5280 est'
1076 5220 1259 5287 contra'prop.
1269 5214 1312 5269 23.
1342 5211 1433 5268 Minus
1445 5209 1527 5279 igitur
1623 5261 1630 5284 ὁ

259 5305 437 5365 tonio'tabet
454 5303 564 5375 planeta
581 5300 692 5356 interior
708 5302 736 5355 in
753 5288 894 5356 intervallo
912 5298 965 5354 sibi
982 5295 1101 5388 proprio.
1118 5294 1174 5387 ‘Et
1186 5293 1250 5361 quia
1261 5291 1408 5382 superioris
1426 5291 1536 5385 propria
1543 5303 1631 5425 a..

258 5388 349 5458 portio
367 5384 454 5453 major
471 5390 514 5437 ert
531 5380 644 5451 propria
658 5378 795 5434 inferioris
812 5392 862 5447 per
880 5392 960 5433 unam
978 5374 1080 5439 desan,
1098 5372 1182 5428 drasia
1199 5385 1263 5425 vero
1276 5368 1370 5425 addita
1387 5376 1529 5425 samtomo
1628 5391 1637 5414 -ι

1643 5335 1678 5428 'a

261 5474 357 5523 tonum
366 5464 496 5519 mlnorem
509 5465 571 5529 ’[ω,
590 5457 738 5530 superioria
749 5456 833 5529 igitur
850 5454 961 5524 propria
973 5453 1114 5524 proportio
1126 5459 1168 5508 eat
1177 5450 1264 5507 mlum
1276 5465 1356 5519 quam
1367 5456 1448 5505 tonus
1457 5449 1545 5505 minor
1555 5448 1612 5518 ’iio
1659 5534 1664 5544 ι

277 5549 299 5644 ,’
348 5573 570 5651 Propositio
594 5567 714 5629 XXVI.
758 5566 956 5639 Plaoetarnm,
979 5580 1073 5642 genus
1094 5562 1262 5624 hasnoniae
1274 5563 1459 5637 mutantium,
1482 5561 1614 5638 superior

262 5662 366 5728 debuit
396 5661 503 5723 babere
535 5658 585 5718 vel
613 5659 706 5719 diaria
738 5654 884 5734 duplicem
908 5647 1022 5735 mim,
1052 5650 1109 5711 hoc
1137 5658 1189 5753 eat¹
1208 5646 1275 5731 ¹²lm
1297 5647 1372 5730 iera,
1401 5666 1454 5727 pro
1482 5655 1613 5712 motuum

1387 5752 1458 5813 20·
