3684 7259
721 1206 804 1263 hbes
821 1205 869 1263 1v.
889 1208 979 1281 Caput
994 1207 1031 1265 11.
1111 1249 1113 1252 -
1483 1216 1549 1278 ffb
1718 1233 1722 1245 ·

199 1393 243 1446 est
268 1387 359 1461 inque
383 1387 529 1445 creatione
552 1388 703 1462 expressit,
732 1394 873 1463 utsupra
896 1386 1022 1462 dietum,
1046 1393 1112 1459 aut,
1135 1385 1213 1463 quod
1237 1386 1339 1448 eodem
1362 1354 1452 1465 redit,
1476 1389 1552 1469 alle·

198 1474 277 1550 gabo
303 1474 524 1549 cognationem,
549 1492 613 1550 cap.
642 1477 668 1531 l.
691 1482 815 1547 tactam,
839 1478 1001 1535 animarum
1023 1475 1141 1547 harum,
1166 1478 1254 1534 etiam
1277 1475 1460 1551 inferiorum,
1485 1495 1550 1538 cum

198 1559 315 1633 circulo,
338 1559 377 1619 ad
401 1577 488 1635 quem
524 1560 663 1620 velutad
687 1578 816 1620 normam
839 1562 994 1638 legemque
1027 1564 1205 1638 compositas
1229 1573 1258 1620 et
1275 1563 1473 1630 conformatae
1489 1555 1549 1626 sint
1643 1627 1648 1638 ,

197 1665 322 1722 cumque
349 1650 413 1723 ipso
447 1647 556 1706 circulo
587 1648 710 1723 ejusque
737 1649 1026 1723 demonstrabilitate
1063 1650 1157 1709 ideam
1199 1652 1286 1707 etiam
1323 1655 1543 1728 proportionum

197 1734 433 1794 hannoniearum
469 1735 536 1793 iude
565 1735 789 1813 dependentium
818 1737 973 1796 induerint.
1024 1732 1121 1796 Valde
1158 1738 1244 1795 enim‘
1270 1737 1442 1797 confirmant
1471 1740 1548 1802 hanc

196 1822 415 1899 philosophiam
439 1839 570 1896 geneses,
594 1840 660 1882 cum
683 1822 849 1897 videamus,
873 1825 1070 1883 characterem
1093 1824 1286 1884 confluentiae
1309 1825 1455 1884 radiorum
1479 1824 1550 1899 coc·

197 1911 315 1969 lestium
343 1908 382 1967 nd
410 1906 488 1968 idem
518 1920 674 1988 punctum,
704 1910 786 1970 velut
812 1928 848 1971 ex
870 1912 979 1971 circulo
1002 1914 1164 1986 communi,
1194 1912 1319 1987 imprimi
1349 1914 1379 1971 in
1402 1917 1550 1974 nascentis

197 1999 343 2074 animum3
368 1995 404 2055 de
427 2013 485 2073 quo
509 1996 583 2056 iufra
606 2015 669 2075 cap.
696 2000 724 2056 7.
746 1998 840 2076 plura.
1527 2045 1530 2049 Α

284 2084 375 2142 Ροπο
398 2084 512 2155 medis,
545 2086 652 2161 quibus
674 2094 795 2145 utuntur
824 2087 898 2145 istae
921 2084 1076 2145 facultates
1099 2087 1215 2145 animae
1247 2085 1396 2145 inferiores
1419 2085 1457 2145 ad
1480 2105 1549 2168 per·

199 2170 352 2247 cipieudas
374 2170 541 2231 harmonias
564 2180 764 2247 externorum,
786 2181 855 2232 sunt
877 2167 997 2246 eadem,
1021 2158 1128 2247 quibus
1151 2181 1181 2232 et
1203 2175 1352 2230 externa
1344 2191 1410 2250 rpss
1433 2174 1554 2250 objecta,

199 2260 355 2317 introrsum
379 2261 530 2338 recipiant
574 2260 606 2318 Si
629 2260 749 2318 sensilia
770 2261 847 2333 suut,
869 2263 1006 2320 sensibus
1028 2262 1116 2319 etiam
1131 2261 1337 2335 percipiuntur,
1361 2260 1549 2323 facultatibus

200 2363 241 2404 so.
265 2349 381 2406 animae
404 2363 507 2405 sensus
531 2347 768 2422 informantibus,
800 2365 875 2423 quae
905 2355 936 2407 et
957 2350 1035 2429 ipsa
1050 2363 1107 2405 non
1130 2347 1227 2405 minus
1256 2362 1344 2422 quum
1366 2352 1497 2425 superior
1518 2352 1548 2409 lu

200 2436 418 2511 comparatione
440 2428 594 2493 versantur
617 2443 894 2507 remmcertarum,
925 2433 976 2493 sed
999 2432 1030 2492 id
1052 2436 1207 2506 instinctu,
1230 2450 1289 2491 uon
1312 2433 1454 2495 discursu.
1500 2436 1549 2500 Sic

198 2521 265 2579 soni
287 2520 390 2581 auditu
415 2523 500 2597 eique
523 2522 671 2597 praefecta
699 2530 844 2600 potestate
867 2528 1063 2583 consonantes
1093 2514 1295 2581 discernuntur
1324 2539 1343 2582 a
1369 2522 1549 2585 dissonanti·

194 2608 262 2678 chus,
286 2610 330 2668 sic
351 2611 555 2685 proportiones
578 2608 822 2668 architectonicae
846 2610 939 2669 oculis
962 2610 1159 2687 percipiuntur
1182 2614 1212 2668 st
1225 2607 1364 2668 facultate
1387 2609 1448 2684 illa,
1472 2628 1548 2688 quas

197 2697 275 2752 visui
307 2704 351 2753 est
379 2696 540 2774 praefecta,
572 2695 711 2774 pulchrae
739 2704 769 2756 et
800 2713 948 2773 congruae
979 2696 1017 2755 ab
1044 2697 1211 2772 incongruis
1239 2694 1449 2756 discernuntur.
1495 2699 1548 2759 Sia

198 2791 297 2841 autem
320 2800 365 2844 res
388 2786 486 2859 ipsae,
510 2783 668 2859 inquibus
691 2793 737 2843 est
757 2783 928 2843 harmonica
951 2786 1034 2851 ratio,
1065 2782 1189 2842 sensiles
1210 2798 1268 2841 non
1292 2791 1377 2856 sunt,
1398 2784 1451 2843 sed
1473 2786 1548 2847 forts

198 2868 260 2929 alin
281 2868 421 2930 facultate
444 2870 665 2949 perceptibiles,
696 2868 800 2931 eadem
823 2878 854 2930 et
873 2873 954 2947 ipsae
977 2871 1181 2947 proportiones
1210 2886 1305 2932 rerum
1328 2873 1356 2929 io
1380 2873 1479 2932 anima
1499 2890 1547 2934 rs·

118 2965 128 2991 ·
196 2954 310 3027 lucent,
343 2960 385 3015 uti
416 2964 616 3035 comparatum
643 2967 688 3018 est
717 2975 783 3017 cum
810 2958 1049 3034 proportionibus
1076 2956 1225 3031 radiorum
1253 2956 1435 3033 sideralium,
1470 2978 1547 3040 quas

197 3043 344 3119 quomodo
367 3044 405 3103 ab
427 3052 524 3103 anima
546 3043 697 3104 sublunari
719 3046 925 3123 percipiantur,
949 3045 1022 3103 infra
1045 3047 1185 3120 capitsi
1209 3043 1411 3121 disquiremus.

282 3131 336 3190 Est
356 3139 454 3190 tamen
478 3134 585 3191 obtusa
607 3141 637 3191 ct
659 3133 784 3191 obscura
805 3132 878 3191 haec
900 3132 1115 3190 harmoniarum
1129 3121 1280 3209 perceptio
1304 3134 1334 3190 in
1354 3134 1542 3194 facultatibus

196 3219 311 3277 animae
335 3220 518 3279 inferioribus
541 3228 570 3278 et
593 3219 808 3321 quodammodo
832 3220 990 3278 materialis
1013 3227 1042 3277 ot
1063 3219 1125 3277 sub
1139 3218 1216 3285 nube
1239 3221 1324 3295 quasi
1347 3222 1543 3297 ignorantiam

197 3322 251 3364 neo
275 3307 351 3364 surim
374 3309 470 3364 sciunt
493 3324 523 3365 se
546 3309 710 3384 percipere,
743 3316 776 3367 ut
797 3324 863 3366 cum
894 3305 1027 3366 ridentes
1054 3304 1166 3381 aliquid
1196 3321 1256 3363 non
1290 3314 1386 3380 tauma
1409 3308 1546 3370 animad-

197 3394 354 3472 uertifu'us,
385 3411 439 3457 nos
462 3393 492 3451 id
508 3395 624 3454 ¹ridere.
668 3394 757 3453 Tales
785 3404 853 3453 sunt
881 3401 978 3452 motus
1000 3392 1044 3450 illi
1072 3401 1103 3452 et
1124 3409 1264 3471 pavores,
1295 3393 1442 3454 sstoiois
1466 3394 1546 3456 cels·
1606 3396 1609 3401 ’

196 3545 200 3556 Ι
225 3545 227 3550 ,
250 3543 265 3558 ..
280 3489 291 3536 Τ
293 3480 453 3548 naturales
476 3482 539 3540 sine
563 3481 685 3541 consilio
700 3489 872 3559 praeterque
889 3480 1081 3554 voluntatem,
1104 3480 1171 3539 talis
1186 3482 1274 3539 etiam
1288 3480 1409 3540 affectus
1425 3481 1484 3540 odii
1499 3482 1545 3544 rel
1597 3477 1599 3482 ’

195 3561 262 3626 imo
308 3568 468 3641 =naturalis,
484 3571 557 3627 miro
573 3569 739 3645 cumprimis
754 3571 881 3645 ingenio,
903 3569 954 3644 qui
969 3567 1163 3626 membrorum
1178 3582 1345 3627 commeusu
1361 3573 1550 3648 vocisquoet
1660 3584 1663 3588 ’

196 3658 417 3730 temperamenti
441 3654 633 3731 qualitatibus
656 3657 818 3716 bonitatem
840 3655 890 3715 vel
909 3652 1130 3718 similitudinem
1152 3656 1310 3713 aestimans
1333 3655 1448 3715 animae
1470 3656 1548 3719 alts-

196 3744 255 3799 rius
285 3758 350 3801 cum
373 3760 440 3813 sua,
469 3742 588 3801 mirifice
617 3747 647 3801 in
677 3744 758 3803 illam
787 3741 959 3804 exardescit.
1006 3743 1095 3801 Amat
1116 3744 1204 3817 igitur
1233 3743 1354 3801 insanus
1376 3742 1548 3807 adolescens

196 3828 347 3908 puellam,
369 3847 422 3888 neo
445 3833 500 3889 scit
522 3847 585 3903 our,
617 3838 668 3889 aut
691 3829 764 3906 quid
784 3834 813 3889 in
837 3848 873 3890 ea
895 3832 1081 3906 potissimum
1105 3835 1196 3902 amet,
1222 3828 1300 3905 quod
1324 3832 1350 3890 ei
1373 3847 1432 3888 uon
1453 3821 1548 3906 possit

197 3924 350 3992 praestare
373 3920 496 3992 quaevis
520 3919 610 3976 obvia
632 3920 782 3992 meretrix,
805 3919 830 3977 si
853 3918 1025 3976 inhonestus
1047 3933 1145 3989 emor,
1169 3923 1222 3973 aut
1243 3931 1435 3993 quaeeunque
1459 3918 1547 3977 nubi-

198 4003 237 4060 lis
255 4003 375 4080 puella,
406 4006 431 4062 si
455 4004 612 4079 legitimus.
659 4005 699 4063 At
720 4004 981 4081 physiognomicus
1003 4005 1210 4082 superveniens
1239 4005 1351 4062 invenit
1372 4005 1401 4082 in
1424 4013 1547 4081 utraque
1579 4003 1580 4009 ’

201 4106 328 4189 persona
350 4091 569 4150 similitudinem
592 4079 719 4167 aliquam
742 4109 872 4168 morum;
895 4093 985 4168 quisi
1002 4092 1111 4164 vitiosi,
1134 4090 1236 4164 litigiis
1250 4091 1399 4165 perpetuis
1422 4093 1450 4150 iu
1473 4109 1547 4152 con·

197 4177 282 4253 jugio
312 4179 455 4256 praebent
482 4181 683 4256 occasionem,
715 4182 740 4238 si
769 4180 853 4253 boni,
883 4178 1088 4254 tranquillitati
1115 4180 1203 4236 vitae.
1248 4176 1391 4253 Adeoque
1419 4177 1476 4237 huo
1497 4196 1546 4238 re·

199 4263 335 4324 ferendus
358 4273 403 4326 est
425 4267 578 4324 universus
602 4269 754 4327 instinctus
776 4266 1045 4345 physiognomicus,
1068 4265 1118 4339 qui
1141 4266 1276 4338 quamvis
1298 4273 1397 4323 mutus
1419 4274 1449 4325 et
1470 4282 1547 4342 quo·

196 4328 357 4411 'dammodo
381 4354 483 4411 brutus
505 4355 637 4428 (minime
660 4372 730 4415 vero
755 4364 816 4414 arte
840 4359 1038 4431 comparatas,
1069 4352 1123 4410 etsi
1145 4368 1196 4425 per
1219 4369 1285 4410 eam
1302 4349 1401 4417 excoli
1423 4355 1546 4429 potest),
1583 4373 1587 4390 ⁴

200 4455 295 4497 rerum
317 4447 416 4498 tumen
440 4439 631 4500 humanarum
655 4444 795 4517 interpres
824 4450 854 4499 et
875 4441 983 4500 arbiter
1005 4449 1050 4499 est
1072 4439 1183 4499 unicus.
1228 4437 1356 4499 Tauium
1378 4441 1454 4499 enim
1477 4441 1546 4515 qui·

199 4524 270 4584 libet
292 4529 493 4605 prosperitatis
516 4523 703 4608 (naturaliter
724 4523 888 4608 loquendo)
921 4528 1046 4596 obtinet,
1078 4534 1219 4602 quantum
1245 4526 1309 4601 ejus
1331 4526 1436 4605 facies,
1464 4544 1547 4585 com·
1652 4519 1654 4527 ’

201 4630 319 4671 mensus
351 4617 493 4692 corporis,
532 4619 663 4674 incessus
694 4623 849 4691 motusque
881 4614 1075 4673 membrorum
1108 4611 1217 4671 arridet
1244 4629 1340 4672 rerum
1366 4615 1546 4691 potientibus

199 4709 400 4777 quantumque
424 4704 460 4760 iis
481 4704 597 4778 irrepit,
629 4702 710 4761 nollo
734 4704 820 4762 etiam
849 4718 937 4778 super
959 4717 995 4781 ea
1016 4716 1046 4758 re
1074 4700 1196 4758 consilio
1219 4702 1296 4772 usis,
1327 4699 1418 4759 veluti
1440 4700 1545 4775 latens,

200 4797 231 4845 ut
255 4805 345 4864 saepe
369 4796 519 4862 testentur,
543 4808 574 4848 se
597 4807 696 4853 amare
719 4790 766 4849 vel
790 4787 887 4850 odisse
909 4789 1091 4864 quempiam,
1118 4789 1279 4846 nescientes
1302 4787 1340 4845 ob
1363 4804 1451 4862 quam
1474 4805 1546 4849 cau-

197 4891 268 4933 sam.
315 4872 397 4934 'l'sfis
419 4878 538 4951 inquarn
571 4886 615 4936 est
638 4879 667 4934 in
690 4880 805 4938 animae
827 4875 1015 4936 facultatibus
1037 4873 1220 4956 inferioribus
1247 4890 1350 4932 sensus
1378 4876 1546 4952 proportio·

197 4977 266 5021 num
289 4963 353 5021 sine
376 4980 472 5022 sensu.
518 4962 602 5022 Adeo
625 4982 720 5040 neque
744 4965 927 5041 distinguunt
948 4962 1165 5040 proportionem
1195 4978 1214 5019 a
1241 4962 1370 5019 terminis
1397 4980 1451 5023 seu
1473 4962 1546 5022 sub·

193 5048 272 5123 jecto
296 5066 350 5108 suo
374 5048 418 5129 (ut
441 5067 505 5109 cum
526 5051 631 5109 audita
649 5052 780 5128 jucunda
804 5050 950 5111 cantilena
971 5055 1086 5126 praeter
1108 5064 1196 5106 sonos
1222 5048 1302 5125 ipsos
1325 5047 1397 5106 nihil
1420 5049 1456 5108 de
1472 5051 1545 5108 artf-

196 5135 261 5196 ticio
284 5138 350 5213 ipso
373 5137 548 5216 cogitamus)
576 5156 630 5197 nec
651 5138 738 5215 plane
760 5140 942 5214 distinguunt
964 5139 1040 5194 inter
1059 5152 1093 5194 se
1115 5134 1246 5193 diversas
1268 5133 1451 5211 barmonias3
1477 5144 1546 5195 tau·

197 5230 257 5282 tum
279 5241 308 5281 n.
333 5224 413 5300 quod
428 5227 496 5298 siut,
520 5225 764 5300 animadvertunt,
788 5224 921 5301 quidve]
938 5240 1026 5299 quam
1043 5224 1142 5280 varias
1156 5222 1224 5291 sint,
1246 5224 1389 5281 nesciunt.
1428 5221 1545 5302 Quippe

196 5311 277 5386 ipsae
301 5311 389 5370 etiam
410 5311 496 5389 ideae
520 5313 749 5385 harmoniarum,
778 5329 853 5387 quas
875 5312 931 5370 hae
955 5310 1105 5368 inferiores
1126 5310 1242 5366 animae
1268 5309 1423 5381 facultates
1445 5323 1545 5371 secum

195 5396 305 5457 habent
327 5400 417 5471 intus,
441 5417 499 5457 non
522 5400 608 5477 plane
631 5417 719 5477 purae
735 5400 807 5476 ipsis
821 5406 890 5457 suut
904 5398 1068 5466 instinctas,
1092 5394 1142 5453 sed
1165 5412 1231 5454 cum
1254 5395 1412 5458 involucris
1434 5398 1544 5475 speciei

197 5486 368 5562 subjectae,
399 5486 463 5561 ejus
485 5504 526 5545 sc.
557 5505 633 5563 quae
656 5486 798 5561 cujusque
821 5482 969 5545 facultatis
991 5484 1029 5541 sit
1052 5481 1210 5556 objectum.
1253 5482 1396 5543 Nimirum
1419 5484 1546 5546 facultas
1578 5479 1581 5483 ’

195 5572 312 5632 auditus
335 5571 379 5651 (ut
405 5573 538 5649 exemplo
567 5591 704 5633 sonorum
735 5570 974 5634 concordantium
1004 5576 1118 5627 utamur
1147 5570 1214 5632 loco
1243 5568 1396 5652 omnium),
1429 5573 1545 5659 corpqri

246 5680 470 5734 mosacen-r.
851 5728 855 5732 ,
1226 5728 1228 5732 .
1350 5675 1388 5736 15
