3684 7259
588 1186 727 1245 indiciam
744 1186 855 1257 liepkri
872 1185 907 1245 de¹
924 1199 1111 1246 mensurarum
1130 1189 1299 1266 aquabona.
1553 1197 1615 1258 bib

259 1366 361 1429 mount
378 1367 539 1430 unumque,
567 1368 597 1417 et
612 1363 641 1416 in
657 1368 775 1432 puncto,
803 1361 848 1415 ubi
867 1369 982 1431 utaque
999 1363 1070 1433 coit,
1097 1363 1178 1444 datpr
1199 1366 1300 1420 erectio
1323 1371 1417 1436 rectae
1433 1364 1614 1437 perpendicu-

260 1440 325 1495 laris
344 1441 378 1495 ad
397 1456 557 1496 concursum
576 1457 664 1509 usqne
683 1440 925 1496 circumferentiae.
951 1442 1004 1497 Hic
1034 1503 1039 1510 ,
1073 1451 1077 1456 “
1121 1435 1186 1500 '‘et
1203 1444 1262 1512 ejus
1280 1445 1351 1499 dnae
1369 1452 1470 1513 partes,
1489 1443 1615 1501 diametri

260 1528 290 1573 et
306 1529 398 1577 rectus
417 1520 543 1589 angulus,
569 1520 746 1576 substernunt
764 1536 794 1576 se
812 1520 928 1588 subjecti
945 1522 1014 1588 loco,
1112 1509 1122 1590 ',
1139 1515 1196 1594 nii,-
1213 1531 1244 1578 nt
1260 1524 1349 1593 possit
1366 1530 1393 1579 et
1407 1525 1436 1579 in
1448 1530 1538 1580 mente
1549 1517 1613 1579 sub

260 1598 357 1654 sistere
375 1606 404 1652 et
430 1600 459 1652 iu
486 1616 556 1669 opus
581 1600 695 1669 perduci
718 1596 873 1670 praeceptis
895 1602 1059 1680 exquisitis,
1140 1601 1182 1658 “di
1199 1603 1336 1658 terminati
1354 1617 1459 1658 sensns.
1494 1603 1556 1659 Neu
1573 1602 1614 1660 sic

258 1677 328 1733 duae
349 1678 463 1734 mediae.
1278 1691 1282 1696 ·

347 1758 441 1812 Tertio
467 1756 578 1824 objiciet
607 1757 719 1826 ahquie,
742 1772 825 1826 posse
849 1765 941 1812 tamen
966 1773 1028 1813 esse
1050 1760 1149 1813 cubum
1167 1759 1229 1813 cubi
1247 1759 1370 1834 precelse
1389 1759 1508 1828 duplum.
1545 1758 1613 1813 Res·

257 1835 374 1905 pendeo.
393 1834 461 1889 nihil
477 1834 591 1905 impedit
609 1844 637 1890 et
654 1850 715 1891 esse
734 1844 761 1889 et
779 1851 890 1890 manere
913 1837 994 1902 hunc,
1013 1833 1132 1890 simodo
1147 1837 1296 1891 constitui
1312 1844 1409 1910 posset
1434 1843 1462 1892 et
1489 1835 1613 1892 describi.

213 1922 216 1928 '
259 1914 425 1984 Quantisper
443 1922 533 1970 autem
553 1931 606 1969 non
626 1914 800 1984 describitur,
826 1921 881 1968 hon
899 1923 942 1968 est
960 1915 1077 1982 quidem.
1115 1913 1258 1981 Quantitas
1286 1909 1396 1988 quidem
1422 1914 1523 1970 dimidii
1550 1913 1613 1969 cubi

259 1996 334 2049 inest
350 1995 379 2048 in
396 2002 463 2061 toto,
492 1992 539 2047 sed
557 1992 605 2046 illa
623 1995 709 2049 cubus
727 2010 781 2047 non
800 2002 850 2048 est.
887 1994 980 2049 Cubus
997 1993 1068 2046 enim
1087 1998 1129 2046 est
1149 2007 1247 2055 nomen
1265 1989 1377 2062 figurae,
1394 2000 1422 2047 ct
1439 1992 1526 2061 figura
1544 2006 1615 2060 opus

260 2072 343 2127 habet
362 2072 552 2140 descriptione.
589 2074 783 2129 Proinde.dici
809 2081 918 2143 posset,
946 2074 1094 2129 subsistere
1119 2071 1295 2126 materialiter
1320 2078 1350 2128 at
1374 2089 1429 2127 non
1456 2071 1612 2127 formaliter.

257 2150 438 2207 historialiter
457 2159 499 2206 est
517 2154 626 2221 quidem
644 2153 753 2222 aliquod
772 2161 903 2222 punctum
920 2154 950 2207 in
967 2151 1054 2225 latere
1073 2150 1143 2218 cubi,
1162 2150 1311 2205 terminans
1329 2150 1433 2205 dimidii
1450 2150 1512 2206 cubi
1530 2150 1612 2217 latus,

253 2232 305 2287 sed
317 2232 345 2287 id
357 2239 488 2301 punctum
499 2229 575 2286 nulia
593 2248 710 2301 unquam
729 2234 834 2287 ratione
848 2231 966 2288 describi
983 2237 1031 2284 aut
1049 2229 1151 2299 signari
1168 2236 1266 2297 potest.
1300 2229 1379 2284 Unde
1396 2238 1424 2284 et
1442 2229 1494 2284 hoc
1511 2228 1612 2284 adden·

256 2311 335 2365 dum:
355 2311 422 2365 duas
440 2309 544 2365 medias
562 2326 623 2366 esse
643 2311 751 2378 quidem
770 2327 817 2366 ens
835 2312 864 2365 in
882 2311 1014 2380 porentia,
1033 2309 1082 2364 sed
1100 2325 1156 2375 uon
1167 2308 1195 2361 in
1208 2309 1331 2376 potentia
1342 2308 1514 2376 geometrica.
1540 2308 1612 2363 Nam

255 2388 420 2459 geometrice
437 2403 509 2456 quae
527 2395 643 2456 possunt
662 2389 723 2457 dici,
742 2397 823 2444 antea
841 2398 906 2445 sunt
924 2397 987 2445 actu
1005 2390 1032 2443 in
1050 2395 1149 2455 mente,
1165 2388 1278 2458 physice
1296 2404 1360 2443 vero
1372 2388 1451 2458 linea,
1470 2405 1540 2458 qnae
1552 2399 1608 2444 unu

255 2473 298 2523 est
315 2473 398 2531 recta,
416 2466 610 2535 secanpotest,
629 2475 657 2521 et
675 2468 703 2522 in
721 2476 859 2538 punctum,
878 2469 905 2523 in
923 2483 978 2536 qno
995 2465 1050 2522 non
1068 2484 1171 2537 snmus,
1189 2468 1368 2523 continuitate
1384 2468 1500 2537 physica
1518 2475 1606 2548 trana-

256 2545 348 2601 itionis
366 2545 475 2600 tandem
497 2545 622 2600 devenire
641 2562 794 2615 possumus.
874 2596 876 2600 .

343 2623 397 2677 Sed
415 2623 505 2694 recepi
524 2639 615 2692 supro,
642 2640 686 2679 me
712 2625 821 2693 hancin
841 2628 1001 2680 ›Processu‹
1026 2640 1182 2696 expressam
1201 2624 1312 2694 lineam,
1330 2642 1401 2695 quae
1417 2625 1534 2682 traditur
1551 2642 1601 2697 pro

255 2701 340 2757 latere
359 2702 421 2758 cubi
436 2703 453 2757 8
471 2718 626 2756 marcarum
647 2707 734 2770 aquae
757 2703 903 2770 fontanae,
931 2704 1150 2758 confirmaturum
1177 2713 1274 2773 quarte
1303 2706 1414 2776 insuper
1439 2714 1607 2775 argumente.

254 2782 316 2836 Erit
340 2779 477 2836 autemid
500 2781 609 2835 maximi
633 2782 779 2849 momenti,
808 2783 831 2836 si
857 2782 937 2838 modo
956 2783 1090 2838 sincerum
1117 2798 1205 2850 neque
1226 2782 1298 2837 forte
1320 2800 1369 2854 per
1393 2783 1526 2838 fallaciam
1536 2779 1608 2852 ‚nuri
1684 2819 1687 2824 Δ

254 2860 382 2931 obrepsit,
402 2867 489 2915 ortum
507 2877 550 2914 me
568 2862 662 2929 ignaro
681 2879 715 2917 ex
734 2863 829 2918 iisdem
847 2862 995 2933 principiis,
1021 2862 1171 2930 exquibus
1194 2862 1314 2931 antiqua.
1350 2863 1419 2918 Dico
1438 2863 1614 2933 experimen·'

252 2940 382 3000 tationem
400 2939 448 3010 per
475 2939 614 3006 foumuam
640 2941 667 2994 in
686 2942 786 2997 cubum
803 2942 941 2998 redactam
959 2941 1061 3011 optime
1078 2941 1194 3006 habere;
1221 2943 1275 2997 hoc
1302 2942 1432 2996 testificor
1457 2958 1512 2997 non
1538 2956 1607 3018 meo,

253 3019 302 3075 sed
319 3021 379 3090 ipso
398 3028 520 3074 retemm
535 3021 718 3075 Romanorum
736 3022 930 3091 experimento.
967 3022 1004 3094 Ut
1020 3020 1073 3075 hoc
1092 3020 1217 3090 probem,
1242 3020 1432 3075 assumendum
1451 3029 1507 3088 est,
1533 3019 1607 3089 qued

253 3104 400 3155 Processns
423 3100 524 3167 ubique
544 3101 641 3168 recipit
666 3101 728 3167 (etsi
746 3102 871 3156 Mariana
895 3100 1051 3167 labefactet)
1078 3099 1234 3154 drachmam
1260 3108 1392 3163 nostram,
1407 3098 1520 3155 eandem
1547 3115 1607 3155 esse

252 3194 315 3232 cum
332 3177 416 3232 veteri
435 3178 625 3242 Romanorum,
644 3178 709 3232 itern
728 3181 821 3235 uncias
841 3181 874 3234 12
892 3196 942 3235 seu
962 3178 1105 3233 drachmas
1123 3179 1157 3234 96
1175 3179 1265 3232 inesse
1282 3179 1309 3244 in
1327 3177 1397 3231 libra
1413 3177 1606 3233 Romanorum.

252 3256 368 3310 Romani
386 3272 461 3324 ergo,
482 3256 619 3311 referente
637 3265 664 3311 et
684 3262 846 3313 »Processu«
875 3258 1007 3326 chiarinna
1029 3274 1092 3312 vero
1114 3273 1225 3311 rursum
1249 3257 1379 3324 remonte)
1401 3256 1561 3311 invenerunt
1576 3257 1606 3311 iu

251 3336 322 3389 cubo
342 3335 384 3388 sui
402 3335 480 3405 pedis
501 3352 590 3404 aquae
608 3335 735 3392 fontanae
754 3338 838 3394 libras
857 3340 899 3406 ee,
917 3338 943 3392 h.
962 3354 984 3392 e.
1004 3336 1145 3391 drachmas
1164 3336 1242 3392 9216.
1278 3336 1365 3403 lgitnr
1384 3334 1407 3389 si
1425 3344 1541 3404 uterque
1558 3350 1605 3409 ex-

251 3413 353 3480 quisite
370 3414 423 3467 fuit
439 3423 584 3483 operatus,
614 3422 643 3468 et
661 3416 799 3471 Romanus
825 3417 872 3470 ille
900 3424 928 3470 et
954 3413 1036 3483 hrrjns
1057 3413 1236 3469 ›Processus‹
1258 3414 1387 3483 scriptor,
1415 3420 1522 3483 oportet
1539 3413 1606 3470 ut8

253 3505 438 3559 marcae‚·seu
459 3494 492 3547 til
510 3493 613 3559 unciae,
635 3509 684 3549 sen
703 3495 753 3549 512
771 3493 916 3550 drachmae
943 3508 1029 3562 aquae
1047 3491 1173 3545 fontanae
1199 3491 1233 3545 de
1253 3492 1378 3561 ‚partibus
1396 3492 1473 3563 pedis
1491 3493 1607 3548 Romani

250 3572 283 3626 21
304 3578 445 3625 assumant
461 3570 489 3624 in
509 3571 571 3626 cubi
593 3572 635 3626 sui
654 3572 726 3626 latus
743 3573 769 3627 8.
807 3573 877 3626 Nam
895 3573 982 3627 cubus
1001 3570 1035 3624 de
1053 3571 1084 3624 21
1105 3578 1148 3624 est
1165 3570 1245 3637 9261,
1273 3570 1319 3637 qui
1340 3586 1468 3626 numerus
1492 3577 1604 3641 superat

251 3650 395 3712 drachmas
413 3664 500 3719 aquae
518 3649 588 3706 tait
607 3650 634 3703 iu
647 3648 736 3718 pedali
755 3649 824 3705 cubo
835 3651 956 3705 Romano
967 3665 1020 3703 non
1031 3648 1091 3719 plus
1109 3650 1142 3702 ln
1162 3647 1309 3717 particulis.
1327 3647 1423 3717 Itaque
1436 3650 1498 3705 siin
1510 3658 1604 3705 nosue

252 3727 322 3784 cubo
341 3737 418 3783 muta
437 3735 480 3783 est
497 3721 633 3796 drachma,
653 3738 757 3796 quauta
773 3729 801 3783 in
820 3730 952 3798 Romano,
971 3729 1045 3798 quod
1062 3742 1169 3797 semper
1186 3744 1274 3797 pono,
1292 3728 1414 3797 qualium
1430 3728 1514 3797 igitur
1531 3729 1603 3784 latus

250 3808 337 3862 uestri
355 3806 416 3862 cubi
434 3813 477 3861 est
494 3806 519 3874 8,
538 3806 633 3859 talium
651 3823 705 3860 non
725 3806 805 3877 plane
822 3811 865 3875 21,
884 3807 942 3862 fere
960 3817 1050 3863 tamen
1069 3808 1118 3876 21,
1147 3814 1189 3861 eat
1212 3807 1285 3861 letus
1303 3808 1365 3862 cubi
1384 3807 1509 3862 Romani.
1543 3807 1605 3861 Hoc

249 3891 394 3940 estonum
414 3883 653 3939 demonstrationis
672 3900 748 3940 meae
767 3886 926 3940 membrum.
1280 3935 1282 3939 .

183 4020 189 4030 ,
338 3964 463 4018 Alterum
481 3963 629 4018 membrum
648 3964 687 4019 sic
705 3965 797 4021 habet.
833 3965 914 4033 Apud
934 3964 1058 4020 Caesaris
1080 3970 1318 4033 automatopoeurn
1341 3965 1430 4020 inveni
1449 3980 1603 4020 mensnram

248 4039 460 4114 psdn'uomooi
485 4042 567 4114 paulo
585 4042 715 4111 majorem
733 4045 894 4113 Viennensi,
915 4061 996 4113 quam
1014 4059 1167 4100 mensuram
1186 4044 1244 4114 ipse
1262 4043 1394 4098 aJacoho
1414 4043 1507 4099 Curtio
1525 4044 1603 4099 Vice-

249 4120 411 4178 caueelltrio
426 4120 537 4192 imperii
566 4122 671 4192 accepit
697 4124 791 4192 aitque
817 4140 922 4178 summo
949 4124 997 4177 riri
1021 4117 1112 4178 studio
1136 4123 1222 4177 Roma
1240 4122 1406 4177 accersitam.
1442 4122 1512 4176 Eam
1530 4138 1603 4178 men·

249 4215 343 4257 suram
360 4216 412 4269 ego
429 4200 445 4254 2
464 4201 604 4272 puncturis
623 4204 799 4258 transversim
817 4203 914 4259 locatis
932 4201 1060 4258 transtuli
1081 4202 1109 4256 iu
1127 4202 1209 4270 hujus
1228 4201 1289 4257 libri
1307 4200 1464 4270 operculum
1482 4201 1603 4258 anterim

248 4280 364 4350 ejusque
382 4279 557 4348 superficiem
575 4280 729 4337 interiorem
748 4297 934 4353 papyraceam.
971 4280 1172 4351 Comprehensa
1197 4281 1280 4349 igitur
1304 4280 1487 4350 circinopars
1505 4288 1602 4336 octava

249 4358 344 4416 lateris
356 4358 452 4426 cubici,
471 4361 488 4413 8
505 4375 656 4413 marcarum
674 4376 762 4429 aquae
787 4360 856 4415 adeo
883 4360 1006 4430 praecise
1031 4375 1142 4415 emensa
1166 4359 1217 4414 fnit
1235 4359 1331 4430 pedem
1348 4357 1425 4412 illum
1443 4359 1600 4415 Carbanum

244 4439 335 4498 nous
351 4437 528 4508 accersitum,
554 4446 585 4493 ut
602 4438 631 4492 iu
649 4438 776 4495 vicesimo
795 4438 881 4510 prime
900 4444 964 4495 actu
980 4438 1025 4494 rix
1044 4437 1219 4508 agnoscibili,
1243 4438 1335 4508 aliqua
1352 4444 1442 4492 tamen
1460 4438 1607 4509 particula„

246 4518 404 4576 uoesserit

333 4595 584 4671 Haecadnrirabilis
598 4595 775 4665 congruentia
793 4594 927 4665 suspicari
938 4611 981 4651 me
999 4595 1316 4672 facit,‚commnnicatum
1333 4594 1419 4652 fuisse
1436 4612 1497 4653 cum
1507 4596 1600 4653 Curtio

250 4677 432 4733 ›Processnsr
452 4674 534 4742 hujus
552 4672 705 4729 aru'ficium.
742 4673 796 4729 Sed
814 4673 975 4729 concludam
983 4655 1126 4752 mothorp&
1160 4674 1251 4732 Primo
1265 4675 1289 4729 si
1299 4673 1407 4730 Curtius
1419 4674 1502 4745 hujus
1519 4674 1600 4729 ›Pro-

244 4771 356 4815 missus‹
379 4755 431 4811 fnit
456 4754 584 4824 ignarus,
612 4753 664 4806 etsi
690 4753 795 4823 accepit
814 4754 901 4807 Roma
926 4735 1280 4825 cuniut'fdorbfepedem,
1309 4767 1390 4823 quem
1416 4754 1544 4811 Budaeus
1571 4761 1600 4811 et

248 4835 401 4894 Glareanus
426 4835 526 4890 nostris
545 4833 675 4888 Romanis
701 4846 789 4902 nuper
812 4831 968 4886 indicarunt
989 4829 1099 4906 π’,ῼξο
1116 4846 1176 4887 sno
1202 4831 1318 4885 mhahili
1344 4831 1484 4904 Parisino,
1508 4840 1599 4890 minen

246 4915 360 4980 mimice
374 4902 560 4971 ¹confirmatur
588 4911 728 4981 diligentia
745 4915 890 4965 Procesens
909 4911 1009 4980 huius-1
1031 4909 1035 4920 '
1063 4911 1240 4986 jt‘ppsensnm
1261 4912 1360 4967 veteris
1382 4903 1472 4978 illins,¹
1482 4912 1529 4982 qui
1546 4911 1599 4968 Pa·

245 4989 322 5052 risini
349 4996 426 5067 pedis
445 4995 497 5049 fuit
514 5001 618 5048 auctor.
655 4990 759 5045 Deinde
785 4919 1109 5128 5101111111Μῇ
1131 4988 1227 5060 pedem
1254 4988 1395 5058 antiquum
1422 4992 1542 5062 accepit,
1571 4997 1599 5047 et

245 5076 294 5148 qui
310 5093 365 5132 non
383 5090 417 5129 ex
429 5074 560 5129 relatione
573 5070 676 5126 Budaei
689 5069 742 5124 hec
760 5067 867 5122 demum
885 5068 978 5124 seculn'
990 5083 1041 5124 con
1106 5065 1154 5124 bns
1167 5067 1231 5124 fnit:
1249 5076 1315 5124 tunc
1327 5069 1476 5124 certissime
1485 5071 1597 5132 demon

245 5161 362 5212 atratum
380 5159 431 5221 est,
450 5153 604 5208 drachmam
622 5145 782 5204 hodiernam
800 5147 886 5202 ueteri
904 5148 1201 5218 aequalemconcesso
1218 5155 1327 5217 tamem
1342 5147 1415 5216 qnod
1439 5149 1525 5204 cubus
1543 5150 1597 5204 Ro·

244 5249 342 5290 manus
360 5230 464 5304 pedalis
481 5229 566 5287 libras
584 5244 671 5300 aquae
689 5230 723 5286 96
740 5246 796 5286 non
813 5228 925 5285 Parisiis
941 5237 1058 5300 mutum,
1075 5228 1123 5284 sed
1140 5228 1241 5298 ubique
1258 5231 1368 5305 ceperit
1387 5230 1446 5300 (cfr.
1464 5232 1508 5287 fol.
1527 5232 1598 5301 net.)

786 5409 839 5469 dd
861 5408 983 5486 caput
1004 5408 1057 5469 VI.

247 5620 251 5636 ,
333 5566 366 5622 Ιιι
383 5563 541 5622 reductione
560 5560 623 5618 cubi
641 5560 677 5619 ad
694 5560 844 5639 cylindrum
869 5569 897 5618 et
920 5561 1065 5632 sphaeram
1087 5563 1192 5628 numeri
1215 5565 1246 5621 11
1265 5562 1301 5619 ad
1318 5563 1353 5620 14
1371 5565 1424 5621 snb
1441 5524 1596 5621 conditione

244 5651 311 5718 aaut
327 5645 402 5703 reci.
425 5645 497 5703 Nam
513 5657 694 5715 quecunque
710 5642 782 5700 inter
799 5657 830 5698 se
846 5641 1047 5730 communicant
1066 5643 1215 5711 mutate,
1239 5650 1375 5715 quamnns
1395 5643 1608 5701 accommodi·
