3684 7259
266 1206 330 1270 155
512 1205 516 1220 ‘
678 1206 720 1260 ne
738 1204 1001 1275 comssationibus
1021 1162 1198 1293 simonae

353 1385 474 1444 Trinum
504 1384 593 1443 etiam
621 1391 651 1443 et
683 1383 857 1460 quadratum
887 1393 917 1445 at
948 1386 1100 1462 quintilem
1131 1395 1161 1446 et
1192 1385 1376 1463 biquiutilem
1407 1386 1631 1463 prolegomena·²

266 1473 467 1551 Ephemeridis
489 1472 600 1530 iaciunt
622 1474 816 1547 aequalentia
836 1476 941 1547 primu
963 1482 991 1532 et
1013 1474 1201 1552 validissima
1223 1492 1334 1546 cauea,
1357 1483 1430 1550 puta
1452 1492 1621 1550 congruen-

266 1563 326 1620 tiae
348 1565 439 1636 purae
462 1560 499 1617 in*
514 1557 624 1629 solido,
655 1558 693 1617 ad
726 1560 944 1620 constituendas
971 1561 1077 1636 ligures
1109 1562 1218 1620 solidas
1248 1561 1410 1637 regulares3
1442 1564 1571 1621 trinum·
1592 1571 1623 1627 et

267 1648 455 1724 quadratum
479 1646 538 1704 dixi
562 1646 671 1704 addere
693 1664 819 1705 caueam
832 1639 1005 1721 secundam,
1029 1667 1092 1708 non
1106 1650 1202 1709 multo
1218 1650 1368 1722 leuiorem,
1391 1638 1521 1724 intellige
1546 1666 1625 1709 con·

199 1799 203 1806 ,
267 1737 430 1811 gruentiem
461 1751 563 1811 puram
591 1733 747 1808 figurarum
775 1737 803 1792 in
826 1734 925 1811 plano.
970 1734 1053 1796 Haec
1076 1736 1194 1811 quidem
1225 1740 1313 1795 etiam
1333 1736 1430 1812 aextill
1455 1740 1621 1797 communis

267 1831 319 1895 est,
344 1840 445 1881 verum
468 1838 532 1880 earn
556 1819 605 1879 ille
627 1837 685 1880 non
708 1820 789 1880 addit
811 1824 931 1897 primae,
955 1822 1008 1882 sed
1029 1825 1254 1899 separatam-ab
1270 1824 1321 1882 illa
1342 1822 1481 1900 possidet.
1505 1823 1622 1897 Quem-

108 1888 113 1897 ·
225 1942 230 1952 ·
266 1909 425 1969 admodum
448 1908 618 1985 quadratus
639 1916 668 1967 at
688 1912 809 1967 tertiam
831 1926 957 1968 caueam
980 1910 1091 1969 addere
1113 1911 1295 1987 perhibetur,
1318 1914 1391 1986 puta
1413 1911 1622 1973 effabilitatem

266 1997 363 2074 plani,
385 2014 444 2055 non
468 1996 545 2071 quod
570 2013 605 2053 ea
627 2012 685 2053 non
709 1999 796 2073 etiam
819 1998 992 2056 semisextus
1020 2000 1189 2074 participet,
1218 1998 1268 2056 sed
1298 2001 1375 2073 quia,
1399 2015 1475 2073 quae
1498 2009 1568 2058 sunt
1590 2003 1622 2060 iu

268 2086 371 2145 ceteris
394 2083 535 2159 singulae,
560 2082 629 2142 illae
652 2086 681 2140 in
705 2083 847 2158 quadrato
870 2084 1060 2153 cumulantur,
1085 2093 1118 2143 ut
1133 2086 1192 2164 ,liat
1213 2087 1342 2143 emnium
1364 2089 1597 2160 potentissimus.

339 2172 402 2231 xSic
425 2175 454 2229 in
477 2170 663 2245 colligendis¹
682 2172 827 2247 suffragiis
859 2189 912 2247 pro
944 2173 1040 2230 sextili
1065 2174 1203 2248 aliquam
1224 2174 1410 2232 nobilitatem
1433 2176 1460 2231 ei
1481 2192 1623 2240 comeum

242 2313 247 2328 ,.
266 2276 340 2318 nan
359 2277 429 2318 eum
451 2262 586 2334 opposito
618 2276 677 2316 aeae
700 2258 774 2328 dixi,
808 2259 1008 2318 affabilitatem
1039 2261 1162 2326 innuens
1193 2260 1292 2319 lateris
1315 2259 1442 2334 figurae,
1473 2262 1544 2335 quia
1577 2269 1633 2323 est·

211 2345 216 2353 '
267 2346 419 2405 dimidium
443 2346 574 2405 diametri
597 2345 706 2405 circuli.
738 2346 870 2404 Rursum
887 2346 980 2405 eidem
1006 2347 1112 2422 aliqua
1133 2348 1274 2406 nobilitas
1296 2355 1339 2412 cet
1359 2352 1527 2407 commune
1550 2361 1623 2410 caen

246 2429 348 2493 'trino
370 2442 399 2493 et
420 2434 588 2509 quadrato,
622 2435 757 2491 nimirum
780 2437 969 2508 congruentia
991 2452 1065 2509 pura
1087 2437 1116 2491 in
1139 2434 1244 2509 pleno,
1269 2434 1305 2493 de
1328 2452 1386 2509 qua
1408 2437 1498 2511 prius.
1544 2436 1622 2496 Nam

266 2525 330 2602 ejus
358 2523 466 2597 aliqua
494 2522 592 2580 tolum
624 2523 795 2595 porticula,
831 2522 887 2580 hoc
913 2530 957 2579 est
991 2525 1180 2596 congruentia
1210 2540 1275 2580 cum
1305 2522 1428 2580 aliarum
1456 2526 1621 2600 specierum

267 2610 376 2684 figuris,
400 2612 539 2684 competit
559 2612 716 2667 conuerte
739 2617 767 2666 et
788 2611 889 2667 ceteris
911 2609 1145 2683 ipnobdioribua.
1176 2609 1216 2668 In
1236 2610 1293 2667 boc
1314 2627 1385 2669 varo
1409 2613 1621 2685 congruentiae

264 2699 419 2772 porticula
441 2700 579 2772 primum
601 2696 883 2771 pradumobtinent
898 2699 1046 2755 tanaceti
1059 2704 1088 2754 at
1102 2698 1195 2756 aetitia
1208 2696 1327 2771 figurae,
1351 2699 1397 2755 cui
1419 2707 1521 2773 posset
1535 2716 1622 2757 asso-

267 2787 337 2847 cieri
360 2787 448 2843 etiem
471 2785 620 2843 semisextt
642 2782 741 2856 steila,
776 2787 846 2858 quia
869 2786 1073 2858 congruentia,
1108 2802 1196 2859 quam
1224 2783 1378 2855 inchoant,
1413 2785 1622 2847 continuabilis

181 2938 186 2947 ,
267 2881 320 2943 eet,
344 2875 407 2939 sine
431 2875 556 2930 mixtura
578 2871 734 2930 formarum
758 2871 958 2942 diversarum:
979 2871 1138 2930 secundum
1158 2871 1281 2946 gradum
1305 2871 1415 2929 babent
1437 2873 1570 2948 quintilis
1592 2881 1622 2934 ct

268 2959 448 3036 biquintilis,
483 2960 539 3018 nisi
562 2958 642 3033 quod
664 2957 752 3016 iidem
775 2958 947 3017 nobiliorem
976 2959 1087 3017 habent
1109 2961 1328 3033 congruentiam
1352 2961 1381 3015 in
1404 2960 1516 3031 solid03
1550 2964 1621 3020 item
1655 2981 1659 2987 ·

267 3047 418 3121 trioctssis,
443 3046 543 3106 decilis
566 3054 595 3104 et
618 3044 773 3116 tridecilis,
809 3048 879 3121 quia
901 3045 1001 3104 eorum
1024 3046 1134 3121 figurae
1158 3050 1328 3105 continuant
1351 3046 1469 3121 quidem
1493 3065 1622 3120 congru·
1652 3038 1657 3048 ’

267 3137 384 3205 entiam,
409 3132 461 3194 sed
484 3151 543 3193 non
567 3136 630 3191 sine
652 3136 792 3192 mixtione
809 3132 988 3191 diversarum
1004 3134 1175 3206 termarum3
1199 3142 1228 3193 et
1244 3151 1344 3192 omnes
1360 3136 1434 3194 istae
1457 3144 1622 3206 congruunt

267 3222 481 3298 quadamtenus
505 3222 593 3280 etiam
615 3223 644 3279 in
668 3220 763 3279 solido
794 3220 954 3280 secundum
984 3224 1077 3296 magis
1107 3225 1136 3279 et
1158 3223 1269 3293 minus,
1302 3230 1426 3295 excepta
1449 3225 1621 3295 quincuncis

266 3310 352 3369 stella
381 3310 614 3384 dodecagoniea,
649 3303 727 3383 quae'
752 3307 819 3366 ideo
849 3311 1017 3367 intertium
1045 3307 1167 3381 gradum
1189 3310 1324 3380 retertur,
1360 3312 1410 3366 cui
1435 3312 1529 3368 etiam·
1555 3329 1622 3371 ses·

267 3397 407 3475 quadrus,
429 3415 481 3456 seu
504 3397 642 3470 octogoni
664 3396 752 3453 stella
773 3395 894 3469 adjungi
918 3403 1023 3471 potest,
1048 3404 1165 3472 propter
1187 3397 1394 3455 obscuritatem
1416 3399 1566 3456 scientiae.

266 3494 268 3498 '
353 3485 476 3544 Extendi
494 3483 612 3559 quidem
627 3483 735 3558 gradm
747 3485 835 3541 etiam
850 3484 980 3553 ulterius,
1006 3482 1042 3540 ad
1059 3483 1221 3558 vigintilem
1237 3492 1266 3541 et
1282 3483 1485 3558 quindecilem,
1503 3485 1560 3544 boc
1575 3494 1620 3545 est
1661 3533 1664 3541 .

271 3572 309 3630 ad
325 3572 432 3647 figuras
450 3573 489 3631 15
506 3580 536 3631 et
551 3572 592 3628 20
607 3570 790 3643 angulorum,
815 3571 921 3644 quibus
945 3580 1084 3645 quartum·
1097 3571 1219 3645 gredmn
1243 3567 1287 3650 (in
1311 3570 1390 3628 dicta
1414 3576 1624 3645 coagmentiae

266 3660 409 3736 particula
432 3655 512 3740 sola)
536 3657 617 3718 dedi:
641 3675 759 3716 causam
783 3660 911 3716 continet
934 3667 1034 3739 nostre
1056 3676 1098 3733 pr.
1128 3660 1156 3716 3.
1180 3659 1267 3733 hujus
1297 3657 1372 3716 libri.
1419 3658 1518 3717 Stellis
1550 3678 1623 3721 vero

268 3765 365 3808 aarum
390 3750 509 3823 quintus
532 3745 639 3822 gradus
661 3745 716 3803 suit
739 3747 920 3819 assignatus,
955 3748 1024 3819 quia
1045 3744 1202 3805 scibilitate
1226 3762 1310 3822 peres
1339 3754 1407 3803 sunt
1435 3736 1536 3822 figuris
1559 3750 1623 3830 sul.

170 3867 176 3877 ·
265 3838 439 3912 primaevis,
463 3836 655 3910 congruentia
676 3833 845 3906 longissime
869 3834 1057 3907 posteriores,
1082 3842 1114 3890 ut
1137 3851 1212 3908 quae
1236 3840 1350 3892 tantum
1373 3843 1473 3891 eorum
1496 3835 1623 3908 angulos

266 3923 397 3998 singulos
420 3925 535 3982 attinet.
572 3921 681 3979 Verum
706 3919 735 3978 id
759 3938 815 3979 non
840 3934 901 3978 crat
924 3937 1043 3979 neeesse
1067 3928 1099 3978 ut
1121 3922 1263 3993 tacerem,
1297 3937 1361 3979 eum
1385 3921 1560 3995 nequidem
1584 3921 1622 3986 ed

265 4013 381 4069 tertium
405 4009 527 4084 gradum
551 4026 643 4081 usque
666 4010 822 4082 gignentur
845 4015 983 4082 aspectus
1005 4008 1093 4082 plane
1116 4008 1237 4081 indubii,
1261 4009 1465 4083 possimusque
1488 4012 1623 4084 speciose

266 4106 373 4157 nietam
395 4097 484 4173 figere
506 4096 719 4173 pullulantibus
742 4096 911 4170 aspectibus
935 4096 963 4152 in
998 4094 1084 4153 solidi
1108 4099 1296 4170 congruentia
1320 4098 1399 4169 etin
1422 4096 1554 4171 perlecta
1576 4097 1624 4156 la-

265 4188 336 4245 teris
369 4184 417 4244 vel
451 4185 532 4259 plani
560 4184 740 4242 affabilitate.
788 4181 899 4257 Quare,
916 4180 1080 4258 potius'ex
1104 4182 1209 4242 finibus
1240 4183 1380 4240 librorum
1404 4182 1426 4239 1.
1452 4192 1481 4242 et
1505 4184 1544 4240 ll.
1567 4202 1622 4260 pe-

182 4299 186 4308 ·
265 4280 364 4332 tantun
386 4271 495 4348 gradus
520 4271 682 4330 nobilitatis
705 4270 880 4345 figurarum,
904 4287 939 4328 ex
964 4270 1070 4345 quibus
1093 4270 1150 4331 boc
1172 4270 1246 4330 libre
1270 4271 1398 4329 distincti
1421 4279 1488 4329 sunt
1512 4272 1622 4346 gradus

266 4369 447 4438 aspectuum.
912 4368 915 4372 ’

819 4607 961 4677 curor
990 4608 1053 4677 vn.
1118 4556 1119 4560 Ὺ

265 4789 450 4859 Epilogus,
476 4788 517 4841 do
542 4795 667 4842 nutura
685 4788 863 4843 sublunari
888 4789 1188 4856 facultatibusque
1211 4789 1351 4843 animae
1375 4790 1622 4860 interioribus,

525 4875 737 4944 praesertim
757 4876 811 4940 iis,
840 4876 965 4945 quibus
984 4876 1189 4941 Astrologia
1213 4876 1359 4930 nititur.

350 5052 446 5113 Multa
469 5054 505 5113 de
534 5054 590 5113 hac
612 5056 860 5131 contemplatione
884 5057 980 5131 capite
1013 5052 1158 5125 secundo,
1192 5055 1284 5112 multa
1307 5062 1368 5113 toto
1391 5053 1448 5113 hoc
1469 5053 1545 5114 libro
1568 5055 1622 5130 IV,

264 5142 405 5201 nonnulla
428 5144 517 5200 etiam
541 5142 614 5201 libro
637 5143 692 5201 lJl.
716 5151 784 5200 sunt
807 5143 894 5212 diota,
919 5149 947 5200 et
971 5152 1039 5199 ante
1062 5159 1169 5204 annum
1192 5144 1221 5199 in
1237 5141 1451 5216 prolegomenis
1467 5142 1618 5219 Epheme-

264 5230 359 5288 ridum
381 5234 469 5304 inque
486 5230 636 5305 Epitomes
653 5231 858 5289 Astronomiae
874 5231 1093 5304 Copemicanae
1108 5229 1183 5287 libro
1200 5230 1225 5287 1.’
1241 5230 1289 5288 sol.
1310 5232 1381 5307 125,
1404 5247 1518 5288 rursum
1543 5249 1621 5291 anno

252 5320 361 5390 1610,
384 5319 413 5373 in
438 5317 538 5376 Tertio
562 5313 786 5387 Interveniente,
810 5320 938 5374 numeris
955 5335 972 5374 a
988 5319 1029 5374 40
1052 5320 1081 5373 iu
1097 5320 1148 5387 43,
1173 5325 1201 5375 et
1223 5335 1242 5375 a
1267 5319 1305 5374 59
1330 5319 1358 5373 in
1376 5320 1414 5375 72
1440 5326 1469 5375 et
1489 5321 1548 5377 113
1566 5328 1621 5381 etc.

265 5408 354 5480 inque
376 5409 566 5479 responsione
589 5406 626 5463 ad
659 5408 775 5480 objecta
798 5406 912 5463 Riislini
937 5410 965 5474 (1.
985 5408 1037 5463 582
1055 5426 1097 5471 ss,
1116 5409 1167 5463 5119
1187 5427 1227 5475 ss,
1256 5410 1341 5477 ttssiti3
1367 5416 1395 5462 et
1423 5423 1499 5463 anno
1527 5408 1620 5465 1606.

148 5568 150 5573 Α
265 5495 294 5551 in
318 5493 391 5551 rrsro
416 5493 451 5549 re
476 5491 568 5550 siena
592 5493 691 5564 nova,
725 5511 787 5569 sap.
814 5493 896 5550 rm.
929 5492 985 5551 rx.
1015 5491 1057 5550 x.
1080 5501 1108 5550 et
1124 5492 1244 5550 xxiv.
1269 5491 1421 5565 xxviii.
1450 5478 1646 5567 praesertim

265 5599 284 5638 a
305 5580 356 5638 tol.
383 5582 453 5640 iil.
478 5582 507 5635 in
535 5581 603 5636 115.
629 5575 817 5660 (1111915)
842 5590 871 5639 et
899 5581 1096 5663 1111101604.
1126 5583 1155 5635 in
1180 5580 1386 5638 Astronomiae
1409 5589 1490 5656 parte
1514 5577 1621 5656 Optica

263 5667 316 5727 tol.
341 5671 391 5741 26,
416 5670 456 5723 21
482 5659 682 5725 51101114.
716 5672 756 5735 (11.
778 5674 826 5729 113
844 5690 864 5724 s.
880 5673 950 5739 270.)
994 5668 1069 5725 Nam
1092 5670 1293 5743 prognostica,
1322 5667 1488 5757 quibusda
1507 5668 1620 5729 tunda-
