3684 7259
854 947 861 974 i

300 1200 364 1260 240
711 1189 753 1243 De
771 1184 1033 1255 Gontignrationrbus
1050 1188 1229 1246 Harmoniois.
1330 1248 1333 1251 ,

254 1402 263 1425 t
299 1367 424 1439 quadrati
441 1377 556 1422 ιιιιιιι
573 1362 609 1419 ad
626 1361 786 1417 diametrum
804 1360 847 1415 vel
865 1362 925 1430 ejus
943 1363 1113 1431 quadratum.
1149 1364 1242 1421 Posito
1260 1367 1354 1429 igitur.
1379 1367 1452 1438 quod
1469 1374 1568 1425 ιιιιιι
1584 1372 1649 1426 snb·

190 1477 206 1491 .
297 1448 401 1523 lunaris
418 1446 519 1500 babeat
536 1459 647 1499 sensum
664 1441 758 1496 circuli
774 1438 892 1507 zodiaci,
915 1440 1010 1496 cuculi
1028 1442 1152 1499 nimirum
1171 1446 1321 1510 sensibilis,
1345 1447 1412 1502 ioris
1430 1450 1543 1518 stantis,
1567 1467 1650 1518 quem

299 1530 360 1597 ipsa
378 1525 515 1582 examinet
534 1524 568 1577 ad
586 1522 674 1576 ideam
692 1520 788 1575 circuli
804 1519 936 1575 abstracti
953 1521 1157 1593 intellectualis,
1182 1541 1263 1592 qnam
1281 1524 1342 1593 ipsa
1360 1540 1451 1579 secum
1475 1526 1559 1581 habet
1577 1529 1651 1583 intus

300 1615 443 1661 connatam
468 1620 516 1658 sen
541 1609 720 1662 concreatam,
746 1607 812 1653 tunc
830 1614 895 1653 sane
923 1600 1062 1691 seqnitur,
1089 1602 1163 1670 qnod
1185 1602 1279 1656 ordine
1304 1610 1417 1657 naturae
1439 1605 1515 1672 prius
1541 1607 1651 1674 sentiat,

300 1693 417 1755 quantus
442 1700 521 1739 arcus
545 1680 648 1736 zodiaci
676 1680 711 1734 sit
736 1694 753 1732 ι
777 1678 883 1733 duobus
910 1678 1028 1747 planetis
1056 1681 1244 1735 interstinctus
1270 1689 1299 1736 et
1313 1690 1415 1752 quanta
1436 1692 1512 1738 recta
1528 1684 1569 1738 illi
1587 1684 1651 1740 sub

282 1764 437 1829 tendatur,
452 1762 532 1827 cujus
550 1758 701 1830 qualitatis,
729 1759 800 1813 ιὶιιι
818 1756 935 1812 effabilis
953 1757 1121 1827 longitndine
1146 1776 1180 1814 au
1198 1758 1258 1813 sola
1275 1759 1398 1829 potentia
1416 1762 1555 1833 quadrati,
1581 1782 1652 1821 anne

300 1860 361 1900 cum
379 1843 433 1896 alia
451 1838 567 1908 quadam
586 1836 719 1892 affabilem
744 1835 827 1892 iaciat
846 1852 979 1891 summam
997 1838 1191 1905 quadratorum
1215 1845 1243 1892 ιι
1266 1838 1453 1904 rectangulum
1479 1839 1601 1907 effabile,
1624 1845 1652 1899 in

300 1938 354 1993 qua
371 1917 537 1990 proprietate
555 1915 686 1969 fundatur
704 1915 847 1971 affabilitas
866 1931 955 1981 areae,
978 1917 1047 1973 haec
1059 1918 1170 1985 inquam
1181 1918 1258 1987 prius
1270 1897 1440 1972 innotescere
1454 1928 1569 1974 naturae
1588 1922 1652 1976 sub·

298 2000 387 2055 lunari
405 1999 530 2060 ridentur
547 1995 641 2050 ordine
661 2004 787 2063 naturae,
810 1996 873 2062 quia
890 1995 962 2049 latus
982 1996 1056 2064 prius
1075 2004 1118 2051 est
1135 1996 1235 2065 figura,
1263 2012 1298 2049 ex
1314 1996 1408 2051 lateris
1426 1998 1653 2067 multiplicatione

300 2078 449 2146 descripta,
468 2082 564 2145 povtea
583 2074 698 2139 demum,
717 2074 764 2130 ubi
782 2080 842 2127 tota
860 2072 948 2140 figura
966 2072 1103 2142 decompta
1120 2075 1240 2130 ineritin
1252 2074 1363 2129 ruffiaco
1376 2075 1487 2143 circulo,
1506 2087 1653 2146 patescunt

300 2157 359 2226 ejus
377 2154 468 2222 eugub
487 2167 633 2220 eorumque
651 2151 804 2221 quantitas,
829 2161 856 2205 ct
874 2166 908 2205 ιι
927 2151 946 2204 ii
963 2152 1019 2205 sint
1037 2167 1070 2206 er
1089 2155 1231 2222 congruis.
1258 2160 1339 2207 etan
1357 2154 1444 2221 ligura
1462 2159 1586 2213 omnibns
1605 2177 1653 2215 an·

336 2236 369 2291 lis
388 2239 532 2287 concurrat
548 2230 583 2285 ad
601 2230 714 2285 eandem
731 2231 925 2299 congruentiae
943 2232 1075 2300 speciem,
1098 2242 1126 2288 et
1144 2248 1179 2287 ιι
1197 2231 1388 2287 continuabilis
1413 2232 1454 2287 ιιι
1466 2240 1652 2303 congruentia.

300 2254 430 2381 genter,
449 2309 626 2378 congruentia
646 2317 688 2363 ιιι
706 2307 820 2364 affectus
838 2308 1013 2377 angulorum,
1039 2310 1171 2366 scibilitas
1194 2310 1321 2369 laterum.
1359 2313 1412 2367 Ubi
1430 2328 1496 2382 ergo
1518 2315 1595 2384 prius
1613 2318 1653 2371 in·¹

251 2448 253 2452 .
301 2392 417 2449 notescit
435 2389 538 2459 figurae
556 2387 674 2457 angulus
692 2404 774 2459 qnam
791 2387 872 2445 latus.
889 2387 928 2441 ibi
946 2388 1050 2455 priores
1068 2397 1095 2444 ιι
1113 2391 1234 2459 potiores
1257 2393 1382 2446 ridentur
1400 2408 1460 2447 esse
1478 2402 1571 2463 partes
1590 2413 1654 2452 con·

301 2471 441 2544 gruentiae
461 2483 540 2538 qnam
559 2465 724 2531 scibilitatis,
747 2466 793 2523 ubi
811 2466 948 2535 posterius
966 2468 1142 2536 posteriores.
1179 2471 1215 2523 At
1232 2469 1336 2537 figurae
1360 2469 1395 2523 ad
1411 2478 1533 2526 centrum
1551 2477 1655 2542 pertin·

302 2551 391 2621 gentis
410 2546 486 2617 prins
504 2545 650 2600 innotescit
667 2544 795 2613 angulus,
819 2543 921 2612 figurae
947 2561 1010 2598 uero
1033 2545 1059 2599 in
1078 2546 1223 2616 superficie
1242 2548 1397 2617 descriptae
1419 2549 1480 2618 iper
1498 2550 1568 2605 dnos
1587 2562 1655 2622 puts

302 2630 376 2687 solos
393 2627 529 2699 planetas)
547 2624 623 2692 prius
647 2625 792 2679 innotescit
815 2624 902 2694 latns;
924 2632 999 2678 recte
1025 2639 1090 2695 ergo
1113 2626 1172 2680 fieri
1190 2625 1310 2694 videtur,
1335 2626 1357 2681 si
1380 2626 1514 2695 infigura
1540 2630 1655 2686 centrali

301 2708 392 2779 potior
409 2705 543 2760 habeatur
561 2702 754 2773 congruentiae
772 2703 855 2769 ratio,
872 2704 900 2757 in
919 2703 1084 2773 superficiali
1101 2706 1192 2774 potior
1210 2705 1373 2760 scibilitatis.

389 2784 465 2839 Ηιιι
481 2782 565 2851 igitur
589 2782 617 2835 in
634 2781 800 2836 contrarium
824 2789 934 2836 nostrae
959 2784 1139 2851 propositioni
1163 2784 1248 2840 allata
1274 2792 1340 2839 sunt
1366 2783 1444 2839 nobis
1471 2784 1655 2853 dissolvenda,

301 2862 448 2933 eademque
476 2876 559 2932 opera
583 2861 655 2915 reris
682 2860 850 2928 argumentis
876 2860 1046 2916 roborandus
1080 2862 1148 2917 ordo
1178 2859 1374 2932 proprietatnm
1399 2865 1600 2931 congruentiae
1625 2872 1654 2920 et

301 2940 464 2999 scibilitatis.
1071 2979 1075 2992 ,

291 3022 293 3027 ’
388 3020 508 3074 Primum
525 3016 622 3086 igitur,
645 3017 697 3071 etsi
716 3034 808 3072 rernm
826 3025 883 3086 est,
906 3018 941 3072 de
960 3019 1047 3087 ligura
1064 3019 1178 3073 centrali
1196 3018 1307 3073 formari
1329 3035 1380 3088 per
1397 3018 1511 3073 duorum
1530 3020 1652 3088 planeta·

300 3118 359 3157 rum
376 3099 467 3154 radios
485 3112 568 3151 unum
586 3096 724 3164 angulum,
742 3113 796 3159 non
815 3105 905 3154 tamen
924 3096 987 3151 inde
1005 3097 1137 3166 seqnitur,
1157 3103 1187 3151 nt
1205 3112 1281 3151 mens
1299 3096 1451 3165 percipiens
1470 3100 1653 3168 quantitatem

301 3179 393 3248 anguli
411 3176 543 3247 pereipiat
561 3178 675 3230 naturae
700 3176 795 3230 ordine
813 3177 888 3244 prius
906 3177 1022 3243 figurae,
1049 3174 1127 3242 cujus
1151 3175 1260 3231 iuturus
1280 3181 1322 3229 est
1348 3174 1478 3244 unumne,
1502 3193 1652 3246 congruen-

300 3261 375 3315 tiam.
412 3257 501 3310 Causa
518 3261 602 3322 patet,
621 3255 685 3321 quia
702 3256 887 3322 congruentia,
905 3256 1082 3324 inquantum
1100 3261 1143 3308 est
1161 3255 1242 3308 nnius
1255 3254 1353 3323 anguli,
1366 3253 1480 3323 ejusque
1498 3256 1652 3324 aequalium

301 3337 412 3407 aliquot,
431 3335 459 3388 in
476 3349 559 3388 unum
581 3330 670 3386 locum
688 3331 814 3403 planum,
841 3335 920 3389 nimis
939 3344 981 3389 est
1005 3332 1151 3403 generalis,
1178 3342 1242 3388 sunt
1260 3333 1331 3387 euim
1354 3333 1475 3389 infinitae
1493 3334 1655 3402 angulorum

302 3418 341 3474 sic
359 3413 565 3483 congruentium
584 3410 701 3479 formae,
722 3419 800 3466 tanto
819 3428 926 3482 semper
944 3413 1036 3482 plnres
1055 3428 1180 3481 numero,
1206 3420 1308 3481 quanto
1327 3412 1425 3481 singuli
1445 3420 1508 3466 suut
1526 3412 1653 3467 minores.

301 3496 364 3551 lion
383 3502 425 3547 est
442 3492 525 3562 igitur
543 3491 675 3547 baccilia
693 3491 885 3560 congruentia,
910 3492 944 3546 de
961 3507 1016 3561 qua
1034 3508 1083 3546 nos
1112 3491 1281 3560 disputamus
1305 3491 1373 3545 libro
1391 3490 1432 3559 11,
1457 3506 1527 3557 quae
1548 3490 1655 3558 angulis

301 3580 355 3630 nod
373 3572 486 3627 seorsim
503 3571 610 3637 accidit,
628 3572 677 3627 sed
693 3571 787 3640 liguris
805 3571 918 3640 integris
936 3579 1050 3641 propter
1065 3570 1188 3639 angulos,
1207 3587 1258 3625 nec
1274 3570 1369 3639 figuris
1385 3569 1508 3637 singulis,
1527 3568 1655 3637 sedplu1

301 3652 377 3707 ribus
396 3650 467 3705 inter
484 3665 514 3704 se
528 3650 639 3718 jnnctis.
676 3651 771 3720 ltaque
789 3666 844 3704 non
861 3657 968 3705 tantum
987 3649 1151 3717 dissolvitur,
1171 3651 1312 3708 sedetiam
1330 3657 1504 3717 retorquetur
1522 3649 1654 3717 objectio,

302 3729 375 3802 quod
394 3728 464 3786 enim
479 3728 528 3782 illa
545 3729 578 3784 de
596 3729 831 3785 circumferentiali
849 3737 1040 3798 usurpaverat,
1066 3745 1210 3799 possumne
1228 3746 1278 3784 nos
1297 3746 1383 3800 aequo
1398 3729 1462 3798 jure
1489 3726 1522 3781 de
1541 3726 1656 3780 centrali

302 3821 443 3875 usurpare,
461 3807 676 3876 congruentiam,
695 3824 765 3876 quae
783 3808 862 3863 nobis
880 3807 925 3862 hic
943 3815 986 3862 est
1003 3808 1158 3878 proposita,
1184 3808 1213 3862 in
1231 3823 1265 3862 ιι
1281 3809 1458 3877 posteriorem
1477 3820 1537 3860 csse
1556 3803 1655 3859 scibili·

301 3895 370 3957 tate,
390 3902 474 3956 quare
492 3886 612 3954 potiores
631 3902 691 3941 esse
710 3896 835 3955 oportere
854 3886 936 3952 hujus
960 3887 1131 3955 quamillius
1150 3894 1256 3955 partes,
1281 3903 1412 3941 concessu
1434 3884 1542 3954 quidem
1561 3883 1656 3938 adver·

302 3967 374 4021 sarii.
411 3966 490 4019 Prius
508 3966 578 4021 enim
596 3966 710 4034 liguram
730 3973 838 4035 oportet
856 3966 929 4035 fieri,
956 3982 1037 4033 quam
1061 3976 1120 4022 tote
1138 3981 1287 4034 congruere
1310 3965 1403 4034 possit.
1440 3964 1502 4019 Jam
1523 3979 1586 4017 vero
1604 3962 1656 4016 nisi

300 4047 371 4101 latus
390 4046 492 4113 figurae
510 4044 602 4099 scibile
621 4046 664 4114 sit,
683 4045 770 4112 ligura
787 4044 846 4099 lieri
864 4059 917 4097 non
937 4052 1035 4112 potest.
1071 4045 1140 4098 Nam
1154 4045 1205 4098 etsi
1225 4050 1380 4110 temneat,
1400 4041 1464 4097 dato
1479 4059 1531 4096 uno
1550 4043 1655 4110 figurae

229 4152 231 4166 ι
301 4123 412 4195 angulo,
435 4126 517 4192 quem
533 4123 602 4178 radii
619 4124 733 4178 duorum
748 4124 919 4192 planetarum
938 4122 1054 4176 iorment
1071 4122 1098 4176 in
1118 4130 1223 4190 centro,
1249 4121 1308 4177 dari
1332 4136 1472 4175 numerum
1491 4121 1609 4175 omnium
1630 4125 1659 4173 et

302 4218 352 4273 per
368 4202 430 4258 illos
447 4199 551 4269 llgnrse
573 4201 658 4256 totius
681 4201 861 4271 aptitudinem
879 4200 913 4254 ad
933 4199 1147 4268 congruendum,
1171 4215 1222 4254 nec
1248 4200 1275 4252 iu
1301 4200 1371 4254 hanc
1398 4198 1657 4253 demonstrationem

301 4280 406 4349 ingredi
423 4279 516 4334 lateris
535 4288 671 4349 naturam;
691 4288 719 4335 at
736 4296 789 4334 nou
808 4279 889 4334 datur
905 4279 953 4332 ille
971 4294 1042 4333 unus
1060 4278 1163 4346 figurae
1182 4276 1306 4347 angttlus,
1324 4278 1407 4333 idest
1425 4295 1479 4334 non
1497 4277 1658 4345 agnoscitur

302 4357 470 4431 pro'angalo
488 4359 592 4430 figurae
609 4375 754 4429 congruae,
773 4358 825 4413 nisi
844 4358 983 4429 perlatus
1001 4356 1103 4412 scibile.
1140 4356 1219 4411 Prius
1232 4373 1296 4425 ergo
1310 4357 1413 4425 (ordine
1426 4358 1548 4423 naturae)
1567 4355 1657 4409 anima

302 4440 355 4503 scit
371 4436 457 4507 latus,
484 4453 565 4505 quam
591 4446 734 4508 agnoscat,
758 4436 810 4491 sibi
832 4436 890 4491 dari
912 4438 1040 4506 angulum
1067 4452 1224 4506 congruum.
1271 4436 1374 4504 Quodsi
1402 4451 1589 4505 comparemus
1614 4435 1660 4489 hic

302 4516 416 4586 flgnram
433 4523 592 4587 utramque,
616 4516 705 4571 minus
722 4515 848 4584 equidem
867 4517 947 4572 datnr
964 4516 1036 4570 latus
1059 4513 1103 4569 vel
1120 4529 1186 4568 area
1202 4514 1306 4583 figurae
1324 4516 1466 4582 ιιιιιιΙίι,
1491 4515 1550 4584 ipso
1568 4513 1657 4568 radia·

302 4594 385 4649 lionis
403 4601 479 4662 ιιιι,
498 4611 579 4663 qnam
597 4595 670 4650 latus
688 4594 791 4665 figurae
808 4594 1074 4663 circumferentialis3
1099 4594 1152 4648 boc
1170 4594 1240 4648 enim
1259 4609 1367 4664 semper
1389 4593 1573 4648 determinant
1587 4593 1658 4648 radii
1694 4619 1698 4626 ·

301 4674 361 4744 ipsi,
380 4672 428 4726 illa
445 4689 499 4728 non
518 4690 633 4744 semper,
652 4674 701 4729 sed
719 4676 747 4727 in
765 4674 927 4743 quibusdam
945 4681 1050 4729 tantum
1068 4672 1176 4741 figuris,
1198 4681 1228 4728 ut
1245 4675 1273 4727 in
1284 4674 1401 4742 trigono,
1419 4672 1483 4743 quia
1500 4671 1587 4726 latera
1607 4674 1657 4727 cir-

220 4794 223 4798 .
302 4748 513 4808 cttmierentialis
530 4754 624 4823 anguli
641 4753 747 4822 singula
764 4752 934 4808 subtendunt
951 4769 1042 4808 arcum
1061 4751 1202 4820 aequalem
1220 4753 1380 4822 intercepto.
1418 4752 1557 4805 Remotior
1574 4750 1659 4821 igitur

302 4836 345 4885 ιιι
361 4829 449 4897 figura
467 4832 594 4887 centralis
613 4832 647 4886 ab
665 4840 730 4887 acta
747 4829 858 4900 sciendi,
877 4847 959 4900 qnam
970 4830 1232 4901 circumferentialis,
1256 4831 1384 4887 remotior
1400 4832 1482 4899 igitur
1495 4829 1575 4882 etiam
1594 4846 1657 4883 cou-

303 4906 444 4977 gruentiae
467 4910 629 4979 notificatio3
655 4910 773 4979 objectio
791 4925 853 4963 rero
876 4908 1013 4964 nitebatur
1040 4910 1189 4978 contrario,
1220 4911 1298 4979 quasi
1325 4908 1503 4978 congruentia
1528 4907 1657 4962 centralis

300 4994 375 5044 asset
393 4986 503 5057 propior
519 4988 645 5060 ιιιῐιῖιι,
667 5006 748 5059 quam
767 4988 945 5057 congruentia
963 4985 1222 5043 circumferentialis.

390 5066 522 5136 Amplius,
542 5070 565 5123 si
582 5070 674 5141 anguli
692 5069 831 5138 quantitas
849 5067 1009 5137 percipitur,
1028 5083 1082 5134 qua
1096 5067 1125 5121 re
1144 5068 1317 5139 percipietur,
1335 5067 1387 5122 nisi
1405 5083 1532 5122 mensura
1550 5077 1610 5137 sna,
1628 5071 1655 5126 id

300 5151 427 5202 estnon
445 5145 537 5202 circuli
553 5146 637 5217 illius,
656 5147 756 5217 qui'ex
774 5146 866 5218 auguli
878 5146 1009 5218 propositi
1021 5154 1131 5216 puncto,
1150 5147 1223 5215 quod
1234 5148 1319 5203 Terre
1334 5156 1383 5215 est,
1403 5148 1583 5204 describitur?
1602 5166 1656 5205 non

300 5238 366 5279 vero
385 5224 471 5293 primo
494 5227 587 5281 circuli
604 5228 690 5297 illins,
713 5228 760 5297 qni
781 5226 885 5298 figurae
903 5224 1016 5281 centrali
1043 5225 1285 5295 circumscribitur,
1309 5242 1359 5296 per
1376 5228 1486 5282 Terram
1508 5230 1655 5287 transiens.

303 5301 394 5371 Quare
410 5302 439 5356 in
457 5306 631 5374 perceptione
649 5305 809 5375 quantitatis
827 5304 920 5375 anguli
939 5303 973 5358 de
991 5302 1079 5373 figura
1096 5303 1209 5358 centrali
1226 5312 1334 5375 oportet
1353 5313 1386 5360 nt
1402 5306 1490 5360 amma
1508 5309 1656 5377 potentiam

301 5382 377 5438 dian
394 5390 510 5448 exserat,
527 5399 582 5451 qus
598 5385 716 5441 ιίιιιΙιι
735 5395 790 5453 ιιι,
817 5401 872 5439 ιιι
890 5383 976 5450 illam,
995 5399 1048 5452 qua
1066 5382 1137 5437 exile
1155 5390 1285 5453 punctum
1303 5390 1354 5451 est,
1379 5384 1413 5438 ad
1432 5384 1504 5453 quod
1524 5387 1657 5455 pertingit

302 5463 427 5532 angulus.
463 5464 547 5532 Atqni
565 5462 660 5518 eodem
679 5472 744 5533 typo
762 5464 901 5519 circularis
919 5478 986 5518 suae
1004 5464 1140 5519 essentiae
1163 5463 1279 5534 percipit
1300 5457 1380 5516 etiam
1403 5461 1656 5520 circumferentialis

303 5536 407 5611 figurae
423 5543 496 5600 latus
514 5544 626 5612 ejnsque
645 5558 745 5613 ιιιιιι,
762 5544 845 5613 idque
864 5544 965 5613 prim‘o;
986 5551 1083 5613 postea
1101 5543 1223 5611 demum,
1242 5541 1381 5611 duplicato
1400 5543 1550 5611 bocardo,
1571 5557 1656 5596 emcr-
1732 5575 1734 5580 ,

301 5622 343 5690 git
360 5625 441 5680 etiam
459 5640 539 5680 arcus
557 5624 651 5679 circuli
668 5624 793 5693 minoris,
816 5623 864 5691 qui
881 5622 986 5690 figurae
1008 5621 1122 5677 contrali
1140 5620 1380 5691 circumscribitur,
1406 5638 1454 5692 per
1478 5623 1575 5693 prioris
1594 5638 1656 5678 ceu·
