3684 7259
743 1250 771 1306 in
789 1249 963 1307 Harmoniam
981 1249 1084 1306 Mundi.
1423 1313 1425 1315 ,
1467 1313 1474 1333 ,
1567 1256 1586 1316 5

244 1427 404 1489 accederet
448 1427 496 1488 hd
517 1428 574 1492 boc
595 1428 750 1507 plurimum
773 1427 803 1489 id
823 1427 959 1503 valebat,
988 1426 1066 1506 quod
1090 1428 1208 1488 obtrusa
1231 1428 1470 1509 astrologicamm
1492 1448 1587 1492 rerum

244 1516 342 1576 studia
369 1534 435 1576 cum
461 1534 534 1576 sana
560 1523 656 1577 mente
683 1516 868 1578 reconciliare
897 1517 960 1578 sive
986 1514 1173 1604 astrologiam
1199 1518 1241 1575 ita
1264 1516 1418 1579 defendere
1440 1518 1586 1594 studebat,

244 1610 290 1677 ut,
326 1621 401 1680 quae
438 1610 622 1664 astronomus
655 1612 685 1665 et
719 1604 911 1682 philosophus
946 1606 1008 1680 ipsc
1048 1604 1121 1664 sibi⁴
1150 1604 1328 1680 objurgaret,
1371 1605 1586 1684 quodammodo

245 1690 375 1751 dilueret.
427 1691 493 1751 Hoc
514 1691 597 1751 illum
620 1693 715 1767 egisse
737 1710 773 1753 ex
796 1691 896 1751 libello
918 1691 955 1751 de
977 1690 1187 1751 Fundamentis
1211 1690 1396 1769 astrologiae
1419 1700 1449 1767 sl.
1467 1698 1586 1768 ilisa),

245 1796 281 1838 ex
303 1777 483 1838 calendariis
505 1781 540 1850 (l.
558 1782 653 1837 392ss.
671 1783 791 1853 idias),
816 1797 851 1840 cx
873 1780 986 1855 scriptis
1008 1779 1148 1839 adversus
1170 1776 1323 1837 Riislinum
1345 1784 1452 1851 (1503)
1476 1787 1505 1842 et
1526 1780 1585 1841 Fe·

244 1866 348 1925 sedium
370 1870 401 1937 (1.
421 1870 483 1937 ota)
510 1872 539 1926 et
561 1883 596 1926 ex
619 1865 694 1925 libro
717 1865 753 1927 de
775 1865 868 1927 Stella
889 1865 976 1925 Nova
998 1870 1041 1937 (ΙΙ.
1059 1870 1132 1938 575),
1161 1867 1243 1925 vario
1266 1866 1353 1926 modo
1377 1867 1480 1927 clucet
1525 1868 1587 1929 Nec

245 1956 339 2012 minus
362 1971 398 2012 cx
418 1952 520 2012 multis
540 1954 662 2029 privatis
684 1952 784 2030 literis,
807 1955 933 2013 maxime
955 1952 1014 2011 illis
1036 1952 1073 2012 ad
1087 1960 1235 2029 pastorem
1251 1953 1395 2014 Davidem
1410 1955 1585 2028 Fabricium,

246 2042 295 2117 qui
309 2041 421 2100 somnia
436 2039 613 2117 astrologica
625 2043 734 2118 pressis
749 2042 883 2101 manibus
898 2040 1024 2114 tenebat,
1047 2040 1122 2100 datis
1138 2056 1298 2116 cognoscas
1312 2041 1432 2119 Kepleri
1448 2040 1585 2117 studium,

246 2145 321 2204 quae
348 2127 528 2205 ineptissima
554 2129 739 2188 somniabant
766 2128 906 2204 astrologi
934 2127 1098 2200 refellendi,
1131 2144 1290 2204 cognoscas
1312 2132 1395 2189 varia
1417 2132 1585 2206 tentamina,

245 2233 295 2274 eas
317 2216 496 2291 astrologiae
518 2222 624 2292 partes,
659 2234 732 2291 quas
764 2215 929 2292 astrologus
955 2214 1147 2276 Caesarianus
1173 2233 1231 2275 non
1258 2224 1372 2293 poterat
1402 2233 1461 2276 non
1479 2224 1585 2293 tenere,

246 2321 281 2362 ex
303 2319 376 2363 sana
397 2309 493 2363 mente
515 2300 720 2379 interpretandi
743 2312 773 2365 et
793 2304 823 2363 in
846 2305 986 2363 rationem
1009 2310 1038 2363 et
1060 2300 1242 2383 disciplinam
1266 2303 1411 2380 quandam
1433 2304 1585 2366 referendi.
1657 2301 1658 2305 ’

351 2387 619 2450 Pro'iundameuto
641 2378 719 2451 uilius
743 2389 913 2469 disciplinae
936 2389 1064 2467 Keplero
1086 2390 1159 2465 haec
1181 2394 1271 2451 statui
1293 2408 1379 2469 posse
1402 2391 1585 2454 videbantur.
1691 2397 1695 2407 ’

246 2475 495 2551 Quemadmodum
518 2476 605 2537 bomo
621 2476 715 2537 cuitus
731 2485 760 2539 et
774 2478 899 2538 incultus
913 2477 1088 2538 harmonicis
1110 2479 1190 2539 sonis
1213 2478 1289 2539 laete
1312 2475 1458 2553 movetur,
1483 2498 1586 2555 quem·
1701 2517 1705 2522 -

245 2564 400 2624 admodum
423 2565 522 2624 oculos
545 2567 666 2625 suavius
688 2573 811 2643 tangunt
832 2566 941 2626 formae
967 2567 1094 2626 numeris
1115 2568 1176 2625 suis
1201 2568 1354 2643 perlectae,
1378 2584 1466 2643 quam
1490 2569 1587 2650 minus

245 2652 397 2729 perfectae,
420 2655 462 2712 sio
483 2653 608 2713 hominis
629 2655 815 2729 suspicientis
838 2655 966 2713 animum
989 2654 1092 2727 sidera,
1115 2654 1140 2712 si
1163 2655 1250 2713 situm
1271 2654 1381 2715 habent
1403 2657 1476 2713 inter
1497 2672 1529 2714 se
1552 2672 1587 2715 ex

244 2742 426 2815 geometricis
454 2738 569 2817 legibus
598 2740 775 2817 ordinatum,
805 2741 915 2817 majore
938 2742 968 2798 vi
991 2740 1111 2815 feriunt,
1134 2757 1222 2816 quam
1244 2744 1269 2801 si
1291 2735 1364 2800 situs
1387 2741 1436 2800 ille
1459 2758 1516 2801 non
1539 2744 1586 2802 sit

244 2826 355 2886 Natura
382 2844 476 2886 rerum
503 2829 624 2888 creatrix
652 2828 839 2889 muiruariam
861 2828 899 2888 ad
922 2827 952 2886 id
973 2829 1027 2887 niti
1049 2828 1178 2901 videtur,
1208 2836 1241 2888 ut
1269 2830 1375 2888 formas
1405 2830 1588 2905 geometricis

244 2914 367 2990 legum,
385 2915 486 2990 quales
501 2915 646 2976 hnmanae
661 2918 751 2976 menti
764 2916 802 2977 ab
814 2917 897 2976 initio
912 2916 1017 2975 insitae
1031 2910 1107 2990 sunt,
1124 2916 1263 2991 aequales
1277 2924 1424 2993 procreet3
1441 2916 1587 2996 crystalla,

204 3004 214 3022 ‘
246 3004 305 3076 uix,
328 3003 422 3076 flores,
445 3020 581 3086 uumerus
605 3008 634 3063 ct
656 3004 726 3063 ordo
748 3003 882 3064 ioliomm
902 3003 1103 3079 fructuumque
1117 3002 1219 3078 iorma,
1243 3021 1330 3081 apum
1346 3002 1437 3064 cellae
1454 3012 1483 3063 et
1497 3004 1589 3065 muita

244 3088 303 3148 alia
314 3091 373 3148 vim
383 3091 469 3149 istam
480 3092 654 3167 genetricem
668 3091 832 3152 ostendunt.
855 3090 910 3150 Ille
921 3107 1016 3151 rerum
1027 3090 1107 3165 ordo,
1123 3089 1274 3150 harmonia
1286 3091 1338 3151 illa
1350 3093 1379 3149 vi
1391 3091 1588 3167 inexplicabili

245 3194 328 3237 aures
344 3178 457 3251 icriens,
481 3177 655 3238 documento
669 3188 722 3253 est,
746 3178 854 3239 mundo
870 3181 965 3239 inesse
980 3180 1040 3236 vim
1055 3179 1236 3254 geometricis
1250 3178 1364 3255 iegibus
1385 3186 1490 3252 actam,
1513 3196 1587 3256 quae

245 3266 403 3325 animantia
419 3272 448 3325 et
463 3249 592 3325 inanima
602 3275 728 3339 moveat,
745 3268 858 3328 etiamsi
874 3284 910 3326 ne
926 3267 1086 3326 animantia
1099 3262 1216 3342 quidem
1228 3284 1291 3326 eam
1306 3267 1412 3327 sentire
1423 3265 1588 3326 videantur.

245 3351 330 3411 iiiam
361 3355 421 3412 vim
457 3370 592 3413 arcanam
621 3352 766 3432 Keplerus
796 3371 862 3414 cum
891 3354 1017 3412 bominis
1046 3354 1144 3415 animo
1173 3362 1323 3430 comparat
1350 3371 1515 3430 nomenque
1544 3353 1587 3413 iili

245 3439 325 3498 addit
347 3457 474 3517 aequum
499 3442 632 3516 „animae
653 3441 785 3501 mundi“.
830 3442 915 3501 Haec
937 3441 1036 3500 mundi
1060 3442 1158 3500 anima
1180 3441 1298 3515 iisdem,
1330 3442 1436 3517 quibus
1462 3441 1589 3500 hominis
1629 3448 1630 3451 ’

245 3529 370 3601 animus,
392 3526 507 3604 legibus
529 3531 646 3607 regitur.
691 3528 748 3604 Qui
772 3536 805 3588 ut
827 3530 908 3591 sonis
930 3528 1105 3589 harmonicis
1128 3535 1158 3588 et
1179 3528 1346 3589 harmonico
1370 3529 1496 3589 siderum
1520 3531 1587 3604 situ,

245 3614 391 3690 quomodo
413 3613 444 3673 id
465 3614 518 3674 fiat
538 3619 669 3690 nescius,
699 3624 841 3693 movetur,
872 3618 914 3676 ita
937 3615 982 3675 bis
1005 3619 1094 3677 etiam
1116 3616 1215 3674 muudi
1239 3607 1336 3676 anirn'a
1358 3615 1454 3692 agitur
1476 3623 1506 3676 et
1519 3633 1587 3692 ¹non

245 3701 340 3777 modo,
364 3719 437 3779 quas
461 3701 601 3778 diximus,
631 3705 739 3764 formas
761 3705 909 3780 regulares
931 3711 1078 3781 procreat,
1101 3702 1153 3763 sed
1176 3706 1263 3763 etiam
1287 3705 1325 3764 ad
1347 3707 1407 3766 vim
1429 3707 1459 3763 in
1482 3721 1588 3781 corpus
1706 3693 1713 3707 ⁶

244 3807 343 3863 snum,
374 3789 506 3860 Terram,
538 3791 726 3852 exserendam
755 3809 848 3869 aeque
879 3793 983 3869 agitur,
1013 3799 1101 3869 atquc
1130 3790 1203 3850 illud
1225 3791 1257 3851 iit
1279 3793 1308 3850 in
1331 3795 1427 3854 animo
1449 3791 1585 3851 hominis.

244 3876 315 3937 Inde
347 3880 527 3954 tempestatis
543 3882 729 3953 mutationes,
753 3888 882 3965 meteora
904 3885 934 3938 et
956 3877 1029 3954 alia,
1061 3876 1128 3940 inde
1159 3881 1247 3940 ctiam
1278 3882 1323 3940 vis
1353 3886 1526 3957 aspectuum
1556 3877 1613 3938 in'

245 3966 372 4026 animum
393 3964 519 4024 hominis
541 3965 586 4026 his
607 3966 845 4044 praevalentibus
866 3968 939 4026 nati.

351 4048 422 4111 Illas
450 4057 610 4114 sententias
633 4053 777 4131 Keplerus
806 4051 933 4132 explicat
960 4055 989 4112 in
1021 4052 1143 4127 libellis,
1177 4069 1250 4127 quos
1272 4070 1360 4129 supra
1390 4053 1527 4129 diximus,
1557 4061 1586 4114 et

242 4138 304 4215 jam
326 4141 356 4197 in
378 4140 472 4215 primo
494 4141 618 4201 intendit
639 4142 744 4202 librum
766 4142 937 4219 ampliorem
959 4140 1082 4218 posthac
1105 4140 1261 4213 edenduni,
1289 4140 1489 4201 Harmoniam.

347 4224 477 4286 Primum
495 4229 558 4304 jam
580 4228 724 4307 Keplerus
746 4230 776 4289 id
800 4233 868 4305 egit,
891 4235 925 4288 ut
947 4227 1117 4305 explicaret,
1141 4246 1191 4288 cur
1211 4235 1347 4305 aspectus
1369 4229 1407 4308 ab
1430 4228 1586 4304 astrologis

245 4314 407 4390 antiquitus
429 4314 527 4374 traditi
549 4318 592 4375 ita
614 4316 760 4393 valerent,
789 4325 823 4376 ut
852 4319 881 4374 in
909 4318 1076 4394 praemissis
1098 4318 1162 4392 ipse
1183 4321 1338 4390 statuerat,
1371 4322 1401 4376 et
1422 4317 1585 4392 inquireret,

246 4419 314 4459 nam
329 4402 418 4460 etiam
433 4402 492 4476 aiii,
516 4421 602 4481 qnam
618 4406 667 4481 qui
691 4403 787 4464 adhuc
809 4411 890 4464 erant
912 4403 1019 4477 traditi,
1042 4403 1226 4479 planetarum
1241 4405 1314 4462 inter
1328 4420 1360 4462 se
1375 4405 1448 4462 situs
1463 4402 1586 4462 eandem

246 4485 321 4547 vim'
338 4489 486 4549 haberent.
544 4489 626 4565 Quae
659 4494 948 4569 quaestionarium
981 4490 1019 4550 ad
1052 4490 1225 4551 divisionem
1259 4490 1373 4565 circuli,
1408 4490 1446 4549 ad
1478 4490 1585 4565 figuras

246 4575 391 4652 regulares
413 4583 442 4637 et
465 4594 594 4654 corpora,
618 4578 656 4637 ad
678 4595 767 4639 sonos
788 4580 972 4638 harmonicos
994 4577 1178 4638 reduxeruut.
1215 4576 1263 4636 Ad
1279 4577 1309 4635 id
1325 4585 1437 4638 veteres
1460 4575 1586 4637 recolere

247 4666 350 4741 coepit,
374 4681 438 4724 eum
460 4665 680 4727 mathematicos
702 4664 863 4740 Euclidem,
886 4664 1030 4741 Pnoclum,
1056 4663 1261 4741 Apollonium,
1286 4663 1500 4738 Archimedem,
1525 4672 1587 4723 tum

247 4750 409 4812 Ptolomaei
431 4754 556 4812 maxime
576 4754 776 4823 Hammonium,
799 4752 932 4814 Platonis
955 4753 1117 4827 Timaeum,
1142 4743 1326 4812 Aristotelem
1348 4752 1490 4827 aliosque.
1527 4749 1586 4810 Sed

246 4838 400 4915 plurimum
422 4841 561 4922 temporis
583 4842 783 4901 astronomicis
811 4839 914 4900 studiis
942 4842 1102 4916 insumens,
1132 4842 1283 4901 intermitti
1306 4839 1356 4898 illa
1379 4854 1586 4914 nonnunquam

247 4943 364 4987 necesse
386 4926 455 5002 luit,
483 4929 662 5006 ‘quamquam
683 4946 741 4988 non
763 4945 881 5006 prorsus
905 4929 1010 4988 omisit.
1055 4927 1088 4987 ln
1113 4929 1248 4988 omnibus
1271 4925 1386 5003 quidem
1409 4926 1472 5001 ejus
1494 4925 1585 4999 libris,
1637 4963 1639 4969 ι

248 5016 325 5072 etin
355 5016 400 5089 iis,
433 5029 508 5092 quos
538 5031 627 5095 snpra
657 5015 791 5100 diximus,
825 5025 854 5076 et
883 5018 913 5075 in
942 5014 1062 5093 Optlea,
1095 5017 1125 5073 iu
1156 5015 1230 5075 libro
1260 5013 1295 5073 de
1325 5011 1429 5072 Martis
1458 5013 1587 5074 motibus

230 5102 423 5178 conscripto,
455 5104 483 5160 iu
507 5101 746 5182 premeridibus
775 5103 913 5180 aliisque,
945 5106 974 5161 in
995 5102 1142 5163 literarum
1167 5102 1337 5163 commercio
1367 5102 1479 5173 insunt,
1510 5119 1585 5177 quae

247 5194 386 5255 testentur
401 5190 464 5265 eJ’us
478 5187 615 5265 studium,
638 5194 819 5269 propositum
841 5192 927 5252 finem
950 5189 1133 5267 assequendi,
1157 5207 1232 5265 quae
1257 5188 1358 5247 eadem
1381 5188 1586 5263 demonstrent,

248 5276 401 5353 quomodo,
426 5295 500 5353 quae
523 5278 638 5352 viderit,
667 5297 731 5340 cum
754 5281 815 5339 suis
837 5269 988 5341 sententiis
1011 5279 1212 5337 astronomicis
1235 5274 1387 5335 conciliare
1411 5282 1440 5336 et
1464 5275 1583 5352 „leges“

194 5363 196 5368 ’
247 5382 314 5423 suas
336 5367 545 5425 mmonomicas
568 5366 712 5443 adjunctis
735 5368 902 5427 barmoniae
925 5358 1039 5442 legibus
1054 5367 1083 5421 vi
1100 5373 1128 5424 et
1144 5365 1315 5423 auctoritate
1338 5362 1463 5439 quadam
1485 5371 1587 5425 sancta

247 5469 353 5527 augere
382 5458 412 5511 et
441 5470 542 5513 ornare
571 5453 651 5514 velit.
696 5455 765 5515 Jam
788 5472 865 5514 anno
891 5455 982 5514 1605.
1006 5452 1151 5528 Keplerus
1174 5450 1271 5526 Anglo
1294 5450 1441 5530 Haydono
1471 5452 1584 5511 scribit:

248 5538 348 5611 „Deus
377 5543 425 5599 r'ne
455 5557 490 5600 ex
518 5543 695 5602 astronomia
724 5541 873 5619 expediat,
903 5549 936 5601 ut
964 5539 1001 5600 ad
1031 5556 1128 5598 curam
1158 5539 1253 5615 operis
1279 5541 1337 5598 mei
1366 5539 1403 5599 de
1425 5539 1587 5600 Harmonia

245 5626 349 5686 Mundi
364 5631 546 5704 convertar«,
560 5635 600 5690 'et
621 5628 711 5703 addit,
735 5633 832 5689 animo
854 5648 885 5689 se
907 5620 1053 5698 statuisse,
1076 5625 1133 5686 hoc
1151 5641 1224 5702 opus
1238 5624 1354 5687 Jacobo
1372 5626 1496 5703 Angliac
1510 5626 1586 5703 Regi

246 5714 388 5777 dedicare.
438 5714 509 5777 ‘Hac
537 5717 661 5795 epistola
690 5718 814 5795 aliisque
841 5718 925 5778 affert
954 5713 1097 5793 quaedam
1120 5713 1156 5774 de
1178 5721 1348 5792 argumento
1371 5715 1458 5791 hujus
1480 5715 1584 5793 operis,
