3684 7259
635 1215 812 1272 Harmonicia.
848 1217 931 1272 Liber
942 1217 990 1274 lll.
1009 1218 1097 1286 Caput
1108 1209 1158 1272 XI.
1505 1220 1565 1282 tlt
1631 1205 1641 1238 ⁷

159 1397 161 1402 ’
220 1411 284 1466 nus,
308 1401 340 1452 ut
363 1401 469 1455 octava
490 1407 606 1472 propter
629 1396 811 1457 identitatem
831 1405 1097 1475 repraesentaretur
1119 1415 1138 1457 a
1160 1398 1254 1474 prima
1275 1396 1392 1474 syllaba
1407 1394 1473 1474 ao,
1496 1392 1567 1478 quid

221 1500 332 1565 quaeso
356 1482 501 1542 desiderat
522 1484 551 1540 in
575 1484 665 1544 literis
688 1504 722 1557 u,
755 1485 791 1563 b,
819 1504 849 1559 c,
881 1485 918 1559 d,
941 1505 971 1561 r,
992 1486 1023 1563 f,
1052 1505 1089 1564 9,
1114 1486 1175 1561 jam
1200 1482 1307 1544 dudum
1331 1486 1360 1543 in
1382 1483 1460 1542 huuc
1483 1497 1567 1540 usum

220 1570 367 1646 receptis?
1557 1629 1559 1633 ,

308 1658 381 1716 Cum
410 1660 498 1733 igitur
525 1658 582 1718 lroc
604 1659 691 1719 modo
720 1661 779 1718 sint
806 1666 894 1718 natae
921 1677 974 1718 sex
996 1658 1128 1736 syllabae
1158 1666 1277 1736 propter
1309 1656 1452 1733 triplicem
1474 1663 1568 1716 terre·

222 1745 320 1803 chordi
350 1746 487 1820 lormam,
519 1744 585 1805 inde
615 1755 685 1806 nata
715 1754 759 1806 est
787 1745 918 1806 doctrina
946 1748 1141 1807 mutationum
1176 1764 1229 1824 per
1261 1745 1370 1804 scalam
1399 1743 1570 1805 musicalem

223 1832 398 1904 modernam,
426 1851 501 1908 quac
525 1834 656 1893 doctrina
677 1833 860 1894 solummodo
884 1838 959 1894 circa
982 1833 1112 1912 syllabas
1135 1834 1208 1911 lias,
1238 1834 1328 1896 literis
1358 1834 1491 1910 superius
1515 1848 1568 1891 er-

224 1921 340 1997 plicatis
364 1923 522 1998 aptandas,
556 1931 731 2000 occupatur,
756 1922 940 1998 ostenditque
969 1923 1129 2000 superfluas
1151 1920 1282 1999 syllabas
1305 1920 1375 1993 Sol,
1403 1922 1437 1979 lu
1465 1920 1570 1994 aequi-

223 2007 332 2084 pollere
355 2008 498 2068 interdnm
520 2011 620 2086 primis
642 2018 693 2083 ut,
722 2028 769 2084 re,
804 2009 947 2069 interdum
978 2008 1219 2081 succedentibus,
1251 2025 1299 2082 re,
1329 2011 1386 2082 mi,
1418 2015 1449 2066 ut
1475 2008 1568 2085 possit

222 2096 364 2155 interdum
387 2105 468 2156 entra
492 2098 620 2158 ordinem
644 2106 672 2166 et
694 2098 756 2156 sinc
779 2100 940 2157 mutatione
964 2106 1030 2174 post
1052 2098 1111 2171 sol,
1135 2098 1168 2155 la
1190 2097 1287 2156 inferri
1307 2096 1370 2172 fas

207 2239 209 2242 ·
315 2256 317 2260 .
1155 2217 1180 2254 ut
1211 2225 1236 2253 re
1268 2212 1402 2253 miisml

385 2287 410 2338 i.
455 2285 481 2338 2.
517 2286 542 2340 3.
585 2286 609 2338 4.
646 2288 670 2342 5.
707 2286 731 2340 6.
779 2287 804 2337 7.
853 2286 876 2338 6.

378 2356 422 2422 nr,
440 2372 481 2422 ιι,
500 2358 550 2422 ιιι,
569 2358 613 2424 fa,
632 2357 681 2421 sor,
708 2358 748 2422 ra,
772 2357 818 2422 sa,
851 2357 886 2409 a.
981 2344 1263 2453 2355&

378 2425 427 2492 Ut,
446 2443 489 2493 rc,
509 2430 559 2494 mi,
578 2434 621 2493 ut,
644 2444 685 2491 re,
704 2429 757 2494 mi,
779 2429 822 2494 su,
846 2426 890 2479 ssi.
926 2418 1049 2469 *Θ-

999 2498 1240 2540 υιτοωίῐιιοῐ
1274 2496 1394 2537 lalals

307 2586 359 2645 Est
381 2603 451 2646 vero
475 2595 504 2646 et
526 2588 585 2647 alia
607 2589 752 2665 quaedam
769 2586 918 2646 dissimilis
934 2591 1091 2651 similitudo
1114 2588 1371 2663 tetrachordorum,
1395 2586 1569 2647 fundamen·
1593 2635 1595 2640 ,

224 2682 283 2730 tum
306 2675 525 2734 assimilationis
550 2675 729 2735 diversarum
751 2673 983 2738 modulationum
1006 2680 1081 2740 inter
1096 2696 1127 2737 se
1148 2679 1370 2750 concinentium,
1395 2692 1468 2752 quas
1483 2674 1572 2749 sugas
1595 2674 1597 2677 ’

224 2773 251 2818 ct
273 2760 445 2836 phantasias
468 2763 564 2822 solent
585 2764 742 2841 appellare.
787 2762 861 2821 Nam
886 2766 910 2823 si
934 2784 1033 2826 sumas
1056 2763 1240 2825 tetrachorda
1263 2766 1402 2838 contigua
1430 2761 1581 2837 nulloque,

223 2849 376 2907 intervallo
400 2869 418 2908 a
440 2868 471 2910 se
494 2853 619 2911 invicem
643 2851 805 2930 disjuncta,
836 2852 878 2909 sic
900 2859 933 2910 ut
954 2861 1041 2915 tonus
1065 2853 1158 2929 major
1186 2854 1312 2929 supersit
1334 2851 1372 2911 ad
1395 2848 1571 2927 implendam

225 2945 358 2995 octavam
381 2956 468 3014 snpra
491 2938 539 2999 vel
562 2942 649 3014 inira,
680 2946 810 2999 occurret
843 2940 871 2993 in
896 2944 985 3001 certis,
1006 2940 1181 3018 quibusdam
1211 2948 1334 2999 octavae
1363 2938 1571 3014 systematibus

402 3069 423 3075 -
514 3104 541 3111 „
571 3028 574 3040 '
682 3056 826 3087 --e-ac
873 3032 1007 3106 utrinque
1029 3031 1118 3089 series
1141 3027 1243 3087 eadem
1269 3025 1487 3085 intervallorum
1510 3022 1571 3083 ele·

381 3047 828 3226 ’ἶὲἕξξοὲἓξ
871 3120 1061 3189 mentarium,
1089 3116 1146 3175 hoc
1171 3122 1215 3175 est
1242 3116 1477 3186 semitoniorum,
1508 3110 1572 3172 die·

267 3211 343 3217 -
378 3274 383 3285 ⁸
605 3215 684 3222 ”“
794 3213 828 3219 “
873 3207 949 3263 sium
972 3213 1001 3264 et
1023 3204 1206 3277 lemmatum
1236 3209 1264 3263 st
1287 3203 1445 3261 assumitur
1466 3199 1504 3259 ad
1526 3196 1572 3258 al·

319 3274 437 3323 ⁸⁰⁰¹¹‘⁰⁰‘
468 3276 564 3359 ‘Tenus
583 3312 721 3370 odynnetus.
874 3301 967 3350 teram
996 3299 1082 3350 tonus
1103 3290 1210 3366 mej0r,
1243 3296 1275 3348 nt
1302 3306 1355 3365 pro
1380 3294 1486 3364 quarta
1507 3283 1573 3347 effi-

272 3431 274 3436 .
319 3345 478 3477 ιῖᾞοῃῖ
557 3450 561 3461 Ι
672 3440 688 3453 .
875 3382 966 3436 cietur
982 3381 1092 3455 quinta,
1117 3385 1237 3453 quartae
1253 3375 1336 3437 alteri
1357 3372 1572 3449 quodammodo

310 3484 428 3551 potate
470 3450 510 3536 tT·
529 3463 617 3499 Μοῖ-
672 3458 695 3545 {⁹
874 3467 994 3541 similis,
1026 3474 1055 3526 ot
1082 3464 1226 3525 melodiae
1255 3464 1344 3536 duae,
1374 3461 1467 3523 altera
1493 3463 1572 3538 prior
1646 3514 1651 3526 ,

311 3557 332 3600 ‘⁸'
346 3557 517 3603 Senitenium.
671 3548 694 3623 ἔ
875 3561 1019 3631 tempore,
1051 3552 1237 3613 intervallum
1267 3551 1403 3626 diapente
1429 3550 1575 3627 saperius,

198 3702 201 3708 .
289 3604 512 3708 {Semnonrp
534 3660 621 3723 mayor.
642 3588 676 3719 ξ’
875 3639 969 3711 alteru
989 3642 1131 3718 posterior
1145 3648 1283 3718 tempore,
1307 3635 1492 3698 intervallum
1508 3635 1574 3696 dia·

312 3692 513 3848 {¹3:3³in
535 3801 621 3848 minor,
671 3785 695 3818 m
788 3731 792 3739 ”
875 3738 1007 3791 tassarou
1046 3727 1166 3796 interius
1202 3732 1387 3804 percurrunt,
1431 3726 1581 3802 posterior·

313 3837 439 3893 peresis.
475 3841 481 3901 y
665 3822 688 3887 ἐξ
875 3820 1001 3895 priorem
1030 3818 1201 3892 insequens,
1232 3823 1262 3875 et
1292 3831 1351 3889 qna
1378 3812 1462 3886 licet,
1495 3810 1574 3870 illius

313 3902 518 3967 {Semnonum
672 3893 694 3981 ξ
791 3916 793 3919 ’
876 3912 977 3981 typum
1001 3904 1083 3964 velut
1105 3904 1183 3963 illius
1206 3900 1324 3962 aemula
1339 3898 1483 3977 quaedam
1506 3900 1573 3956 imi-

314 4011 513 4107 ι

795 4338 935 4410 CAPUT
962 4336 1014 4408 Xl.

604 4486 649 4538 De
677 4492 906 4554 systematum
934 4480 1194 4550 compositione.

314 4661 375 4718 Etsi
400 4665 487 4721 unius
510 4664 635 4721 hominis
658 4680 716 4721 vor
739 4662 909 4738 plerumque
933 4664 1007 4721 inter
1029 4663 1116 4719 unius
1141 4667 1264 4719 octavae
1286 4666 1417 4737 systema
1444 4660 1574 4730 vertitur,

229 4747 353 4824 plurium
378 4757 474 4808 tamen
498 4751 688 4808 melodiarum
710 4758 866 4809 concentus
891 4748 976 4810 docet
998 4757 1119 4808 octavas
1142 4749 1238 4825 plures
1256 4749 1408 4822 contiguas
1431 4745 1573 4806 ordinare.

229 4836 348 4894 Veteres
380 4839 480 4911 igitur,
511 4855 694 4897 numerorum
723 4837 926 4897 affectionibus
951 4841 1048 4896 omnia
1071 4836 1254 4907 definientes,
1286 4832 1427 4911 diapason
1459 4832 1575 4911 epidla·

229 4929 312 4999 pente
336 4928 463 4983 numeris
489 4929 518 4993 l,
544 4929 580 4996 ⁸2,
606 4928 623 4982 3
648 4932 777 5001 systema
799 4927 958 5003 perlectum
982 4925 1190 4999 definiverunt;
1212 4922 1298 4981 nobis
1320 4938 1408 4998 supra
1430 4924 1575 4981 sectiones

229 5011 412 5071 harmonicae
444 5013 576 5086 singulae
607 5012 724 5087 singula
753 5013 939 5073 reddiderunt
967 5019 1141 5090 systemata,
1173 5025 1294 5085 quorum
1327 5017 1388 5069 erat
1416 5011 1574 5068 maximnm

229 5098 610 5175 disdiapasonepidiapentc,
634 5102 760 5159 numeris
787 5106 816 5173 l,
843 5102 877 5170 5,
904 5102 939 5170 6,
964 5103 1016 5158 etsi
1042 5101 1148 5157 nostris
1171 5099 1373 5173 componistis,
1401 5105 1434 5154 ut
1456 5104 1575 5175 vocant,

228 5186 308 5244 limes
331 5186 429 5244 nullus
454 5200 497 5245 est
520 5190 645 5263 positus,
678 5187 746 5246 dum
770 5187 911 5245 melodias
935 5189 1121 5246 concinentes
1143 5183 1353 5260 multiplicatum
1384 5183 1574 5258 quodetiam

229 5275 347 5332 Creator
371 5276 450 5332 Dens
475 5278 501 5330 in
527 5278 791 5352 contemperatione
814 5283 945 5333 motuum
969 5274 1138 5334 coelestium
1161 5273 1294 5349 praeivit,
1317 5279 1475 5347 systemate
1496 5271 1573 5331 iacto

229 5379 262 5418 cx
285 5369 397 5439 septem
422 5362 563 5437 diapason
594 5371 624 5422 et
652 5380 687 5422 eo
718 5360 852 5438 amplius.
898 5362 1097 5421 Veruntamen
1128 5362 1199 5436 quia
1220 5359 1270 5417 hic
1291 5361 1492 5435 componimus
1522 5378 1574 5436 sy·

229 5458 335 5522 stema,
359 5457 391 5506 ut
414 5466 514 5509 omnes
537 5452 654 5509 omnino
678 5452 883 5510 consonantiae
906 5448 1105 5525 speculamur,
1134 5446 1292 5525 perfectas,
1316 5448 1512 5523 imperfectus,
1536 5447 1574 5508 sd

230 5535 283 5594 lroo
307 5554 380 5614 opus
403 5537 549 5595 sufficiunt
572 5538 657 5595 nobis
681 5537 739 5596 duo
763 5537 904 5613 diapason
927 5536 955 5592 in
979 5552 1068 5594 nuum
1092 5537 1255 5612 composita
1277 5533 1472 5605 intervallum,
1494 5534 1592 5610 qued,

229 5628 313 5683 etiam
336 5624 521 5684 Ptolemaeus
545 5625 702 5699 perlectum
719 5632 845 5701 systema
860 5621 1029 5701 appellavit,
1053 5625 1081 5680 in
1105 5624 1190 5695 hunc,
1215 5622 1264 5698 qui
1281 5622 1420 5698 sequitur,
1444 5613 1573 5681 modurn.
1638 5637 1640 5641 ·
