3684 7259
714 1211 812 1273 titisr
827 1215 874 1271 lv.
894 1216 983 1285 caput
998 1213 1020 1272 l.
1077 1214 1080 1222 '
1260 1234 1264 1246 ·
1481 1221 1544 1283 m

199 1395 317 1468 nicrum,
342 1400 372 1454 et
393 1393 480 1472 plane
503 1393 634 1455 tabulam
656 1411 762 1471 rasam,
785 1402 818 1454 ut
839 1396 869 1454 ln
892 1412 952 1473 qua
973 1396 1141 1473 inscriptum
1164 1394 1203 1453 sit
1223 1393 1305 1468 nihil,
1327 1383 1365 1456 ne
1382 1396 1544 1458 mathema·

198 1484 286 1542 ticum
310 1480 438 1559 quidem,
460 1483 578 1543 inscribi
602 1501 671 1546 sero
693 1484 808 1575 possint
831 1487 945 1557 omuia;
967 1483 1052 1543 hac'
1044 1498 1162 1558 mquam
1184 1482 1214 1539 ln
1234 1489 1316 1560 parte
1338 1495 1392 1543 uec
1408 1487 1444 1544 in
1460 1484 1546 1546 Chri-

200 1571 296 1629 stiaua
319 1568 459 1646 religione
482 1570 650 1630 tolerandus
674 1567 718 1630 es't
740 1577 769 1630 et
791 1572 904 1631 invenit
924 1581 993 1649 post
1014 1570 1127 1650 aliquot
1142 1563 1242 1630 secula
1265 1585 1330 1629 cnm
1350 1569 1423 1632 alias
1438 1571 1544 1634 multae

199 1653 339 1731 siderare,
362 1666 395 1717 ιιι
416 1655 544 1734 loquitur
566 1657 701 1733 Procius,
724 1649 787 1718 turn
801 1657 969 1719 Proclum
960 1676 1055 1736 ipsum
1071 1656 1285 1734 adversarium
1309 1675 1475 1762 quanquam
1496 1657 1545 1722 hic

200 1745 421 1805 Aristotelem
413 1763 507 1826 ipsum
530 1747 647 1805 nomine
669 1763 727 1806 non
750 1748 829 1820 citat,
851 1745 1004 1807 Platonem
1027 1762 1112 1818 sero,
1135 1761 1222 1830 quem
1245 1743 1386 1822 defendit,
1410 1745 1545 1862 nemina·

199 1841 259 1892 tum
282 1840 382 1907 aperte
404 1831 508 1892 ducem
530 1851 616 1893 auum
638 1833 797 1909 profitetur.

287 1919 385 1998 Hujus
414 1922 502 1997 igitur
523 1920 619 1981 Procli
650 1919 865 2000 pidlosophiam
897 1920 933 1981 de
962 1920 1115 1997 speciebus
1145 1936 1248 1979 rerum
1266 1920 1544 1997 mathematicorum,

199 2024 272 2082 quas
295 2024 352 2084 ego
374 2010 512 2067 termines
534 2008 671 2084 profiteor
692 2009 888 2086 proportionis
909 2008 1096 2068 harmonicae
1116 2024 1209 2084 purae
1229 2016 1262 2065 ot
1283 2018 1412 2069 secretae
1435 2028 1453 2069 a
1475 2028 1544 2071 sen·-

197 2093 315 2169 silibus,
347 2113 454 2173 operae
486 2099 608 2172 pretium
638 2104 684 2156 est
710 2113 744 2158 ex
774 2096 838 2172 ojus
868 2095 990 2155 librol.
1023 2098 1052 2154 in
1077 2093 1157 2154 Euel
1187 2094 1244 2154 hnc
1272 2098 1478 2158 transscribere
1507 2098 1543 2159 de
1629 2141 1631 2154 ι

200 2183 289 2242 verbo
312 2181 350 2241 ad
374 2183 504 2246 uerbum.
1574 2235 1577 2246 .

281 2268 331 2330 Sic
346 2269 410 2331 ille:
438 2274 581 2344 Reliquum
600 2277 642 2328 est
664 2282 695 2330 ιιι
712 2273 862 2343 videamus,
888 2233 1019 2345 quaenam
1048 2272 1222 2334 subsistentia
1237 2288 1292 2328 seu
1310 2273 1428 2328 essentia
1446 2273 1545 2331 debeat

197 2352 328 2423 assignari
350 2353 547 2409 mathematicis
574 2350 718 2420 generibus
747 2359 775 2408 et
798 2352 963 2423 speciebus?
997 2349 1238 2407 concedendumne
1264 2351 1314 2416 sit,
1341 2350 1389 2405 illa
1405 2369 1422 2407 a
1440 2353 1543 2412 sensili·
1572 2415 1575 2424 ⁴

196 2431 248 2485 bns
266 2432 467 2488 subsistentiam
485 2429 617 2500 accipere,
635 2430 691 2484 sive
708 2446 758 2499 per
775 2429 991 2495 abstractionem,
1009 2437 1040 2485 ut
1058 2425 1115 2484 mot
1134 2436 1175 2484 est
1193 2430 1329 2501 loquendi,
1348 2432 1403 2486 sine
1421 2448 1471 2502 per
1488 2427 1543 2490 cnl-

197 2507 338 2567 lestionem
357 2529 465 2582 eorum,
489 2526 558 2580 qnae
576 2515 640 2565 sunt
657 2525 706 2578 per
723 2519 814 2580 partes
833 2511 969 2580 dispersa,
994 2511 1022 2564 iu
1042 2522 1123 2565 ιιιιιιιι
1150 2519 1316 2564 communem
1334 2509 1465 2565 rationem
1483 2519 1542 2575 tseu

197 2587 399 2659 definitionem,
418 2606 488 2645 enne
506 2590 586 2645 etiam
605 2597 669 2644 ante
685 2589 754 2644 haec
772 2590 838 2659 ipsis
857 2588 946 2644 danda
964 2586 1148 2656 subsistentia,
1167 2596 1196 2641 ιιι
1211 2587 1291 2641 Plato
1309 2592 1423 2656 usurpat
1439 2597 1467 2643 et
1484 2591 1541 2658 uni·
1639 2649 1643 2660 ,
1705 2627 1709 2636 -

196 2668 332 2723 versitatis
350 2685 440 2723 rerum
458 2668 612 2739 progressio
631 2667 815 2724 demonstrat?
872 2720 875 2729 ,

281 2747 400 2802 Primum
418 2750 512 2816 itaque
530 2747 553 2799 si
570 2745 749 2816 affirmamus,
778 2748 882 2817 species
902 2747 1105 2802 mathematicas
1123 2763 1140 2800 a
1158 2742 1301 2801 sensilibus
1320 2748 1456 2817 constitui,
1479 2748 1543 2804 dnm
1650 2817 1654 2824 ἢ

199 2825 286 2880 anima
305 2843 321 2881 a
337 2828 451 2896 trigonis
475 2835 523 2880 aut
545 2826 654 2882 circulis
672 2826 855 2882 materialibus
880 2825 998 2896 speciem
1016 2827 1174 2882 circularem
1197 2832 1245 2880 ant
1266 2824 1423 2893 trigonioam
1448 2844 1543 2885 secuu-

198 2904 272 2960 daria
290 2908 406 2977 quadam
424 2907 548 2977 genitura
564 2906 591 2960 in
609 2922 640 2960 se
657 2907 718 2977 ipsa
736 2905 847 2961 format:
875 2920 990 2974 quaero,
1008 2905 1080 2961 nude
1097 2904 1188 2959 veniat
1205 2903 1355 2960 rationibus
1373 2907 1431 2974 (seu
1450 2905 1542 2963 detini·

199 2984 325 3048 tiembns)
343 2986 389 3041 illa
406 2993 483 3042 tanta
500 2985 633 3041 certitudo
659 2994 790 3054 tantaque
808 2985 966 3040 accuratio?
1000 2984 1061 3039 Erit
1083 2985 1258 3049 enimenta
1275 2983 1420 3040 sensilibus
1444 2993 1491 3040 aut
1508 2985 1543 3041 ab
1597 2995 1601 3002 “

196 3064 256 3134 ipsa
273 3066 367 3121 anima.
404 3068 440 3121 At
459 3065 625 3135 impossibile
651 3062 841 3128 assusilibus3
868 3060 952 3117 multo
978 3078 1093 3132 namque
1118 3061 1205 3130 maior
1230 3060 1367 3117 subtilitas
1393 3071 1421 3118 et
1438 3063 1543 3138 exactio

197 3144 267 3199 inest
284 3147 434 3203 rationibus
452 3146 519 3201 istis.
557 3146 597 3200 ab
616 3145 705 3199 anima
722 3144 817 3215 igitur,
836 3155 906 3208 quac
924 3140 1088 3210 imperiectis
1107 3140 1315 3209 perfectionem,
1341 3141 1448 3197 minime
1467 3155 1543 3199 aecu—
1574 3147 1577 3153 ’

197 3226 262 3279 ιιιιι
281 3225 457 3280 subtilitatem
475 3222 549 3278 illam
568 3215 721 3278 accuratam
747 3217 880 3275 conciliet.
917 3219 968 3273 liic
992 3219 1076 3289 euim,
1103 3218 1149 3275 nbi
1166 3218 1237 3272 inter
1260 3217 1370 3274 sensilia
1393 3221 1544 3278 inveniatur

196 3311 292 3358 nature
319 3303 487 3374 impartibilis
509 3297 631 3380 (puncti)
656 3308 684 3355 et
709 3297 852 3353 latitudine
876 3311 970 3351 carens
998 3294 1041 3375 (ιιι
1063 3293 1155 3365 linea)
1184 3301 1212 3349 et
1233 3295 1417 3364 profunditate
1438 3295 1543 3378 (utsu-

201 3385 355 3467 pcrficies),
385 3400 431 3445 aut
450 3390 495 3446 ubi
514 3390 664 3461 aequalitas
683 3390 814 3445 linearum
832 3403 867 3441 ex
885 3393 989 3454 centro,
1019 3395 1066 3440 eut
1087 3385 1133 3441 ubi
1151 3383 1339 3455 proportiones
1358 3402 1465 3458 semper
1482 3390 1543 3446 cou-

197 3484 300 3532 stantes
322 3476 437 3532 laterum
459 3472 593 3554 (materia
614 3476 671 3534 mei
695 3474 760 3533 libri
776 3469 813 3551 Ι.)
837 3481 883 3536 aut
906 3473 951 3527 nbi
976 3472 1135 3564 angulorum
1159 3457 1355 3529 rectitudines?
1389 3475 1452 3532 Non
1469 3475 1542 3546 equi·

199 3553 260 3608 dem
278 3556 364 3612 video
381 3564 412 3610 ut
429 3567 493 3611 sunt
511 3556 655 3611 commixta
673 3565 701 3612 et
718 3555 831 3612 confusa
847 3555 919 3609 inter
938 3567 967 3606 se
985 3553 1075 3612 omnia
1092 3552 1236 3624 partibilis,
1255 3553 1323 3610 nihil
1340 3556 1483 3620 sincerum,
1504 3556 1543 3612 ni·

196 3632 233 3685 hil
260 3649 276 3687 a
301 3635 435 3688 contrario
462 3650 511 3688 sno
534 3651 647 3703 purum;
674 3635 764 3690 omnia
787 3631 937 3705 partibilis,
962 3639 991 3686 et
1014 3646 1083 3701 qnae
1109 3630 1176 3688 locis
1202 3632 1296 3687 dissita
1318 3643 1346 3690 et
1363 3651 1449 3707 quae
1456 3631 1541 3702 uni'tu

198 3711 338 3778 Quomodo
357 3712 438 3779 igitur
456 3712 667 3769 immobilibus
659 3730 745 3783 ipsam
765 3712 914 3769 durabilem
938 3712 1083 3765 essent-iem
1107 3729 1141 3766 ex
1159 3711 1303 3788 mobilibus
1325 3713 1446 3784 aliasque
1463 3714 1543 3770 aliter

195 3788 358 3845 habentibus
376 3790 598 3847 conciliabimus?
634 3789 769 3883 Quicquid
787 3792 858 3846 enim
870 3790 1072 3846 subsistentiam
1085 3807 1162 3847 snam
1180 3791 1264 3847 habet
1280 3808 1297 3847 ι
1314 3792 1393 3849 motis
1412 3793 1544 3860 essentiis,

195 3864 294 3922 habere
312 3882 372 3921 eam
389 3869 555 3924 mutabilem
565 3869 742 3925 concedunt
734 3871 794 3961 ipsi.
832 3869 867 3924 Et
894 3869 1029 3937 quomodo
1056 3867 1191 3927 accuratis
1214 3878 1242 3928 ιι
1266 3872 1346 3928 ιιιιιι
1365 3871 1543 3942 speciebusue

196 3962 250 4000 non
267 3947 400 4001 accuratis
419 3948 622 4018 impetrabimus
640 3948 803 4004 secontiam
818 3949 913 4004 suem?
949 3947 1034 4003 Omne
1046 3964 1176 4021 namque,
1194 3949 1267 4022 qnod
1279 3966 1361 4008 causa
1373 3961 1415 4007 est
1426 3950 1543 4007 notionis

196 4038 301 4092 semper
317 4017 488 4090 mutabiliss
480 4042 568 4095 ipsum
585 4027 670 4084 multo
687 4026 773 4098 magis
790 4034 833 4083 est
844 4026 907 4081 tale.
944 4024 1156 4096 supponendum
1169 4043 1233 4097 ergo
1246 4029 1305 4094 erit,
1322 4031 1437 4085 animam
1456 4031 1542 4108 ipsam

199 4102 351 4172 genitricem
371 4119 432 4158 esse
451 4105 699 4160 mathematicorum
724 4106 874 4175 specierum
898 4105 1085 4160 strutionum.
1121 4106 1203 4177 Atqui
1228 4103 1275 4161 illa
1300 4107 1464 4162 continens'
1456 4127 1484 4165 m
1503 4126 1541 4180 se,

200 4191 227 4235 ut
245 4182 331 4251 prima
350 4183 538 4252 exemplasse
557 4184 755 4255 paradigmata,
778 4182 926 4239 secundum
944 4183 1088 4240 essentiam
1106 4183 1166 4253 ipsa
1185 4183 1332 4240 subsistere
1350 4184 1427 4251 iacit,
1456 4197 1486 4242 ut
1504 4189 1543 4244 ita

197 4273 250 4343 siut
266 4270 454 4341 generationes
478 4264 676 4348 (Christianus
692 4267 839 4340 subaudit,
863 4267 971 4327 creatio
991 4266 1445 4351 remmsensilium)nthila1ied,
1462 4290 1542 4345 quem

197 4359 406 4430 propagationes
425 4360 589 4428 specierum,
609 4373 679 4427 quae
697 4360 724 4413 in
742 4358 790 4413 illa
805 4357 883 4428 prins
900 4355 1007 4412 inerant
1037 4351 1195 4429 (rationes⁴
1212 4359 1400 4418 creandorum
1435 4376 1542 4438 corpo·

198 4461 259 4503 rum
289 4444 512 4504 mathematicas
535 4445 599 4503 Deo
629 4452 800 4503 coaeternas
831 4442 920 4502 luisse
943 4441 1097 4518 Deumque
1123 4446 1251 4504 animam
1278 4455 1308 4506 et
1329 4454 1454 4507 mentem
1478 4465 1542 4507 esse

197 4532 473 4609 superexcellenter,
503 4533 615 4592 animes
647 4547 716 4589 vero
745 4529 889 4590 hnmanae
919 4545 985 4587 esse
1007 4527 1064 4588 Dei
1093 4535 1232 4591 creatoris
1263 4535 1422 4610 imagines,
1453 4538 1543 4595 etiam

198 4622 226 4678 ιιι
248 4618 456 4679 essentialibus
480 4637 533 4679 suo
555 4617 652 4689 modo,
675 4618 704 4675 id
727 4620 823 4677 sciunt
837 4616 1021 4694 Christiani),
1043 4624 1110 4675 tuno
1127 4619 1235 4680 Platoni
1254 4626 1452 4681 consentiemus
1475 4627 1543 4682 haee

197 4702 324 4770 diceutes,
344 4708 371 4756 et
389 4717 454 4757 sera
471 4702 589 4757 essentis
605 4700 799 4755 mathematum
816 4698 896 4754 nobis
911 4699 1021 4753 inventa
1032 4696 1091 4752 erit.
1128 4693 1175 4753 sin
1188 4707 1280 4756 autem
1291 4703 1387 4769 enims,
1408 4721 1467 4759 cum
1486 4721 1541 4762 nnn

196 4790 307 4845 haberet
331 4804 382 4842 nee
398 4788 473 4856 prius
492 4788 616 4843 alicunde
640 4788 789 4858 accepisset
808 4784 932 4864 'rationes
953 4774 1157 4844 mathematicas
1183 4783 1227 4866 (si,
1252 4804 1318 4847 cum
1339 4805 1397 4849 neu
1421 4790 1543 4850 inissent

197 4876 251 4950 ipsi
274 4869 464 4951 concreatae),
493 4873 665 4931 nihilominus
689 4873 873 4930 admirabilem
896 4874 969 4930 huuc
992 4882 1116 4932 ornatum
1137 4878 1343 4933 immateriatum
1367 4882 1452 4948 texit,
1480 4880 1540 4950 pnl-

195 4955 353 5011 uberrimam
375 4954 444 5008 hano
471 4954 682 5024 speculationem
706 4955 829 5023 enititur,
853 4954 988 5026 quomodo
1011 4971 1074 5026 ergo
1100 4956 1234 5011 discernet
1256 4956 1295 5011 sic
1320 4959 1423 5027 genita.
1451 4959 1540 5014 sintne

196 5041 370 5098 subsistentia
393 5052 420 5096 et
438 5044 590 5097 constantia
606 5039 721 5118 (eristun
744 5047 803 5100 nhn
827 5062 925 5118 γονιμα
938 5036 1025 5119 lego),
1043 5058 1078 5096 au
1096 5039 1127 5095 in
1141 5047 1237 5096 sentos
1255 5042 1370 5099 evanida
1389 5052 1417 5100 et
1435 5053 1543 5117 spectra

195 5123 285 5192 potins
308 5136 389 5191 quam
412 5123 492 5175 vera?
529 5120 633 5188 Quibus
656 5124 756 5176 normis
781 5137 832 5178 usa
854 5122 991 5177 ιιιιιιιιιιι
1016 5135 1108 5177 eorum
1132 5121 1277 5176 metietur?
1315 5123 1373 5179 lmo
1398 5117 1541 5194 queunte,

194 5217 255 5256 eum
273 5200 418 5255 essentium
442 5216 534 5255 eorum
560 5218 614 5255 nou
641 5200 766 5267 haberet,
793 5200 878 5268 gignit
900 5207 1003 5268 tantem
1027 5199 1185 5254 vametatem
1207 5200 1361 5280 ratiqnum?
1396 5203 1465 5258 liam
1488 5199 1541 5261 ιιι

195 5288 275 5348 preto
293 5277 430 5333 fortuitam
448 5277 555 5332 illorum
574 5278 777 5334 subsistentiam
795 5278 925 5332 iaciemus
944 5292 1032 5367 neque
1049 5275 1085 5331 ad
1102 5274 1188 5332 ullum
1206 5260 1317 5349 sc'opum
1336 5282 1378 5337 vel
1396 5281 1540 5340 termlun'iu

195 5356 357 5413 tendentem.
395 5358 462 5410 Sunt
480 5372 543 5422 ergo
561 5356 665 5410 animae
683 5356 767 5424 ipsius
787 5353 894 5408 soboles
913 5356 1018 5423 speeies
1036 5354 1249 5428 mathematicae,
1268 5376 1318 5415 nec
1334 5361 1418 5420 habet
1434 5362 1482 5417 illa
1497 5380 1539 5419 ra·

195 5434 290 5504 tiones,
310 5449 377 5505 quas
395 5434 543 5501 coustituit,
563 5452 580 5488 a
597 5433 750 5502 sensilibus,
768 5434 833 5504 qn'm
850 5433 942 5503 potius
961 5434 1029 5489 haec
1045 5435 1080 5490 ab
1097 5433 1150 5489 dlis
1163 5446 1357 5509 propagantur,
1376 5447 1494 5511 suntque
1511 5442 1539 5496 hi

195 5513 290 5569 enixus
308 5512 394 5581 ipsius
413 5519 439 5564 et
457 5512 524 5565 haee
543 5511 685 5580 puerperia
703 5512 917 5581 permanentium
935 5519 963 5568 et
979 5511 1137 5582 perennium
1156 5513 1306 5586 specierum
1328 5515 1470 5574 moestia.

281 5590 404 5646 Secundo
423 5592 445 5645 si
464 5592 497 5644 ab
516 5590 586 5645 inira
604 5600 632 5645 et
649 5608 666 5645 ι
684 5592 828 5648 sensilibus
847 5590 998 5662 colligimus
1020 5592 1140 5648 rationes
1156 5594 1349 5652 metensium
1367 5600 1425 5666 (seu
1444 5598 1539 5656 deflui·
1630 5625 1634 5632 ·

196 5670 301 5738 times),
321 5667 456 5739 quemodo
475 5685 530 5724 non
547 5669 672 5725 meliores
690 5677 770 5726 erum
787 5670 1043 5742 demonstrationes,
1067 5688 1138 5742 quaa
1154 5673 1468 5748 comanentsmsilia,
1494 5677 1539 5736 ιιι
