3684 7259
313 1183 376 1244 394
823 1177 973 1233 Ptolemaei
990 1177 1146 1279 Harmonia.
1174 1258 1176 1261 .

312 1352 424 1410 stabiles
442 1354 571 1422 quinque.
608 1353 653 1407 Sin
673 1360 763 1409 autem
782 1353 840 1409 sine
858 1370 941 1410 causa
958 1353 1048 1423 placet
1066 1352 1205 1422 duplicare
1223 1353 1362 1423 diapason,
1381 1354 1500 1425 placebit
1514 1356 1560 1411 alii
1578 1356 1662 1426 tripli·

312 1447 384 1499 care,
403 1437 434 1485 ut
450 1432 544 1501 plures
562 1432 662 1487 haheat
680 1433 805 1503 stabiles,
826 1435 906 1488 etiam
926 1431 1061 1488 veteribus
1082 1433 1176 1487 dictos.
1213 1434 1267 1489 Tot
1284 1434 1367 1502 igitur
1385 1435 1538 1490 nominibus
1556 1435 1664 1491 vacillat

312 1510 484 1580 septenarius
503 1509 642 1566 stabilium
661 1527 795 1566 sonorum.
1306 1534 1307 1538 ¹

383 1595 385 1598 ’
401 1590 474 1644 Nota
490 1589 539 1643 IX.
575 1592 600 1645 E
619 1600 713 1645 contra
732 1592 901 1660 septenarius
920 1609 1048 1647 numerus
1067 1590 1236 1660 planetarum
1255 1593 1342 1647 estin
1361 1593 1472 1660 antiqua
1491 1599 1597 1650 tautum
1616 1608 1664 1647 sen

313 1673 479 1731 Ptolemaiou
497 1674 670 1741 astronomia,
690 1681 720 1727 ut
737 1673 783 1727 iila
801 1673 879 1727 nobis
897 1671 1030 1728 terricolis
1049 1687 1079 1725 se
1097 1688 1146 1739 per
1166 1671 1259 1726 oculos
1276 1673 1405 1740 insinuat,
1424 1688 1485 1727 eum
1503 1674 1604 1742 reipsa
1621 1689 1664 1728 res

313 1755 394 1824 longe
411 1753 511 1809 habeat
528 1753 613 1808 aliter.
649 1754 718 1808 Nam
738 1754 761 1807 si
779 1753 921 1821 primarios
940 1752 1065 1821 planetas
1090 1752 1236 1806 inmundo
1256 1753 1425 1811 consideres.
1451 1762 1515 1808 sunt
1533 1753 1550 1805 ii
1570 1768 1665 1806 secun·

313 1835 378 1890 dum
402 1834 580 1902 Ooperuicum
603 1849 715 1888 numero
739 1849 795 1887 sex.
830 1833 909 1886 Luna
928 1831 1018 1886 Solem
1043 1847 1096 1885 non
1120 1831 1343 1899 circumvehitur,
1370 1830 1418 1885 sed
1442 1830 1594 1897 Tellurem,
1622 1839 1664 1886 est

312 1913 396 1981 igitur
412 1913 484 1967 inter
502 1911 691 1980 secundarios,
712 1918 741 1965 ut
759 1915 776 1967 t
794 1911 1008 1979 circumjoviales
1028 1918 1056 1965 et
1073 1911 1164 1965 ceteri.
1202 1910 1249 1964 Sin
1268 1926 1361 1965 omnes
1380 1924 1554 1965 numeramus
1573 1910 1664 1978 plane-

313 1999 365 2059 tas,
384 1992 465 2047 etiam
483 1991 671 2058 secundarios,
697 1993 789 2061 etqui
808 1992 934 2061 planetas
953 1989 1020 2044 alios
1040 1990 1278 2044 sucumvebnntur
1302 1990 1416 2059 epicycli
1434 1997 1522 2056 motu,
1544 1990 1602 2057 jam
1621 2005 1664 2043 ex-

313 2070 445 2139 perientia
468 2070 503 2124 ad
524 2071 555 2126 13
573 2086 659 2138 usque
687 2071 814 2125 excurrit.
851 2070 982 2125 Omnibus
1006 2070 1088 2137 igitur
1111 2071 1196 2124 modis
1223 2069 1335 2124 iortuita
1360 2078 1403 2123 est
1420 2071 1587 2138 conspiratio
1606 2084 1664 2136 ssp-

312 2152 477 2206 teuariorum
494 2150 616 2203 istorum.

398 2228 471 2282 Nota
488 2228 519 2281 X.
556 2227 632 2295 Quae
651 2227 695 2281 hic
713 2226 746 2280 de
764 2236 839 2281 motu
858 2228 954 2281 diurno
973 2229 1056 2281 totius
1069 2228 1162 2282 muudi
1180 2228 1215 2283 ab
1228 2235 1290 2282 ortu
1303 2229 1331 2282 in
1343 2244 1479 2295 oceasum,
1498 2234 1526 2281 et
1544 2227 1665 2282 demota

313 2307 445 2377 sphaerae
463 2306 577 2360 fixarum
596 2305 751 2360 tardissimo
769 2305 796 2358 in
810 2306 975 2360 contrariam
987 2307 1095 2375 plagam
1110 2307 1243 2375 dicuntur,
1263 2323 1295 2361 ea
1307 2315 1371 2362 sunt
1384 2316 1568 2363 consentanea
1580 2314 1664 2361 astro·

313 2385 421 2439 nomiae
438 2384 627 2439 Ptolemaicae.
663 2383 828 2451 Ceperuicus
846 2385 934 2438 reales
953 2385 1003 2438 hos
1024 2393 1113 2439 motus
1132 2402 1186 2440 non
1204 2386 1335 2454 agnoseit,
1355 2386 1402 2440 sed
1421 2386 1539 2453 priorem
1558 2384 1663 2454 quidem

312 2464 485 2519 transscribit
502 2462 634 2517 solutioni
653 2461 769 2518 Telluris
788 2464 860 2518 circa
873 2481 952 2518 snum
972 2481 1049 2520 axem
1067 2466 1094 2519 in
1108 2463 1215 2535 plagam
1228 2466 1389 2534 oppositam,
1409 2467 1589 2534 posteriorem
1602 2480 1665 2519 vero

314 2542 442 2596 emotioni
460 2542 519 2596 axis
538 2540 656 2594 Telluris
675 2556 690 2593 e
709 2542 832 2596 suo'situ
850 2543 990 2611 parallelo.

401 2622 472 2675 Nota
490 2622 536 2675 xi.
573 2621 604 2674 ln
623 2621 789 2675 astronomia
807 2622 948 2690 Ceperniei
969 2623 1112 2679 dicendum
1131 2625 1175 2678 hic
1194 2632 1276 2689 esset,
1296 2638 1418 2692 apogaea
1436 2624 1591 2692 limitesque
1609 2622 1664 2690 pla·

311 2709 435 2756 netarum
453 2701 550 2755 boreos
575 2708 603 2754 et
620 2702 756 2755 austrinos
775 2708 908 2771 perpetuo
934 2704 984 2757 sub
1003 2703 1097 2758 iisdem
1122 2703 1184 2757 fixis
1203 2703 1359 2772 quiescere,
1382 2704 1435 2757 hoc
1457 2704 1528 2757 euim
1553 2701 1667 2756 credidit

312 2779 485 2834 Ptolemaeus
505 2780 538 2836 de
557 2781 673 2849 planetis
692 2783 819 2850 quinque.
854 2784 889 2835 At
908 2781 1061 2836 observatio
1080 2781 1208 2848 longioris
1222 2783 1280 2835 aevi
1300 2781 1404 2836 detexit
1418 2783 1512 2849 plura,
1533 2797 1595 2835 narn
1609 2795 1666 2833 suc·

312 2859 414 2915 cedunt
432 2861 512 2914 etiam
531 2861 598 2913 haec
616 2869 718 2928 puncta
735 2862 894 2929 imaginaria
917 2861 1007 2915 afixa
1030 2863 1065 2917 ad
1083 2862 1165 2915 fixam
1188 2862 1277 2929 aliam,
1298 2871 1324 2915 et
1346 2858 1538 2929 inaequalibus
1558 2857 1664 2925 quidem

314 2940 455 2996 celeritate
473 2940 671 3009 progressibus.

402 3038 474 3095 Nota
491 3040 553 3094 XII.
589 3038 651 3092 Jam
677 3038 750 3106 quod
768 3037 945 3105 sphaerarum
964 3038 1162 3104 magnitudines
1183 3037 1295 3100 attinet,
1322 3051 1369 3090 eae
1392 3034 1467 3089 nullo
1492 3033 1573 3088 modo
1596 3047 1668 3086 men·

314 3132 407 3172 suram
426 3117 538 3171 eandem
557 3117 714 3183 observant,
740 3132 819 3185 quem
840 3116 1002 3171 chordarum
1021 3116 1176 3186 longitudo,
1202 3131 1235 3168 ac
1259 3130 1292 3168 ne
1311 3113 1415 3167 eminus
1435 3113 1545 3181 quidem
1572 3126 1668 3181 appro-

316 3198 458 3265 pinquant,
477 3198 525 3254 sed
544 3196 747 3263 generalissima
766 3196 897 3264 quaedam
917 3196 1053 3263 allegatur
1071 3196 1276 3264 proportionum
1293 3190 1580 3259 'inaequalissimarum
1599 3188 1668 3243 simi·

315 3276 414 3345 litudo,
439 3283 467 3329 et
492 3276 594 3331 nudum
619 3290 706 3329 meses
724 3289 837 3332 nomen.
865 3282 892 3328 et
915 3275 1036 3343 opinatio
1063 3275 1097 3328 de
1121 3274 1298 3342 sphaerarum
1324 3271 1522 3341 magnitudine,
1550 3287 1620 3340 quae
1643 3272 1668 3324 in

312 3356 485 3411 astronomia
502 3355 650 3410 Ptolemaei
668 3354 754 3408 libera
772 3354 879 3422 quidem
900 3363 950 3421 est,
970 3355 1017 3408 sed
1036 3368 1052 3405 a
1070 3368 1133 3405 vera
1147 3351 1313 3406 astronomia
1325 3352 1469 3405 refutatur.
1507 3349 1670 3417 Quinetiam

312 3433 379 3488 ordo
401 3433 575 3503 planetarum
602 3434 739 3488 veteribus
764 3434 882 3488 creditus
905 3434 986 3501 longe
1012 3431 1094 3485 babet
1118 3430 1197 3483 aliter
1215 3429 1287 3497 apud
1309 3430 1487 3497 Cepernieum
1511 3437 1538 3482 et
1565 3434 1671 3495 praeter

256 3568 261 3576 ,
312 3512 479 3580 opinionem.
516 3513 578 3567 Etsi
597 3514 666 3567 enim
685 3514 712 3566 in
732 3514 859 3580 Saturno,
875 3513 952 3579 Jove,
972 3512 1060 3565 Marte
1079 3509 1170 3564 nullus
1190 3526 1265 3563 error
1283 3508 1394 3576 ordinis,
1414 3516 1442 3561 at
1460 3523 1510 3561 nec
1529 3507 1671 3560 invenere
1750 3511 1752 3513 ’

312 3602 339 3645 et
358 3591 508 3659 Meruurio,
536 3601 662 3660 respectu
686 3591 845 3659 inclusionis
869 3600 896 3646 et
914 3590 1186 3657 circumscriptionis;
1214 3596 1242 3642 at
1266 3588 1293 3640 in
1313 3586 1376 3640 Sole
1395 3593 1468 3639 errat
1489 3592 1568 3638 retus
1588 3594 1671 3639 astro·

311 3671 412 3735 nomia,
436 3681 505 3738 οιιῃ-
515 3671 671 3725 certissimis
691 3669 882 3739 experimentis
902 3670 1116 3724 demonstratum
1135 3668 1293 3732 habeamus,
1306 3667 1439 3719 Venerem
1453 3668 1550 3732 (eoque
1563 3672 1591 3716 et
1604 3662 1671 3715 hier·

312 3749 425 3812 curium)
454 3748 525 3816 eirea
544 3749 633 3803 Solem
652 3750 699 3813 ire,
717 3757 772 3803 tam
791 3749 902 3803 altiores
920 3749 967 3801 illo
986 3747 1161 3816 quandoque,
1180 3763 1259 3813 quarn
1279 3745 1394 3798 uicissim
1413 3743 1571 3798 humiliores
1590 3744 1671 3805 alias;

311 3835 339 3881 et
363 3826 526 3881 Mercurium
549 3827 658 3895 quidem
676 3829 782 3881 Venere
801 3846 872 3884 nune
891 3828 1028 3894 altiorem,
1048 3827 1071 3880 si
1089 3834 1153 3892 sunt
1172 3825 1331 3880 humiliores
1350 3824 1428 3890 Sole,
1448 3839 1520 3877 nuuc
1539 3839 1572 3878 ea
1590 3823 1672 3876 humi·

218 3971 220 3976 ,
311 3889 421 3974 liorem,
440 3907 463 3960 si
482 3906 560 3960 ambo
579 3905 642 3960 Sole
661 3906 779 3959 altiores.
816 3907 913 3974 itaque
939 3915 970 3961 ut
990 3906 1149 3962 emendetur
1167 3905 1211 3958 hic
1230 3903 1296 3959 orde
1320 3902 1467 3957 secundum
1487 3905 1673 3977 Cepernicum
1716 3918 1722 3931 ·

312 3984 429 4039 Telluris
455 3992 483 4037 et
502 3985 571 4037 Solis
591 3985 758 4039 conditiones
777 3993 841 4038 sunt
859 3987 1069 4054 permutandae,
1093 3994 1124 4041 ut
1148 4002 1201 4040 non
1222 3985 1286 4051 Sol,
1304 3984 1351 4037 sed
1371 3984 1455 4037 Terra
1484 3982 1600 4035 emeiritu
1627 3997 1674 4035 suo

317 4062 418 4118 mediet
443 4062 515 4116 inter
532 4062 668 4130 planetas,
695 4063 739 4116 Sol
758 4078 821 4118 vero
841 4081 888 4118 cor
911 4066 947 4120 sit
963 4066 1082 4119 omnium
1100 4071 1132 4120 et
1152 4069 1284 4128 centrum,
1313 4079 1367 4116 non
1386 4061 1479 4115 Terra.
1524 4060 1562 4113 Et
1586 4068 1673 4115 tamen

313 4142 400 4197 etiam
419 4140 458 4195 sic
476 4141 614 4208 (restituto
633 4142 727 4195 ordine
745 4144 819 4209 vero)
839 4143 960 4197 exulabit
979 4160 994 4196 e
1013 4160 1126 4198 numero
1144 4144 1231 4209 Lirnn,
1251 4150 1281 4196 ut
1299 4157 1370 4209 quae
1389 4139 1526 4195 Tellurem
1546 4138 1673 4200 circumit,

239 4244 240 4249 ¹
323 4237 410 4290 eoque
429 4235 445 4274 a
463 4229 556 4274 centro
577 4219 747 4287 planetarum
766 4220 845 4274 abest
863 4220 970 4286 longius
983 4223 1089 4275 Venere
1108 4231 1136 4276 et
1157 4221 1302 4276 Mercurio.
1338 4221 1380 4274 ita
1400 4228 1463 4274 nete
1475 4218 1674 4287 hyperbolaeon

324 4293 427 4353 nullum
446 4299 558 4353 habebit
576 4299 720 4366 planetam,
740 4305 798 4368 aut,
816 4305 847 4352 ut
863 4299 968 4353 Lunam
987 4300 1099 4369 babeat,
1120 4316 1134 4353 e
1152 4316 1263 4355 numero
1278 4297 1419 4353 eximenda
1437 4305 1464 4351 et
1482 4296 1547 4351 alibi
1566 4295 1675 4350 seorsim

325 4379 376 4435 erit
393 4376 536 4434 tendenda,

314 4448 316 4452 ’
412 4459 491 4526 Quod
509 4472 572 4519 vero
587 4456 643 4524 jam
662 4455 775 4510 mobiles
793 4455 857 4511 hine
876 4472 958 4511 sonos
977 4473 1024 4510 seu
1042 4457 1130 4525 locos,
1155 4456 1217 4511 inde
1236 4455 1415 4525 particulares
1433 4454 1603 4521 singulorum
1620 4453 1674 4523 pla·

328 4546 451 4593 netarum
472 4536 603 4602 sphaeras
622 4536 727 4602 attinet,
746 4534 791 4588 hic
803 4535 900 4588 iterum
913 4536 1105 4605 impedimenta
1118 4536 1210 4603 multa,
1230 4554 1284 4605 qno
1302 4536 1389 4589 minus
1408 4534 1574 4602 comparatio
1592 4531 1678 4602 possit

326 4614 440 4669 institui.
477 4616 546 4667 Nam
565 4612 851 4681 proslambanomenos
870 4631 924 4667 non
943 4615 1026 4668 habet
1045 4616 1133 4669 socios
1153 4615 1275 4681 mobiles,
1295 4631 1354 4668 eum
1372 4615 1504 4667 Saturnus
1523 4621 1614 4666 umen
1631 4611 1675 4663 ha·

325 4693 388 4748 beat
406 4693 565 4762 epieyclum,
585 4700 613 4746 et
630 4693 709 4745 Luna
727 4692 847 4761 epicyclo
866 4695 986 4749 seeundo
1006 4697 1047 4754 tin
1060 4695 1226 4749 astronomia
1244 4703 1387 4761 utrumqne
1399 4692 1580 4759 Ptolemaica)
1598 4698 1676 4758 caret

323 4788 385 4825 curn
405 4772 440 4826 sit
460 4771 533 4839 apud
552 4775 633 4824 neten
653 4771 727 4824 socia
745 4770 861 4838 mobilis,
880 4784 1020 4840 paranete.
1057 4774 1126 4827 Nam
1146 4775 1218 4842 quod
1231 4774 1403 4828 Ptolemaeus
1415 4773 1511 4827 Lunae
1524 4789 1574 4842 per
1586 4786 1676 4825 eccen-

324 4853 407 4905 trieos
426 4851 506 4904 etiam
526 4850 621 4903 tribuit
639 4848 735 4917 longos
754 4849 902 4906 descensus
921 4869 1105 4921 ascensusque
1123 4863 1212 4921 (quem
1231 4869 1280 4920 ego
1299 4852 1333 4905 ad
1352 4868 1490 4907 numerum
1504 4850 1676 4918 marginalem

322 4929 356 4984 13
374 4932 401 4984 in
419 4937 496 4982 textu
519 4943 578 4981 sum
604 4928 699 4981 merito
719 4935 846 5002 ‚secutus
874 4932 974 5000 quippe
997 4932 1111 5001 loquens
1138 4933 1214 4987 velrrt
1236 4948 1270 4986 ex
1294 4933 1352 4999 ejus
1377 4942 1447 5001 orei,
1475 4930 1609 4985 refutatus
1637 4935 1678 4981 est

324 5010 425 5065 dudum
444 5007 631 5062 astronomicis
651 5008 853 5076 experimentis.
891 5010 945 5064 Sed
964 5025 1014 5063 nec
1034 5012 1201 5078 respondent
1220 5011 1399 5081 epieyelorum
1423 5010 1623 5078 magnitudines
1641 5008 1677 5061 in·

324 5089 445 5144 torsellis
463 5089 533 5141 inter
551 5085 670 5149 stabiles,
687 5103 775 5156 neque
793 5087 1023 5157 magnitudinibus
1043 5090 1083 5155 (nt
1102 5099 1215 5160 apparet
1233 5108 1268 5146 ex
1285 5108 1326 5157 eo,
1346 5092 1418 5159 quod
1431 5091 1610 5159 triplicandae
1623 5090 1677 5143 iue-

324 5178 387 5221 runt
405 5168 599 5236 proportiones
618 5168 774 5236 systematis
792 5166 911 5233 musici),
939 5181 1027 5234 neque
1047 5168 1221 5224 similitudine
1239 5170 1436 5238 proportionis,
1456 5185 1511 5222 non
1529 5174 1636 5222 tantum
1653 5166 1678 5219 in

325 5250 528 5315 comparatione
556 5248 590 5302 ad
616 5263 646 5301 se
663 5252 769 5314 mutuo,
798 5245 847 5300 sed
872 5245 954 5297 etiam
978 5245 1013 5298 ad
1032 5249 1113 5301 orbes
1131 5262 1210 5316 suos,
1238 5247 1279 5301 his
1299 5248 1370 5300 enim
1396 5247 1518 5301 omnibus
1536 5246 1624 5301 modis
1642 5244 1678 5297 in·

325 5326 453 5395 aequales
472 5332 539 5379 sunt
557 5325 684 5393 utrinque
703 5324 906 5392 proportiones,
935 5331 965 5377 ut
984 5325 1120 5392 epicyclus
1139 5326 1235 5379 Martis
1257 5326 1375 5379 omnium
1394 5325 1541 5393 maximus,
1568 5324 1679 5380 Veneris

326 5403 361 5457 ad
379 5420 459 5458 suum
480 5403 571 5457 orbem
591 5411 764 5469 comparatus
784 5404 864 5458 etiam
879 5402 973 5477 major,
992 5420 1052 5457 curn
1066 5404 1205 5458 stabilium
1218 5420 1344 5458 sonorum
1357 5404 1500 5458 intervalla
1512 5403 1678 5468 solummodo

326 5482 380 5536 sint
398 5483 582 5549 magnitudine
603 5481 768 5550 differentia,
794 5500 877 5537 ιιιιιιιιι
901 5481 957 5536 toni
978 5484 1145 5550 disjunctim.
1173 5483 1288 5537 alterum
1312 5482 1478 5538 tetrachordi
1502 5482 1678 5538 diatessaron.

325 5560 371 5626 Ita,
386 5562 464 5616 vides
482 5563 510 5614 in
529 5561 638 5629 tabella,
659 5578 694 5614 ne
711 5562 763 5617 hac
782 5561 890 5629 quidem
908 5563 1089 5629 triplicatione
1107 5562 1312 5631 proportionum
1333 5562 1486 5634 systematis
1506 5562 1608 5629 caveri,
1628 5576 1679 5629 quo

327 5636 414 5693 miuus
432 5638 461 5693 iu
479 5639 568 5694 Marte
593 5648 621 5695 et
638 5640 745 5695 Venere
763 5641 894 5695 immunes
919 5642 974 5697 sint
997 5658 1169 5697 numerorum
1187 5642 1430 5706 astronomicarum
1456 5657 1472 5696 a
1494 5642 1604 5697 musicis
1629 5641 1679 5696 dis·
