<?xml version="1.0" encoding="UTF-8"?>
<!DOCTYPE html PUBLIC "-//W3C//DTD XHTML 1.0 Transitional//EN"
    "http://www.w3.org/TR/xhtml1/DTD/xhtml1-transitional.dtd">
<html xmlns="http://www.w3.org/1999/xhtml" xml:lang="en" lang="en">
 <head>
  <title>
</title>
<meta http-equiv="Content-Type" content="text/html;charset=utf-8" />
  <meta name='ocr-system' content='tesseract 3.04.00' />
  <meta name='ocr-capabilities' content='ocr_page ocr_carea ocr_par ocr_line ocrx_word'/>
</head>
<body>
  <div class='ocr_page' id='page_1' title='image "./joanniskepleria09frisgoog_0433.png"; bbox 0 0 3684 7259; ppageno 0'>
   <div class='ocr_carea' id='block_1_1' title="bbox 848 1210 1588 1281">
    <p class='ocr_par' dir='ltr' id='par_1_1' title="bbox 848 1210 1588 1281">
     <span class='ocr_line' id='line_1_1' title="bbox 848 1210 1588 1281; baseline 0.015 -17"><span class='ocrx_word' id='word_1_1' title='bbox 848 1210 988 1281; x_wconf 80' lang='lat' dir='ltr'><strong>Apologia</strong></span> <span class='ocrx_word' id='word_1_2' title='bbox 1385 1236 1389 1245; x_wconf 67' lang='lat'><em>¹</em></span> <span class='ocrx_word' id='word_1_3' title='bbox 1528 1217 1588 1275; x_wconf 81' lang='lat' dir='ltr'><strong>tat</strong></span> 
     </span>
    </p>
   </div>
   <div class='ocr_carea' id='block_1_2' title="bbox 243 1385 1667 5652">
    <p class='ocr_par' dir='ltr' id='par_1_2' title="bbox 245 1385 1591 1815">
     <span class='ocr_line' id='line_1_2' title="bbox 336 1385 1591 1465; baseline 0.002 -21"><span class='ocrx_word' id='word_1_4' title='bbox 336 1385 386 1444; x_wconf 79' lang='lat' dir='ltr'><strong>ud</strong></span> <span class='ocrx_word' id='word_1_5' title='bbox 410 1387 592 1465; x_wconf 79' lang='lat' dir='ltr'><strong>Analysiu</strong></span> <span class='ocrx_word' id='word_1_6' title='bbox 615 1388 699 1446; x_wconf 89' lang='lat' dir='ltr'><strong>Vlll.</strong></span> <span class='ocrx_word' id='word_1_7' title='bbox 752 1386 846 1463; x_wconf 85' lang='lat' dir='ltr'>Quem</span> <span class='ocrx_word' id='word_1_8' title='bbox 875 1388 922 1447; x_wconf 91' lang='lat' dir='ltr'><strong>hic</strong></span> <span class='ocrx_word' id='word_1_9' title='bbox 953 1390 1035 1461; x_wconf 86' lang='lat' dir='ltr'><strong>ieris,</strong></span> <span class='ocrx_word' id='word_1_10' title='bbox 1068 1389 1219 1449; x_wconf 83' lang='lat' dir='ltr'><strong>Roberte&#39;?</strong></span> <span class='ocrx_word' id='word_1_11' title='bbox 1246 1398 1297 1449; x_wconf 91' lang='lat' dir='ltr'><strong>aut</strong></span> <span class='ocrx_word' id='word_1_12' title='bbox 1325 1391 1389 1464; x_wconf 91' lang='lat' dir='ltr'><strong>quis</strong></span> <span class='ocrx_word' id='word_1_13' title='bbox 1419 1406 1508 1449; x_wconf 90' lang='lat' dir='ltr'><strong>causa</strong></span> <span class='ocrx_word' id='word_1_14' title='bbox 1536 1389 1591 1448; x_wconf 90' lang='lat' dir='ltr'><strong>tibi</strong></span> 
     </span>
     <span class='ocr_line' id='line_1_3' title="bbox 245 1475 1591 1552; baseline 0.002 -19"><span class='ocrx_word' id='word_1_15' title='bbox 245 1476 318 1533; x_wconf 88' lang='lat' dir='ltr'><strong>tanti</strong></span> <span class='ocrx_word' id='word_1_16' title='bbox 352 1475 470 1533; x_wconf 80' lang='lat' dir='ltr'><strong>motus?</strong></span> <span class='ocrx_word' id='word_1_17' title='bbox 514 1477 587 1533; x_wconf 92' lang='lat' dir='ltr'><strong>Nam</strong></span> <span class='ocrx_word' id='word_1_18' title='bbox 621 1493 674 1552; x_wconf 83' lang='lat' dir='ltr'><strong>ego</strong></span> <span class='ocrx_word' id='word_1_19' title='bbox 704 1477 821 1552; x_wconf 91' lang='lat' dir='ltr'><strong>quidem</strong></span> <span class='ocrx_word' id='word_1_20' title='bbox 851 1476 952 1552; x_wconf 90' lang='lat' dir='ltr'><strong>procul</strong></span> <span class='ocrx_word' id='word_1_21' title='bbox 982 1496 1000 1535; x_wconf 92' lang='lat' dir='ltr'><strong>a</strong></span> <span class='ocrx_word' id='word_1_22' title='bbox 1029 1479 1086 1536; x_wconf 91' lang='lat' dir='ltr'><strong>tuis</strong></span> <span class='ocrx_word' id='word_1_23' title='bbox 1117 1479 1222 1538; x_wconf 89' lang='lat' dir='ltr'><strong>ictibus</strong></span> <span class='ocrx_word' id='word_1_24' title='bbox 1251 1481 1281 1534; x_wconf 92' lang='lat' dir='ltr'><strong>iu</strong></span> <span class='ocrx_word' id='word_1_25' title='bbox 1304 1477 1444 1552; x_wconf 84' lang='lat' dir='ltr'>angulum</span> <span class='ocrx_word' id='word_1_26' title='bbox 1475 1494 1521 1536; x_wconf 87' lang='lat' dir='ltr'><strong>me</strong></span> <span class='ocrx_word' id='word_1_27' title='bbox 1543 1494 1591 1535; x_wconf 85' lang='lat' dir='ltr'><strong>re·</strong></span> 
     </span>
     <span class='ocr_line' id='line_1_4' title="bbox 249 1561 1591 1642; baseline 0.001 -21"><span class='ocrx_word' id='word_1_28' title='bbox 249 1561 379 1634; x_wconf 79' lang='lat' dir='ltr'><strong>condidi3</strong></span> <span class='ocrx_word' id='word_1_29' title='bbox 410 1571 440 1620; x_wconf 91' lang='lat' dir='ltr'><strong>at</strong></span> <span class='ocrx_word' id='word_1_30' title='bbox 467 1580 520 1621; x_wconf 92' lang='lat' dir='ltr'><strong>uec</strong></span> <span class='ocrx_word' id='word_1_31' title='bbox 544 1580 662 1621; x_wconf 90' lang='lat' dir='ltr'><strong>causam</strong></span> <span class='ocrx_word' id='word_1_32' title='bbox 690 1565 742 1620; x_wconf 90' lang='lat' dir='ltr'><strong>tibi</strong></span> <span class='ocrx_word' id='word_1_33' title='bbox 765 1571 860 1622; x_wconf 79' lang='lat' dir='ltr'><strong>textus</strong></span> <span class='ocrx_word' id='word_1_34' title='bbox 883 1582 965 1622; x_wconf 90' lang='lat' dir='ltr'><strong>mous</strong></span> <span class='ocrx_word' id='word_1_35' title='bbox 988 1565 1136 1642; x_wconf 89' lang='lat' dir='ltr'><strong>praebuit,</strong></span> <span class='ocrx_word' id='word_1_36' title='bbox 1165 1567 1268 1640; x_wconf 91' lang='lat' dir='ltr'><strong>utqui</strong></span> <span class='ocrx_word' id='word_1_37' title='bbox 1298 1571 1411 1641; x_wconf 91' lang='lat' dir='ltr'><strong>praeter</strong></span> <span class='ocrx_word' id='word_1_38' title='bbox 1434 1566 1591 1638; x_wconf 84' lang='lat' dir='ltr'><strong>ingenuam</strong></span> 
     </span>
     <span class='ocr_line' id='line_1_5' title="bbox 247 1649 1590 1728; baseline 0 -20"><span class='ocrx_word' id='word_1_39' title='bbox 247 1649 473 1721; x_wconf 81' lang='lat' dir='ltr'><strong>contessionem,</strong></span> <span class='ocrx_word' id='word_1_40' title='bbox 505 1657 536 1707; x_wconf 92' lang='lat' dir='ltr'><strong>ut</strong></span> <span class='ocrx_word' id='word_1_41' title='bbox 566 1652 672 1710; x_wconf 90' lang='lat' dir='ltr'><strong>scirent</strong></span> <span class='ocrx_word' id='word_1_42' title='bbox 701 1652 839 1723; x_wconf 88' lang='lat' dir='ltr'><strong>lectores,</strong></span> <span class='ocrx_word' id='word_1_43' title='bbox 872 1669 948 1727; x_wconf 89' lang='lat' dir='ltr'><strong>quae</strong></span> <span class='ocrx_word' id='word_1_44' title='bbox 978 1670 997 1709; x_wconf 90' lang='lat' dir='ltr'><strong>a</strong></span> <span class='ocrx_word' id='word_1_45' title='bbox 1026 1670 1091 1711; x_wconf 92' lang='lat' dir='ltr'><strong>meo</strong></span> <span class='ocrx_word' id='word_1_46' title='bbox 1121 1652 1195 1711; x_wconf 90' lang='lat' dir='ltr'><strong>libro</strong></span> <span class='ocrx_word' id='word_1_47' title='bbox 1224 1660 1322 1728; x_wconf 90' lang='lat' dir='ltr'><strong>petere</strong></span> <span class='ocrx_word' id='word_1_48' title='bbox 1354 1667 1423 1709; x_wconf 87' lang='lat' dir='ltr'><strong>uon.</strong></span> <span class='ocrx_word' id='word_1_49' title='bbox 1443 1650 1590 1723; x_wconf 91' lang='lat' dir='ltr'><strong>deberent,</strong></span> 
     </span>
     <span class='ocr_line' id='line_1_6' title="bbox 245 1733 872 1815; baseline 0 -22"><span class='ocrx_word' id='word_1_50' title='bbox 245 1735 317 1795; x_wconf 84' lang='lat' dir='ltr'><strong>nihil</strong></span> <span class='ocrx_word' id='word_1_51' title='bbox 342 1733 487 1815; x_wconf 73' lang='lat' dir='ltr'><strong>habet.⁴⁰)</strong></span> <span class='ocrx_word' id='word_1_52' title='bbox 868 1786 872 1793; x_wconf 93' lang='grc'><em>,</em></span> 
     </span>
    </p>

    <p class='ocr_par' dir='ltr' id='par_1_3' title="bbox 245 1823 1667 2952">
     <span class='ocr_line' id='line_1_7' title="bbox 333 1823 1635 1905; baseline 0.002 -26"><span class='ocrx_word' id='word_1_53' title='bbox 333 1823 383 1880; x_wconf 83' lang='lat' dir='ltr'><strong>Ad</strong></span> <span class='ocrx_word' id='word_1_54' title='bbox 408 1824 584 1900; x_wconf 81' lang='lat' dir='ltr'><strong>Analysin</strong></span> <span class='ocrx_word' id='word_1_55' title='bbox 608 1824 664 1905; x_wconf 77' lang='lat' dir='ltr'><strong>lX.</strong></span> <span class='ocrx_word' id='word_1_56' title='bbox 712 1824 748 1881; x_wconf 80' lang='lat' dir='ltr'><strong>Et</strong></span> <span class='ocrx_word' id='word_1_57' title='bbox 770 1827 836 1900; x_wconf 91' lang='lat' dir='ltr'><strong>quis</strong></span> <span class='ocrx_word' id='word_1_58' title='bbox 860 1833 962 1901; x_wconf 81' lang='lat' dir='ltr'><strong>negat,</strong></span> <span class='ocrx_word' id='word_1_59' title='bbox 993 1833 1021 1884; x_wconf 90' lang='lat' dir='ltr'><strong>te</strong></span> <span class='ocrx_word' id='word_1_60' title='bbox 1044 1827 1133 1885; x_wconf 90' lang='lat' dir='ltr'><strong>etiam</strong></span> <span class='ocrx_word' id='word_1_61' title='bbox 1155 1827 1184 1882; x_wconf 93' lang='lat' dir='ltr'><strong>in</strong></span> <span class='ocrx_word' id='word_1_62' title='bbox 1208 1825 1322 1884; x_wconf 90' lang='lat' dir='ltr'><strong>theoria</strong></span> <span class='ocrx_word' id='word_1_63' title='bbox 1345 1832 1507 1896; x_wconf 86' lang='lat' dir='ltr'><strong>versatum,</strong></span> <span class='ocrx_word' id='word_1_64' title='bbox 1537 1823 1588 1882; x_wconf 89' lang='lat' dir='ltr'><strong>sed</strong></span> <span class='ocrx_word' id='word_1_65' title='bbox 1631 1890 1635 1904; x_wconf 75' lang='lat'><strong>.</strong></span> 
     </span>
     <span class='ocr_line' id='line_1_8' title="bbox 247 1909 1650 1989; baseline 0.003 -23"><span class='ocrx_word' id='word_1_66' title='bbox 247 1910 275 1966; x_wconf 91' lang='lat' dir='ltr'><strong>in</strong></span> <span class='ocrx_word' id='word_1_67' title='bbox 299 1910 380 1968; x_wconf 91' lang='lat' dir='ltr'><strong>libris</strong></span> <span class='ocrx_word' id='word_1_68' title='bbox 403 1912 571 1986; x_wconf 78' lang='lat' dir='ltr'><strong>prioribus?</strong></span> <span class='ocrx_word' id='word_1_69' title='bbox 615 1909 688 1987; x_wconf 83' lang='lat' dir='ltr'><strong>Quis</strong></span> <span class='ocrx_word' id='word_1_70' title='bbox 711 1910 845 1971; x_wconf 77' lang='lat' dir='ltr'>dedecori</span> <span class='ocrx_word' id='word_1_71' title='bbox 868 1913 921 1971; x_wconf 89' lang='lat' dir='ltr'><strong>tibi</strong></span> <span class='ocrx_word' id='word_1_72' title='bbox 945 1930 1009 1971; x_wconf 91' lang='lat' dir='ltr'><strong>csse</strong></span> <span class='ocrx_word' id='word_1_73' title='bbox 1031 1917 1133 1989; x_wconf 84' lang='lat' dir='ltr'><strong>praxin</strong></span> <span class='ocrx_word' id='word_1_74' title='bbox 1156 1912 1269 1989; x_wconf 78' lang='lat' dir='ltr'><strong>garrit?</strong></span> <span class='ocrx_word' id='word_1_75' title='bbox 1315 1912 1430 1987; x_wconf 84' lang='lat' dir='ltr'><strong>Dignus</strong></span> <span class='ocrx_word' id='word_1_76' title='bbox 1447 1910 1590 1986; x_wconf 91' lang='lat' dir='ltr'><strong>equidem,</strong></span> <span class='ocrx_word' id='word_1_77' title='bbox 1645 1959 1650 1970; x_wconf 93' lang='lat'><strong>.</strong></span> 
     </span>
     <span class='ocr_line' id='line_1_9' title="bbox 246 1997 1588 2075; baseline 0.002 -21"><span class='ocrx_word' id='word_1_78' title='bbox 246 1999 426 2073; x_wconf 82' lang='lat' dir='ltr'><strong>quiscunque</strong></span> <span class='ocrx_word' id='word_1_79' title='bbox 449 2001 487 2055; x_wconf 89' lang='lat' dir='ltr'><strong>sit</strong></span> <span class='ocrx_word' id='word_1_80' title='bbox 510 2017 547 2057; x_wconf 91' lang='lat' dir='ltr'><strong>an</strong></span> <span class='ocrx_word' id='word_1_81' title='bbox 625 1999 685 2070; x_wconf 87' lang='lat' dir='ltr'><strong>lus,</strong></span> <span class='ocrx_word' id='word_1_82' title='bbox 713 2016 770 2057; x_wconf 92' lang='lat' dir='ltr'><strong>nou</strong></span> <span class='ocrx_word' id='word_1_83' title='bbox 794 2008 845 2057; x_wconf 91' lang='lat' dir='ltr'><strong>tua</strong></span> <span class='ocrx_word' id='word_1_84' title='bbox 868 2008 995 2073; x_wconf 88' lang='lat' dir='ltr'><strong>tantum,</strong></span> <span class='ocrx_word' id='word_1_85' title='bbox 1024 1999 1075 2058; x_wconf 88' lang='lat' dir='ltr'><strong>sed</strong></span> <span class='ocrx_word' id='word_1_86' title='bbox 1100 2009 1129 2060; x_wconf 90' lang='lat' dir='ltr'><strong>et</strong></span> <span class='ocrx_word' id='word_1_87' title='bbox 1156 2018 1222 2059; x_wconf 92' lang='lat' dir='ltr'><strong>mea</strong></span> <span class='ocrx_word' id='word_1_88' title='bbox 1244 2002 1335 2075; x_wconf 90' lang='lat' dir='ltr'><strong>ipsius</strong></span> <span class='ocrx_word' id='word_1_89' title='bbox 1363 2002 1412 2057; x_wconf 93' lang='lat' dir='ltr'><strong>ira.</strong></span> <span class='ocrx_word' id='word_1_90' title='bbox 1460 1997 1536 2072; x_wconf 86' lang='lat' dir='ltr'><strong>Quin</strong></span> <span class='ocrx_word' id='word_1_91' title='bbox 1560 2006 1588 2057; x_wconf 90' lang='lat' dir='ltr'><strong>ct</strong></span> 
     </span>
     <span class='ocr_line' id='line_1_10' title="bbox 246 2084 1588 2163; baseline -0.001 -19"><span class='ocrx_word' id='word_1_92' title='bbox 246 2102 346 2144; x_wconf 88' lang='lat' dir='ltr'><strong>omues</strong></span> <span class='ocrx_word' id='word_1_93' title='bbox 368 2085 483 2159; x_wconf 78' lang='lat' dir='ltr'><strong>pradrn</strong></span> <span class='ocrx_word' id='word_1_94' title='bbox 504 2104 582 2143; x_wconf 66' lang='lat' dir='ltr'><strong>erce.</strong></span> <span class='ocrx_word' id='word_1_95' title='bbox 606 2130 608 2136; x_wconf 55' lang='lat'><strong>.</strong></span> <span class='ocrx_word' id='word_1_96' title='bbox 633 2090 696 2144; x_wconf 87' lang='lat' dir='ltr'><strong>tice</strong></span> <span class='ocrx_word' id='word_1_97' title='bbox 718 2088 771 2144; x_wconf 91' lang='lat' dir='ltr'><strong>tibi</strong></span> <span class='ocrx_word' id='word_1_98' title='bbox 794 2085 950 2161; x_wconf 89' lang='lat' dir='ltr'><strong>perlubens</strong></span> <span class='ocrx_word' id='word_1_99' title='bbox 973 2089 1010 2145; x_wconf 94' lang='lat' dir='ltr'><strong>ob</strong></span> <span class='ocrx_word' id='word_1_100' title='bbox 1034 2088 1109 2145; x_wconf 92' lang='lat' dir='ltr'><strong>hanc</strong></span> <span class='ocrx_word' id='word_1_101' title='bbox 1131 2090 1232 2163; x_wconf 85' lang='lat' dir='ltr'><strong>praxin</strong></span> <span class='ocrx_word' id='word_1_102' title='bbox 1255 2088 1382 2161; x_wconf 85' lang='lat' dir='ltr'><strong>assigno.</strong></span> <span class='ocrx_word' id='word_1_103' title='bbox 1428 2084 1588 2160; x_wconf 83' lang='lat' dir='ltr'><strong>Transiga·</strong></span> 
     </span>
     <span class='ocr_line' id='line_1_11' title="bbox 246 2173 1590 2249; baseline 0 -19"><span class='ocrx_word' id='word_1_104' title='bbox 246 2190 310 2230; x_wconf 91' lang='lat' dir='ltr'><strong>mus</strong></span> <span class='ocrx_word' id='word_1_105' title='bbox 335 2181 363 2230; x_wconf 94' lang='lat' dir='ltr'><strong>et</strong></span> <span class='ocrx_word' id='word_1_106' title='bbox 386 2182 496 2231; x_wconf 86' lang='lat' dir='ltr'><strong>cetera:</strong></span> <span class='ocrx_word' id='word_1_107' title='bbox 526 2173 710 2249; x_wconf 81' lang='lat' dir='ltr'><strong>Pythagoras</strong></span> <span class='ocrx_word' id='word_1_108' title='bbox 732 2173 903 2232; x_wconf 90' lang='lat' dir='ltr'><strong>malleorum</strong></span> <span class='ocrx_word' id='word_1_109' title='bbox 928 2177 1001 2232; x_wconf 90' lang='lat' dir='ltr'><strong>ictus</strong></span> <span class='ocrx_word' id='word_1_110' title='bbox 1024 2174 1219 2233; x_wconf 86' lang='lat' dir='ltr'><strong>consideravit</strong></span> <span class='ocrx_word' id='word_1_111' title='bbox 1248 2181 1315 2233; x_wconf 90' lang='lat' dir='ltr'><strong>aute</strong></span> <span class='ocrx_word' id='word_1_112' title='bbox 1339 2190 1443 2231; x_wconf 88' lang='lat' dir='ltr'><strong>causas</strong></span> <span class='ocrx_word' id='word_1_113' title='bbox 1466 2176 1590 2232; x_wconf 87' lang='lat' dir='ltr'><strong>musices</strong></span> 
     </span>
     <span class='ocr_line' id='line_1_12' title="bbox 246 2260 1590 2337; baseline 0.001 -22"><span class='ocrx_word' id='word_1_114' title='bbox 246 2261 395 2326; x_wconf 76' lang='lat' dir='ltr'><strong>inventas,</strong></span> <span class='ocrx_word' id='word_1_115' title='bbox 426 2270 455 2318; x_wconf 90' lang='lat' dir='ltr'><strong>et</strong></span> <span class='ocrx_word' id='word_1_116' title='bbox 479 2270 573 2318; x_wconf 90' lang='lat' dir='ltr'><strong>tamen</strong></span> <span class='ocrx_word' id='word_1_117' title='bbox 597 2260 744 2319; x_wconf 89' lang='lat' dir='ltr'><strong>Robertus</strong></span> <span class='ocrx_word' id='word_1_118' title='bbox 766 2260 853 2319; x_wconf 90' lang='lat' dir='ltr'><strong>hodie</strong></span> <span class='ocrx_word' id='word_1_119' title='bbox 877 2261 964 2319; x_wconf 82' lang='lat' dir='ltr'><strong>tradit</strong></span> <span class='ocrx_word' id='word_1_120' title='bbox 987 2263 1176 2320; x_wconf 89' lang='lat' dir='ltr'><strong>instrumenta</strong></span> <span class='ocrx_word' id='word_1_121' title='bbox 1199 2279 1290 2334; x_wconf 85' lang='lat' dir='ltr'><strong>nova,</strong></span> <span class='ocrx_word' id='word_1_122' title='bbox 1320 2260 1463 2337; x_wconf 87' lang='lat' dir='ltr'><strong>Keplerns</strong></span> <span class='ocrx_word' id='word_1_123' title='bbox 1487 2277 1590 2318; x_wconf 83' lang='lat' dir='ltr'><strong>causas</strong></span> 
     </span>
     <span class='ocr_line' id='line_1_13' title="bbox 246 2346 1588 2423; baseline 0 -18"><span class='ocrx_word' id='word_1_124' title='bbox 246 2365 264 2405; x_wconf 86' lang='lat' dir='ltr'><strong>a</strong></span> <span class='ocrx_word' id='word_1_125' title='bbox 287 2346 455 2423; x_wconf 83' lang='lat' dir='ltr'><strong>Pythagora</strong></span> <span class='ocrx_word' id='word_1_126' title='bbox 479 2346 571 2404; x_wconf 90' lang='lat' dir='ltr'><strong>dictas</strong></span> <span class='ocrx_word' id='word_1_127' title='bbox 596 2348 643 2405; x_wconf 82' lang='lat' dir='ltr'><strong>vel</strong></span> <span class='ocrx_word' id='word_1_128' title='bbox 668 2347 807 2407; x_wconf 87' lang='lat' dir='ltr'><strong>convellit</strong></span> <span class='ocrx_word' id='word_1_129' title='bbox 829 2349 992 2406; x_wconf 91' lang='lat' dir='ltr'><strong>rationibus</strong></span> <span class='ocrx_word' id='word_1_130' title='bbox 1015 2348 1061 2406; x_wconf 87' lang='lat' dir='ltr'><strong>vel</strong></span> <span class='ocrx_word' id='word_1_131' title='bbox 1084 2349 1227 2408; x_wconf 89' lang='lat' dir='ltr'><strong>emendat.</strong></span> <span class='ocrx_word' id='word_1_132' title='bbox 1271 2348 1398 2406; x_wconf 85' lang='lat' dir='ltr'><strong>Rursum</strong></span> <span class='ocrx_word' id='word_1_133' title='bbox 1427 2363 1484 2403; x_wconf 92' lang='lat' dir='ltr'><strong>non</strong></span> <span class='ocrx_word' id='word_1_134' title='bbox 1507 2347 1588 2405; x_wconf 87' lang='lat' dir='ltr'><strong>solus</strong></span> 
     </span>
     <span class='ocr_line' id='line_1_14' title="bbox 246 2433 1590 2512; baseline 0.001 -21"><span class='ocrx_word' id='word_1_135' title='bbox 246 2433 391 2491; x_wconf 88' lang='lat' dir='ltr'><strong>Robertus</strong></span> <span class='ocrx_word' id='word_1_136' title='bbox 421 2436 565 2509; x_wconf 83' lang='lat' dir='ltr'><strong>experitur</strong></span> <span class='ocrx_word' id='word_1_137' title='bbox 596 2452 698 2512; x_wconf 85' lang='lat' dir='ltr'><strong>manu,</strong></span> <span class='ocrx_word' id='word_1_138' title='bbox 732 2452 790 2493; x_wconf 91' lang='lat' dir='ltr'><strong>nou</strong></span> <span class='ocrx_word' id='word_1_139' title='bbox 813 2453 907 2494; x_wconf 90' lang='lat' dir='ltr'><strong>meras</strong></span> <span class='ocrx_word' id='word_1_140' title='bbox 931 2436 1074 2511; x_wconf 88' lang='lat' dir='ltr'><strong>Keplerus</strong></span> <span class='ocrx_word' id='word_1_141' title='bbox 1106 2438 1188 2494; x_wconf 85' lang='lat' dir='ltr'><strong>allert</strong></span> <span class='ocrx_word' id='word_1_142' title='bbox 1215 2434 1445 2510; x_wconf 78' lang='lat' dir='ltr'><strong>speculationes,</strong></span> <span class='ocrx_word' id='word_1_143' title='bbox 1480 2433 1590 2492; x_wconf 89' lang='lat' dir='ltr'><strong>orditur</strong></span> 
     </span>
     <span class='ocr_line' id='line_1_15' title="bbox 247 2521 1589 2598; baseline 0 -19"><span class='ocrx_word' id='word_1_144' title='bbox 247 2523 322 2579; x_wconf 87' lang='lat' dir='ltr'><strong>enim</strong></span> <span class='ocrx_word' id='word_1_145' title='bbox 346 2530 376 2578; x_wconf 90' lang='lat' dir='ltr'><strong>et</strong></span> <span class='ocrx_word' id='word_1_146' title='bbox 399 2523 460 2598; x_wconf 90' lang='lat' dir='ltr'><strong>ipse</strong></span> <span class='ocrx_word' id='word_1_147' title='bbox 483 2540 500 2578; x_wconf 93' lang='lat' dir='ltr'><strong>a</strong></span> <span class='ocrx_word' id='word_1_148' title='bbox 524 2524 692 2592; x_wconf 75' lang='lat' dir='ltr'><strong>mansuris,</strong></span> <span class='ocrx_word' id='word_1_149' title='bbox 726 2521 847 2580; x_wconf 91' lang='lat' dir='ltr'><strong>adhibet</strong></span> <span class='ocrx_word' id='word_1_150' title='bbox 868 2523 995 2581; x_wconf 83' lang='lat' dir='ltr'><strong>chordae</strong></span> <span class='ocrx_word' id='word_1_151' title='bbox 1013 2525 1181 2597; x_wconf 83' lang='lat' dir='ltr'><strong>plectrum,</strong></span> <span class='ocrx_word' id='word_1_152' title='bbox 1206 2540 1376 2597; x_wconf 79' lang='lat' dir='ltr'><strong>campanae</strong></span> <span class='ocrx_word' id='word_1_153' title='bbox 1396 2522 1589 2596; x_wconf 59' lang='lat' dir='ltr'><strong>marculum</strong></span> 
     </span>
     <span class='ocr_line' id='line_1_16' title="bbox 245 2608 1590 2685; baseline -0.001 -18"><span class='ocrx_word' id='word_1_154' title='bbox 245 2608 426 2667; x_wconf 83' lang='lat' dir='ltr'><strong>chordorum</strong></span> <span class='ocrx_word' id='word_1_155' title='bbox 449 2612 644 2683; x_wconf 77' lang='lat' dir='ltr'><strong>proportione</strong></span> <span class='ocrx_word' id='word_1_156' title='bbox 665 2611 878 2667; x_wconf 80' lang='lat' dir='ltr'><strong>consonantias</strong></span> <span class='ocrx_word' id='word_1_157' title='bbox 900 2612 1052 2681; x_wconf 81' lang='lat' dir='ltr'><strong>enucleat,</strong></span> <span class='ocrx_word' id='word_1_158' title='bbox 1076 2619 1208 2669; x_wconf 91' lang='lat' dir='ltr'><strong>motuum</strong></span> <span class='ocrx_word' id='word_1_159' title='bbox 1231 2609 1402 2669; x_wconf 90' lang='lat' dir='ltr'><strong>coelestium</strong></span> <span class='ocrx_word' id='word_1_160' title='bbox 1424 2610 1590 2685; x_wconf 90' lang='lat' dir='ltr'><strong>proportio-</strong></span> 
     </span>
     <span class='ocr_line' id='line_1_17' title="bbox 245 2697 1589 2769; baseline 0 -17"><span class='ocrx_word' id='word_1_161' title='bbox 245 2712 296 2754; x_wconf 87' lang='lat' dir='ltr'><strong>nes</strong></span> <span class='ocrx_word' id='word_1_162' title='bbox 320 2698 474 2768; x_wconf 76' lang='lat' dir='ltr'><strong>examinat,</strong></span> <span class='ocrx_word' id='word_1_163' title='bbox 497 2697 648 2755; x_wconf 86' lang='lat' dir='ltr'><strong>meliorem</strong></span> <span class='ocrx_word' id='word_1_164' title='bbox 674 2699 756 2754; x_wconf 82' lang='lat' dir='ltr'><strong>cium</strong></span> <span class='ocrx_word' id='word_1_165' title='bbox 779 2714 841 2754; x_wconf 87' lang='lat' dir='ltr'><strong>non</strong></span> <span class='ocrx_word' id='word_1_166' title='bbox 856 2699 980 2754; x_wconf 87' lang='lat' dir='ltr'><strong>inuenit.</strong></span> <span class='ocrx_word' id='word_1_167' title='bbox 1027 2697 1109 2756; x_wconf 89' lang='lat' dir='ltr'><strong>Haec</strong></span> <span class='ocrx_word' id='word_1_168' title='bbox 1125 2701 1232 2768; x_wconf 85' lang='lat' dir='ltr'><strong>omnia,</strong></span> <span class='ocrx_word' id='word_1_169' title='bbox 1256 2697 1392 2769; x_wconf 87' lang='lat' dir='ltr'><strong>Robcrte,</strong></span> <span class='ocrx_word' id='word_1_170' title='bbox 1414 2704 1481 2753; x_wconf 92' lang='lat' dir='ltr'><strong>suot</strong></span> <span class='ocrx_word' id='word_1_171' title='bbox 1497 2698 1589 2753; x_wconf 91' lang='lat' dir='ltr'><strong>utrin-</strong></span> 
     </span>
     <span class='ocr_line' id='line_1_18' title="bbox 246 2782 1589 2860; baseline -0.001 -20"><span class='ocrx_word' id='word_1_172' title='bbox 246 2800 303 2859; x_wconf 92' lang='lat' dir='ltr'><strong>que</strong></span> <span class='ocrx_word' id='word_1_173' title='bbox 326 2786 355 2839; x_wconf 91' lang='lat' dir='ltr'><strong>in</strong></span> <span class='ocrx_word' id='word_1_174' title='bbox 379 2783 529 2857; x_wconf 83' lang='lat' dir='ltr'><strong>contesso;</strong></span> <span class='ocrx_word' id='word_1_175' title='bbox 554 2791 701 2841; x_wconf 89' lang='lat' dir='ltr'><strong>ettamen</strong></span> <span class='ocrx_word' id='word_1_176' title='bbox 725 2791 757 2840; x_wconf 93' lang='lat' dir='ltr'><strong>ut</strong></span> <span class='ocrx_word' id='word_1_177' title='bbox 780 2783 814 2841; x_wconf 95' lang='lat' dir='ltr'><strong>de</strong></span> <span class='ocrx_word' id='word_1_178' title='bbox 837 2786 950 2858; x_wconf 92' lang='lat' dir='ltr'><strong>potiore</strong></span> <span class='ocrx_word' id='word_1_179' title='bbox 972 2801 1073 2842; x_wconf 86' lang='lat' dir='ltr'><strong>verum</strong></span> <span class='ocrx_word' id='word_1_180' title='bbox 1096 2793 1125 2843; x_wconf 90' lang='lat' dir='ltr'><strong>et</strong></span> <span class='ocrx_word' id='word_1_181' title='bbox 1147 2786 1203 2844; x_wconf 90' lang='lat' dir='ltr'><strong>hoc</strong></span> <span class='ocrx_word' id='word_1_182' title='bbox 1222 2794 1274 2857; x_wconf 88' lang='lat' dir='ltr'><strong>est,</strong></span> <span class='ocrx_word' id='word_1_183' title='bbox 1298 2801 1344 2842; x_wconf 91' lang='lat' dir='ltr'><strong>me</strong></span> <span class='ocrx_word' id='word_1_184' title='bbox 1366 2800 1419 2860; x_wconf 90' lang='lat' dir='ltr'><strong>pro</strong></span> <span class='ocrx_word' id='word_1_185' title='bbox 1443 2800 1486 2854; x_wconf 92' lang='lat' dir='ltr'><strong>eo,</strong></span> <span class='ocrx_word' id='word_1_186' title='bbox 1511 2782 1589 2859; x_wconf 94' lang='lat' dir='ltr'><strong>quod</strong></span> 
     </span>
     <span class='ocr_line' id='line_1_19' title="bbox 248 2870 1667 2952; baseline 0 -25"><span class='ocrx_word' id='word_1_187' title='bbox 248 2873 306 2928; x_wconf 88' lang='lat' dir='ltr'><strong>tuis</strong></span> <span class='ocrx_word' id='word_1_188' title='bbox 322 2872 519 2929; x_wconf 88' lang='lat' dir='ltr'><strong>instrumentis</strong></span> <span class='ocrx_word' id='word_1_189' title='bbox 535 2870 608 2939; x_wconf 81' lang='lat' dir='ltr'><strong>liber</strong></span> <span class='ocrx_word' id='word_1_190' title='bbox 623 2889 703 2929; x_wconf 89' lang='lat' dir='ltr'><strong>meus</strong></span> <span class='ocrx_word' id='word_1_191' title='bbox 718 2880 823 2941; x_wconf 87' lang='lat' dir='ltr'><strong>careat,</strong></span> <span class='ocrx_word' id='word_1_192' title='bbox 848 2875 1102 2932; x_wconf 84' lang='lat' dir='ltr'><strong>consonantiarum</strong></span> <span class='ocrx_word' id='word_1_193' title='bbox 1120 2889 1223 2930; x_wconf 88' lang='lat' dir='ltr'><strong>causas</strong></span> <span class='ocrx_word' id='word_1_194' title='bbox 1241 2874 1297 2929; x_wconf 90' lang='lat' dir='ltr'><strong>mei</strong></span> <span class='ocrx_word' id='word_1_195' title='bbox 1315 2871 1415 2930; x_wconf 89' lang='lat' dir='ltr'><strong>lectori</strong></span> <span class='ocrx_word' id='word_1_196' title='bbox 1430 2880 1588 2946; x_wconf 90' lang='lat' dir='ltr'><strong>praestare.</strong></span> <span class='ocrx_word' id='word_1_197' title='bbox 1664 2945 1667 2952; x_wconf 21' lang='grc' dir='ltr'>ι</span> 
     </span>
    </p>

    <p class='ocr_par' dir='ltr' id='par_1_4' title="bbox 243 2957 1656 5652">
     <span class='ocr_line' id='line_1_20' title="bbox 333 2957 1590 3033; baseline 0.002 -20"><span class='ocrx_word' id='word_1_198' title='bbox 333 2957 490 3032; x_wconf 84' lang='lat' dir='ltr'><strong>Pergamus</strong></span> <span class='ocrx_word' id='word_1_199' title='bbox 519 2958 655 3017; x_wconf 90' lang='lat' dir='ltr'><strong>ulterius:</strong></span> <span class='ocrx_word' id='word_1_200' title='bbox 692 2964 720 3015; x_wconf 93' lang='lat' dir='ltr'><strong>et</strong></span> <span class='ocrx_word' id='word_1_201' title='bbox 749 2975 853 3018; x_wconf 87' lang='lat' dir='ltr'><strong>causas</strong></span> <span class='ocrx_word' id='word_1_202' title='bbox 884 2975 993 3033; x_wconf 89' lang='lat' dir='ltr'><strong>quaero</strong></span> <span class='ocrx_word' id='word_1_203' title='bbox 1022 2962 1276 3018; x_wconf 87' lang='lat' dir='ltr'><strong>consonantiarum</strong></span> <span class='ocrx_word' id='word_1_204' title='bbox 1311 2968 1340 3016; x_wconf 92' lang='lat' dir='ltr'><strong>et</strong></span> <span class='ocrx_word' id='word_1_205' title='bbox 1368 2958 1590 3016; x_wconf 87' lang='lat' dir='ltr'><strong>mathematicas</strong></span> 
     </span>
     <span class='ocr_line' id='line_1_21' title="bbox 248 3043 1588 3121; baseline -0.001 -18"><span class='ocrx_word' id='word_1_206' title='bbox 248 3044 510 3103; x_wconf 85' lang='lat' dir='ltr'><strong>demonstrationes</strong></span> <span class='ocrx_word' id='word_1_207' title='bbox 541 3048 698 3115; x_wconf 81' lang='lat' dir='ltr'><strong>concinn03</strong></span> <span class='ocrx_word' id='word_1_208' title='bbox 727 3045 774 3102; x_wconf 87' lang='lat' dir='ltr'><strong>lric</strong></span> <span class='ocrx_word' id='word_1_209' title='bbox 804 3048 880 3103; x_wconf 89' lang='lat' dir='ltr'><strong>enim</strong></span> <span class='ocrx_word' id='word_1_210' title='bbox 913 3063 983 3102; x_wconf 77' lang='lat' dir='ltr'><strong>ustis</strong></span> <span class='ocrx_word' id='word_1_211' title='bbox 1013 3045 1071 3104; x_wconf 91' lang='lat' dir='ltr'><strong>illis</strong></span> <span class='ocrx_word' id='word_1_212' title='bbox 1093 3049 1198 3121; x_wconf 90' lang='lat' dir='ltr'><strong>potior.</strong></span> <span class='ocrx_word' id='word_1_213' title='bbox 1245 3046 1420 3105; x_wconf 90' lang='lat' dir='ltr'><strong>Demonstro</strong></span> <span class='ocrx_word' id='word_1_214' title='bbox 1453 3043 1588 3120; x_wconf 88' lang='lat' dir='ltr'><strong>equidem</strong></span> 
     </span>
     <span class='ocr_line' id='line_1_22' title="bbox 245 3131 1588 3209; baseline 0.001 -22"><span class='ocrx_word' id='word_1_215' title='bbox 245 3133 274 3188; x_wconf 88' lang='lat' dir='ltr'><strong>in</strong></span> <span class='ocrx_word' id='word_1_216' title='bbox 299 3133 462 3204; x_wconf 81' lang='lat' dir='ltr'><strong>abstracto,</strong></span> <span class='ocrx_word' id='word_1_217' title='bbox 494 3134 548 3188; x_wconf 89' lang='lat' dir='ltr'><strong>nisi</strong></span> <span class='ocrx_word' id='word_1_218' title='bbox 574 3132 652 3206; x_wconf 92' lang='lat' dir='ltr'><strong>quod</strong></span> <span class='ocrx_word' id='word_1_219' title='bbox 676 3149 762 3206; x_wconf 93' lang='lat' dir='ltr'><strong>super</strong></span> <span class='ocrx_word' id='word_1_220' title='bbox 785 3131 900 3203; x_wconf 89' lang='lat' dir='ltr'><strong>charta,</strong></span> <span class='ocrx_word' id='word_1_221' title='bbox 932 3131 984 3190; x_wconf 90' lang='lat' dir='ltr'><strong>sed</strong></span> <span class='ocrx_word' id='word_1_222' title='bbox 1007 3132 1123 3209; x_wconf 88' lang='lat' dir='ltr'><strong>applico</strong></span> <span class='ocrx_word' id='word_1_223' title='bbox 1147 3133 1344 3192; x_wconf 89' lang='lat' dir='ltr'><strong>demonstrata</strong></span> <span class='ocrx_word' id='word_1_224' title='bbox 1367 3134 1527 3204; x_wconf 86' lang='lat' dir='ltr'><strong>concretis,</strong></span> <span class='ocrx_word' id='word_1_225' title='bbox 1559 3131 1588 3188; x_wconf 94' lang='lat' dir='ltr'><strong>id</strong></span> 
     </span>
     <span class='ocr_line' id='line_1_23' title="bbox 247 3218 1590 3297; baseline 0 -20"><span class='ocrx_word' id='word_1_226' title='bbox 247 3228 292 3278; x_wconf 87' lang='lat' dir='ltr'><strong>cst</strong></span> <span class='ocrx_word' id='word_1_227' title='bbox 321 3220 461 3293; x_wconf 90' lang='lat' dir='ltr'><strong>subjectis</strong></span> <span class='ocrx_word' id='word_1_228' title='bbox 488 3219 632 3295; x_wconf 87' lang='lat' dir='ltr'><strong>physicis,</strong></span> <span class='ocrx_word' id='word_1_229' title='bbox 662 3220 788 3278; x_wconf 92' lang='lat' dir='ltr'><strong>motibus</strong></span> <span class='ocrx_word' id='word_1_230' title='bbox 818 3218 930 3277; x_wconf 88' lang='lat' dir='ltr'><strong>scilicet</strong></span> <span class='ocrx_word' id='word_1_231' title='bbox 959 3236 1121 3297; x_wconf 90' lang='lat' dir='ltr'><strong>corporum.</strong></span> <span class='ocrx_word' id='word_1_232' title='bbox 1167 3222 1204 3279; x_wconf 84' lang='lat' dir='ltr'><strong>Et</strong></span> <span class='ocrx_word' id='word_1_233' title='bbox 1226 3229 1322 3278; x_wconf 91' lang='lat' dir='ltr'><strong>tamen</strong></span> <span class='ocrx_word' id='word_1_234' title='bbox 1354 3220 1501 3278; x_wconf 89' lang='lat' dir='ltr'><strong>abstracta</strong></span> <span class='ocrx_word' id='word_1_235' title='bbox 1523 3236 1590 3277; x_wconf 90' lang='lat' dir='ltr'><strong>mea</strong></span> 
     </span>
     <span class='ocr_line' id='line_1_24' title="bbox 245 3305 1607 3383; baseline 0 -19"><span class='ocrx_word' id='word_1_236' title='bbox 245 3313 312 3364; x_wconf 91' lang='lat' dir='ltr'><strong>sunt</strong></span> <span class='ocrx_word' id='word_1_237' title='bbox 334 3306 440 3365; x_wconf 87' lang='lat' dir='ltr'><strong>similia</strong></span> <span class='ocrx_word' id='word_1_238' title='bbox 463 3305 520 3362; x_wconf 91' lang='lat' dir='ltr'><strong>illis</strong></span> <span class='ocrx_word' id='word_1_239' title='bbox 544 3309 701 3377; x_wconf 84' lang='lat' dir='ltr'><strong>concretis,</strong></span> <span class='ocrx_word' id='word_1_240' title='bbox 733 3305 804 3364; x_wconf 88' lang='lat' dir='ltr'><strong>nihil</strong></span> <span class='ocrx_word' id='word_1_241' title='bbox 829 3308 905 3364; x_wconf 90' lang='lat' dir='ltr'><strong>cuim</strong></span> <span class='ocrx_word' id='word_1_242' title='bbox 927 3310 1021 3381; x_wconf 82' lang='lat' dir='ltr'><strong>magis</strong></span> <span class='ocrx_word' id='word_1_243' title='bbox 1044 3318 1087 3365; x_wconf 88' lang='lat' dir='ltr'><strong>est</strong></span> <span class='ocrx_word' id='word_1_244' title='bbox 1116 3307 1165 3365; x_wconf 89' lang='lat' dir='ltr'><strong>alii</strong></span> <span class='ocrx_word' id='word_1_245' title='bbox 1188 3307 1298 3378; x_wconf 92' lang='lat' dir='ltr'><strong>simile,</strong></span> <span class='ocrx_word' id='word_1_246' title='bbox 1329 3324 1416 3382; x_wconf 89' lang='lat' dir='ltr'><strong>quam</strong></span> <span class='ocrx_word' id='word_1_247' title='bbox 1440 3309 1607 3383; x_wconf 80' lang='lat' dir='ltr'><strong>antitypua</strong></span> 
     </span>
     <span class='ocr_line' id='line_1_25' title="bbox 245 3392 1589 3471; baseline -0.001 -19"><span class='ocrx_word' id='word_1_248' title='bbox 245 3410 298 3452; x_wconf 86' lang='lat' dir='ltr'><strong>suo</strong></span> <span class='ocrx_word' id='word_1_249' title='bbox 324 3401 404 3470; x_wconf 89' lang='lat' dir='ltr'><strong>typo.</strong></span> <span class='ocrx_word' id='word_1_250' title='bbox 451 3394 594 3452; x_wconf 78' lang='lat' dir='ltr'><strong>Convenit</strong></span> <span class='ocrx_word' id='word_1_251' title='bbox 618 3404 646 3451; x_wconf 90' lang='lat' dir='ltr'><strong>ct</strong></span> <span class='ocrx_word' id='word_1_252' title='bbox 675 3394 711 3451; x_wconf 94' lang='lat' dir='ltr'><strong>de</strong></span> <span class='ocrx_word' id='word_1_253' title='bbox 734 3392 788 3452; x_wconf 90' lang='lat' dir='ltr'><strong>bis.</strong></span> <span class='ocrx_word' id='word_1_254' title='bbox 833 3392 910 3450; x_wconf 92' lang='lat' dir='ltr'><strong>Illud</strong></span> <span class='ocrx_word' id='word_1_255' title='bbox 935 3394 1028 3451; x_wconf 85' lang='lat' dir='ltr'><strong>solum</strong></span> <span class='ocrx_word' id='word_1_256' title='bbox 1057 3404 1155 3453; x_wconf 90' lang='lat' dir='ltr'><strong>manet</strong></span> <span class='ocrx_word' id='word_1_257' title='bbox 1183 3398 1212 3451; x_wconf 90' lang='lat' dir='ltr'><strong>in</strong></span> <span class='ocrx_word' id='word_1_258' title='bbox 1236 3411 1339 3454; x_wconf 76' lang='lat' dir='ltr'><strong>causat</strong></span> <span class='ocrx_word' id='word_1_259' title='bbox 1368 3393 1506 3471; x_wconf 88' lang='lat' dir='ltr'><strong>physicos</strong></span> <span class='ocrx_word' id='word_1_260' title='bbox 1528 3395 1589 3451; x_wconf 90' lang='lat' dir='ltr'><strong>siue</strong></span> 
     </span>
     <span class='ocr_line' id='line_1_26' title="bbox 245 3480 1616 3559; baseline 0.001 -17"><span class='ocrx_word' id='word_1_261' title='bbox 245 3480 384 3542; x_wconf 87' lang='lat' dir='ltr'><strong>mathesis</strong></span> <span class='ocrx_word' id='word_1_262' title='bbox 415 3498 470 3556; x_wconf 88' lang='lat' dir='ltr'><strong>ope</strong></span> <span class='ocrx_word' id='word_1_263' title='bbox 503 3498 651 3538; x_wconf 90' lang='lat' dir='ltr'><strong>causarum</strong></span> <span class='ocrx_word' id='word_1_264' title='bbox 681 3483 724 3539; x_wconf 89' lang='lat' dir='ltr'><strong>ais</strong></span> <span class='ocrx_word' id='word_1_265' title='bbox 755 3482 974 3555; x_wconf 90' lang='lat' dir='ltr'><strong>inquisitionem</strong></span> <span class='ocrx_word' id='word_1_266' title='bbox 1003 3482 1106 3541; x_wconf 81' lang='lat' dir='ltr'><strong>iecisse</strong></span> <span class='ocrx_word' id='word_1_267' title='bbox 1135 3499 1187 3558; x_wconf 92' lang='lat' dir='ltr'><strong>per</strong></span> <span class='ocrx_word' id='word_1_268' title='bbox 1221 3483 1364 3559; x_wconf 86' lang='lat' dir='ltr'><strong>principia</strong></span> <span class='ocrx_word' id='word_1_269' title='bbox 1391 3483 1502 3557; x_wconf 88' lang='lat' dir='ltr'><strong>priora;</strong></span> <span class='ocrx_word' id='word_1_270' title='bbox 1533 3497 1588 3556; x_wconf 82' lang='lat' dir='ltr'><strong>ego</strong></span> <span class='ocrx_word' id='word_1_271' title='bbox 1612 3526 1616 3544; x_wconf 78' lang='lat'><strong>.</strong></span> 
     </span>
     <span class='ocr_line' id='line_1_27' title="bbox 246 3567 1656 3645; baseline -0.001 -20"><span class='ocrx_word' id='word_1_272' title='bbox 246 3571 274 3625; x_wconf 95' lang='lat' dir='ltr'><strong>iu</strong></span> <span class='ocrx_word' id='word_1_273' title='bbox 305 3567 390 3625; x_wconf 89' lang='lat' dir='ltr'><strong>nudis</strong></span> <span class='ocrx_word' id='word_1_274' title='bbox 419 3570 606 3640; x_wconf 90' lang='lat' dir='ltr'><strong>substantiis,</strong></span> <span class='ocrx_word' id='word_1_275' title='bbox 638 3570 700 3627; x_wconf 91' lang='lat' dir='ltr'><strong>siue</strong></span> <span class='ocrx_word' id='word_1_276' title='bbox 730 3568 923 3626; x_wconf 89' lang='lat' dir='ltr'><strong>accidentium</strong></span> <span class='ocrx_word' id='word_1_277' title='bbox 954 3571 1157 3642; x_wconf 84' lang='lat' dir='ltr'><strong>internunciis,</strong></span> <span class='ocrx_word' id='word_1_278' title='bbox 1181 3571 1322 3645; x_wconf 84' lang='lat' dir='ltr'><strong>negotiari</strong></span> <span class='ocrx_word' id='word_1_279' title='bbox 1346 3585 1421 3643; x_wconf 86' lang='lat' dir='ltr'><strong>nego</strong></span> <span class='ocrx_word' id='word_1_280' title='bbox 1449 3569 1588 3645; x_wconf 89' lang='lat' dir='ltr'><strong>possibile</strong></span> <span class='ocrx_word' id='word_1_281' title='bbox 1649 3619 1656 3634; x_wconf 77' lang='grc'>,</span> 
     </span>
     <span class='ocr_line' id='line_1_28' title="bbox 246 3654 1588 3731; baseline -0.002 -16"><span class='ocrx_word' id='word_1_282' title='bbox 246 3656 393 3731; x_wconf 88' lang='lat' dir='ltr'><strong>cuiquam,</strong></span> <span class='ocrx_word' id='word_1_283' title='bbox 416 3658 492 3714; x_wconf 88' lang='lat' dir='ltr'><strong>inter</strong></span> <span class='ocrx_word' id='word_1_284' title='bbox 514 3655 676 3714; x_wconf 89' lang='lat' dir='ltr'><strong>accidentia</strong></span> <span class='ocrx_word' id='word_1_285' title='bbox 701 3672 769 3713; x_wconf 86' lang='lat' dir='ltr'><strong>vero</strong></span> <span class='ocrx_word' id='word_1_286' title='bbox 791 3659 915 3731; x_wconf 91' lang='lat' dir='ltr'><strong>primum</strong></span> <span class='ocrx_word' id='word_1_287' title='bbox 938 3673 1031 3730; x_wconf 83' lang='lat' dir='ltr'><strong>genus</strong></span> <span class='ocrx_word' id='word_1_288' title='bbox 1054 3657 1248 3731; x_wconf 84' lang='lat' dir='ltr'><strong>quantitatum</strong></span> <span class='ocrx_word' id='word_1_289' title='bbox 1265 3674 1298 3714; x_wconf 88' lang='lat' dir='ltr'><strong>ex</strong></span> <span class='ocrx_word' id='word_1_290' title='bbox 1317 3655 1474 3714; x_wconf 85' lang='lat' dir='ltr'><strong>Aristotele</strong></span> <span class='ocrx_word' id='word_1_291' title='bbox 1490 3654 1588 3727; x_wconf 88' lang='lat' dir='ltr'><strong>didici,</strong></span> 
     </span>
     <span class='ocr_line' id='line_1_29' title="bbox 244 3742 1587 3818; baseline 0.001 -18"><span class='ocrx_word' id='word_1_292' title='bbox 244 3742 358 3817; x_wconf 90' lang='lat' dir='ltr'><strong>reliqua</strong></span> <span class='ocrx_word' id='word_1_293' title='bbox 381 3745 478 3801; x_wconf 88' lang='lat' dir='ltr'><strong>omnia</strong></span> <span class='ocrx_word' id='word_1_294' title='bbox 501 3745 672 3818; x_wconf 86' lang='lat' dir='ltr'><strong>posteriora.</strong></span> <span class='ocrx_word' id='word_1_295' title='bbox 717 3743 823 3817; x_wconf 76' lang='lat' dir='ltr'><strong>Negas,</strong></span> <span class='ocrx_word' id='word_1_296' title='bbox 847 3750 962 3800; x_wconf 86' lang='lat' dir='ltr'><strong>veteres</strong></span> <span class='ocrx_word' id='word_1_297' title='bbox 986 3744 1023 3801; x_wconf 87' lang='lat' dir='ltr'><strong>ab</strong></span> <span class='ocrx_word' id='word_1_298' title='bbox 1047 3752 1108 3801; x_wconf 91' lang='lat' dir='ltr'><strong>arte</strong></span> <span class='ocrx_word' id='word_1_299' title='bbox 1130 3746 1159 3802; x_wconf 93' lang='lat' dir='ltr'><strong>in</strong></span> <span class='ocrx_word' id='word_1_300' title='bbox 1184 3752 1273 3802; x_wconf 88' lang='lat' dir='ltr'><strong>artem</strong></span> <span class='ocrx_word' id='word_1_301' title='bbox 1297 3744 1508 3814; x_wconf 88' lang='lat' dir='ltr'><strong>transcurrisse,</strong></span> <span class='ocrx_word' id='word_1_302' title='bbox 1533 3760 1587 3817; x_wconf 81' lang='lat' dir='ltr'><strong>ego</strong></span> 
     </span>
     <span class='ocr_line' id='line_1_30' title="bbox 245 3829 1613 3905; baseline -0.002 -15"><span class='ocrx_word' id='word_1_303' title='bbox 245 3848 264 3890; x_wconf 91' lang='lat' dir='ltr'><strong>a</strong></span> <span class='ocrx_word' id='word_1_304' title='bbox 285 3829 410 3888; x_wconf 89' lang='lat' dir='ltr'><strong>Platone</strong></span> <span class='ocrx_word' id='word_1_305' title='bbox 434 3830 530 3902; x_wconf 89' lang='lat' dir='ltr'><strong>didici,</strong></span> <span class='ocrx_word' id='word_1_306' title='bbox 555 3833 684 3904; x_wconf 76' lang='lat' dir='ltr'><strong>gentines</strong></span> <span class='ocrx_word' id='word_1_307' title='bbox 708 3848 771 3889; x_wconf 90' lang='lat' dir='ltr'><strong>esse</strong></span> <span class='ocrx_word' id='word_1_308' title='bbox 795 3829 857 3887; x_wconf 89' lang='lat' dir='ltr'><strong>alas</strong></span> <span class='ocrx_word' id='word_1_309' title='bbox 873 3833 1076 3901; x_wconf 86' lang='lat' dir='ltr'><strong>astronomiae,</strong></span> <span class='ocrx_word' id='word_1_310' title='bbox 1100 3834 1290 3905; x_wconf 85' lang='lat' dir='ltr'><strong>geometriam</strong></span> <span class='ocrx_word' id='word_1_311' title='bbox 1313 3840 1341 3889; x_wconf 91' lang='lat' dir='ltr'><strong>et</strong></span> <span class='ocrx_word' id='word_1_312' title='bbox 1362 3829 1613 3904; x_wconf 61' lang='lat' dir='ltr'><strong>arithmeticamp</strong></span> 
     </span>
     <span class='ocr_line' id='line_1_31' title="bbox 245 3911 1588 3993; baseline 0.001 -20"><span class='ocrx_word' id='word_1_313' title='bbox 245 3919 380 3993; x_wconf 85' lang='lat' dir='ltr'><strong>quamvis</strong></span> <span class='ocrx_word' id='word_1_314' title='bbox 403 3916 454 3975; x_wconf 90' lang='lat' dir='ltr'><strong>illa</strong></span> <span class='ocrx_word' id='word_1_315' title='bbox 485 3917 520 3976; x_wconf 89' lang='lat' dir='ltr'><strong>de</strong></span> <span class='ocrx_word' id='word_1_316' title='bbox 543 3918 699 3976; x_wconf 89' lang='lat' dir='ltr'><strong>sensilibus</strong></span> <span class='ocrx_word' id='word_1_317' title='bbox 722 3925 806 3991; x_wconf 75' lang='lat' dir='ltr'><strong>agat,</strong></span> <span class='ocrx_word' id='word_1_318' title='bbox 836 3918 910 3975; x_wconf 89' lang='lat' dir='ltr'><strong>istae</strong></span> <span class='ocrx_word' id='word_1_319' title='bbox 935 3916 970 3977; x_wconf 90' lang='lat' dir='ltr'><strong>de</strong></span> <span class='ocrx_word' id='word_1_320' title='bbox 993 3918 1156 3977; x_wconf 89' lang='lat' dir='ltr'><strong>abstractis.</strong></span> <span class='ocrx_word' id='word_1_321' title='bbox 1202 3916 1267 3993; x_wconf 88' lang='lat' dir='ltr'><strong>Quo</strong></span> <span class='ocrx_word' id='word_1_322' title='bbox 1291 3911 1384 3992; x_wconf 60' lang='lat' dir='ltr'><strong>mairia</strong></span> <span class='ocrx_word' id='word_1_323' title='bbox 1414 3927 1493 3975; x_wconf 90' lang='lat' dir='ltr'><strong>tuam</strong></span> <span class='ocrx_word' id='word_1_324' title='bbox 1517 3934 1588 3975; x_wconf 92' lang='lat' dir='ltr'><strong>cou-</strong></span> 
     </span>
     <span class='ocr_line' id='line_1_32' title="bbox 245 4004 1589 4080; baseline -0.002 -16"><span class='ocrx_word' id='word_1_325' title='bbox 245 4005 404 4064; x_wconf 91' lang='lat' dir='ltr'><strong>clusionem</strong></span> <span class='ocrx_word' id='word_1_326' title='bbox 428 4006 523 4077; x_wconf 90' lang='lat' dir='ltr'><strong>miror,</strong></span> <span class='ocrx_word' id='word_1_327' title='bbox 547 4015 578 4062; x_wconf 93' lang='lat' dir='ltr'><strong>ut</strong></span> <span class='ocrx_word' id='word_1_328' title='bbox 601 4022 676 4078; x_wconf 91' lang='lat' dir='ltr'><strong>quae</strong></span> <span class='ocrx_word' id='word_1_329' title='bbox 701 4004 955 4063; x_wconf 92' lang='lat' dir='ltr'><strong>contradictorium</strong></span> <span class='ocrx_word' id='word_1_330' title='bbox 979 4007 1201 4080; x_wconf 87' lang='lat' dir='ltr'><strong>praemissarum</strong></span> <span class='ocrx_word' id='word_1_331' title='bbox 1217 4006 1370 4077; x_wconf 91' lang='lat' dir='ltr'><strong>subsumit,</strong></span> <span class='ocrx_word' id='word_1_332' title='bbox 1393 4005 1589 4062; x_wconf 83' lang='lat' dir='ltr'><strong>harmoniam</strong></span> 
     </span>
     <span class='ocr_line' id='line_1_33' title="bbox 244 4090 1587 4167; baseline -0.001 -16"><span class='ocrx_word' id='word_1_333' title='bbox 244 4101 272 4151; x_wconf 87' lang='lat' dir='ltr'><strong>et</strong></span> <span class='ocrx_word' id='word_1_334' title='bbox 292 4092 512 4150; x_wconf 79' lang='lat' dir='ltr'><strong>mathematicis</strong></span> <span class='ocrx_word' id='word_1_335' title='bbox 531 4094 666 4166; x_wconf 74' lang='lat' dir='ltr'><strong>incipere</strong></span> <span class='ocrx_word' id='word_1_336' title='bbox 687 4100 715 4149; x_wconf 86' lang='lat' dir='ltr'><strong>et</strong></span> <span class='ocrx_word' id='word_1_337' title='bbox 736 4092 865 4167; x_wconf 80' lang='lat' dir='ltr'><strong>physicis</strong></span> <span class='ocrx_word' id='word_1_338' title='bbox 885 4092 929 4148; x_wconf 86' lang='lat' dir='ltr'><strong>od</strong></span> <span class='ocrx_word' id='word_1_339' title='bbox 942 4110 1107 4150; x_wconf 81' lang='lat' dir='ltr'><strong>causarum</strong></span> <span class='ocrx_word' id='word_1_340' title='bbox 1124 4096 1336 4164; x_wconf 87' lang='lat' dir='ltr'><strong>incentionem,</strong></span> <span class='ocrx_word' id='word_1_341' title='bbox 1361 4090 1507 4150; x_wconf 89' lang='lat' dir='ltr'><strong>addideris</strong></span> <span class='ocrx_word' id='word_1_342' title='bbox 1523 4107 1587 4149; x_wconf 92' lang='lat' dir='ltr'><strong>rec·</strong></span> 
     </span>
     <span class='ocr_line' id='line_1_34' title="bbox 247 4176 1586 4255; baseline -0.001 -18"><span class='ocrx_word' id='word_1_343' title='bbox 247 4181 357 4237; x_wconf 86' lang='lat' dir='ltr'><strong>tissime</strong></span> <span class='ocrx_word' id='word_1_344' title='bbox 380 4180 595 4255; x_wconf 85' lang='lat' dir='ltr'><strong>metaphysicis.</strong></span> <span class='ocrx_word' id='word_1_345' title='bbox 642 4180 678 4236; x_wconf 85' lang='lat' dir='ltr'><strong>Et</strong></span> <span class='ocrx_word' id='word_1_346' title='bbox 701 4178 784 4237; x_wconf 91' lang='lat' dir='ltr'><strong>addis</strong></span> <span class='ocrx_word' id='word_1_347' title='bbox 807 4176 942 4255; x_wconf 89' lang='lat' dir='ltr'><strong>quidem:</strong></span> <span class='ocrx_word' id='word_1_348' title='bbox 966 4180 1117 4251; x_wconf 79' lang='lat' dir='ltr'><strong>aiamim,</strong></span> <span class='ocrx_word' id='word_1_349' title='bbox 1142 4188 1237 4237; x_wconf 89' lang='lat' dir='ltr'><strong>ortum</strong></span> <span class='ocrx_word' id='word_1_350' title='bbox 1260 4179 1476 4238; x_wconf 84' lang='lat' dir='ltr'><strong>intervallorum</strong></span> <span class='ocrx_word' id='word_1_351' title='bbox 1501 4194 1586 4253; x_wconf 90' lang='lat' dir='ltr'><strong>spec·</strong></span> 
     </span>
     <span class='ocr_line' id='line_1_35' title="bbox 245 4266 1586 4344; baseline -0.004 -19"><span class='ocrx_word' id='word_1_352' title='bbox 245 4275 306 4325; x_wconf 88' lang='lat' dir='ltr'><strong>tere</strong></span> <span class='ocrx_word' id='word_1_353' title='bbox 329 4268 422 4340; x_wconf 82' lang='lat' dir='ltr'><strong>magis</strong></span> <span class='ocrx_word' id='word_1_354' title='bbox 445 4266 482 4325; x_wconf 92' lang='lat' dir='ltr'><strong>ad</strong></span> <span class='ocrx_word' id='word_1_355' title='bbox 505 4266 609 4343; x_wconf 87' lang='lat' dir='ltr'><strong>physin</strong></span> <span class='ocrx_word' id='word_1_356' title='bbox 633 4269 746 4324; x_wconf 86' lang='lat' dir='ltr'><strong>ratione</strong></span> <span class='ocrx_word' id='word_1_357' title='bbox 768 4284 838 4325; x_wconf 87' lang='lat' dir='ltr'><strong>suae</strong></span> <span class='ocrx_word' id='word_1_358' title='bbox 861 4275 984 4324; x_wconf 91' lang='lat' dir='ltr'><strong>naturae</strong></span> <span class='ocrx_word' id='word_1_359' title='bbox 1007 4266 1154 4344; x_wconf 88' lang='lat' dir='ltr'><strong>occultae,</strong></span> <span class='ocrx_word' id='word_1_360' title='bbox 1187 4284 1275 4342; x_wconf 93' lang='lat' dir='ltr'><strong>quam</strong></span> <span class='ocrx_word' id='word_1_361' title='bbox 1303 4266 1341 4324; x_wconf 93' lang='lat' dir='ltr'><strong>ad</strong></span> <span class='ocrx_word' id='word_1_362' title='bbox 1370 4266 1531 4337; x_wconf 87' lang='lat' dir='ltr'><strong>mathesin,</strong></span> <span class='ocrx_word' id='word_1_363' title='bbox 1562 4266 1586 4321; x_wconf 90' lang='lat' dir='ltr'><strong>si</strong></span> 
     </span>
     <span class='ocr_line' id='line_1_36' title="bbox 245 4352 1586 4431; baseline -0.002 -19"><span class='ocrx_word' id='word_1_364' title='bbox 245 4356 387 4412; x_wconf 89' lang='lat' dir='ltr'><strong>internum</strong></span> <span class='ocrx_word' id='word_1_365' title='bbox 410 4354 474 4427; x_wconf 92' lang='lat' dir='ltr'><strong>ejus</strong></span> <span class='ocrx_word' id='word_1_366' title='bbox 496 4356 669 4431; x_wconf 88' lang='lat' dir='ltr'><strong>principium</strong></span> <span class='ocrx_word' id='word_1_367' title='bbox 694 4355 890 4429; x_wconf 83' lang='lat' dir='ltr'><strong>inspiciamus.</strong></span> <span class='ocrx_word' id='word_1_368' title='bbox 936 4352 1047 4429; x_wconf 89' lang='lat' dir='ltr'><strong>Physiu</strong></span> <span class='ocrx_word' id='word_1_369' title='bbox 1071 4354 1169 4428; x_wconf 90' lang='lat' dir='ltr'><strong>procul</strong></span> <span class='ocrx_word' id='word_1_370' title='bbox 1195 4353 1284 4412; x_wconf 92' lang='lat' dir='ltr'><strong>dubio</strong></span> <span class='ocrx_word' id='word_1_371' title='bbox 1308 4354 1395 4422; x_wconf 90' lang='lat' dir='ltr'><strong>dicis,</strong></span> <span class='ocrx_word' id='word_1_372' title='bbox 1419 4370 1506 4427; x_wconf 90' lang='lat' dir='ltr'><strong>quam</strong></span> <span class='ocrx_word' id='word_1_373' title='bbox 1531 4369 1586 4427; x_wconf 83' lang='lat' dir='ltr'><strong>ego</strong></span> 
     </span>
     <span class='ocr_line' id='line_1_37' title="bbox 244 4440 1585 4518; baseline -0.003 -17"><span class='ocrx_word' id='word_1_374' title='bbox 244 4440 483 4516; x_wconf 84' lang='lat' dir='ltr'><strong>metaphysicam.</strong></span> <span class='ocrx_word' id='word_1_375' title='bbox 528 4440 602 4498; x_wconf 87' lang='lat' dir='ltr'><strong>Nam</strong></span> <span class='ocrx_word' id='word_1_376' title='bbox 625 4442 785 4516; x_wconf 83' lang='lat' dir='ltr'><strong>subjungis,</strong></span> <span class='ocrx_word' id='word_1_377' title='bbox 809 4456 946 4497; x_wconf 89' lang='lat' dir='ltr'><strong>arcanum</strong></span> <span class='ocrx_word' id='word_1_378' title='bbox 971 4442 1033 4515; x_wconf 89' lang='lat' dir='ltr'><strong>ejus</strong></span> <span class='ocrx_word' id='word_1_379' title='bbox 1065 4441 1223 4500; x_wconf 86' lang='lat' dir='ltr'><strong>consistere</strong></span> <span class='ocrx_word' id='word_1_380' title='bbox 1253 4442 1282 4497; x_wconf 91' lang='lat' dir='ltr'><strong>in</strong></span> <span class='ocrx_word' id='word_1_381' title='bbox 1306 4440 1466 4518; x_wconf 89' lang='lat' dir='ltr'><strong>spiritualis</strong></span> <span class='ocrx_word' id='word_1_382' title='bbox 1489 4449 1585 4497; x_wconf 90' lang='lat' dir='ltr'><strong>mate·</strong></span> 
     </span>
     <span class='ocr_line' id='line_1_38' title="bbox 245 4524 1584 4604; baseline -0.002 -18"><span class='ocrx_word' id='word_1_383' title='bbox 245 4532 306 4587; x_wconf 88' lang='lat' dir='ltr'><strong>riae</strong></span> <span class='ocrx_word' id='word_1_384' title='bbox 330 4527 489 4602; x_wconf 88' lang='lat' dir='ltr'><strong>divisione,</strong></span> <span class='ocrx_word' id='word_1_385' title='bbox 519 4529 601 4603; x_wconf 92' lang='lat' dir='ltr'><strong>cujus</strong></span> <span class='ocrx_word' id='word_1_386' title='bbox 625 4528 736 4586; x_wconf 88' lang='lat' dir='ltr'><strong>divisor</strong></span> <span class='ocrx_word' id='word_1_387' title='bbox 757 4529 794 4585; x_wconf 90' lang='lat' dir='ltr'><strong>sit</strong></span> <span class='ocrx_word' id='word_1_388' title='bbox 816 4528 929 4600; x_wconf 89' lang='lat' dir='ltr'><strong>anima,</strong></span> <span class='ocrx_word' id='word_1_389' title='bbox 964 4533 1046 4585; x_wconf 91' lang='lat' dir='ltr'><strong>actus</strong></span> <span class='ocrx_word' id='word_1_390' title='bbox 1070 4529 1200 4587; x_wconf 87' lang='lat' dir='ltr'><strong>canentis</strong></span> <span class='ocrx_word' id='word_1_391' title='bbox 1222 4528 1270 4587; x_wconf 87' lang='lat' dir='ltr'><strong>vel</strong></span> <span class='ocrx_word' id='word_1_392' title='bbox 1292 4527 1444 4604; x_wconf 89' lang='lat' dir='ltr'><strong>pulsantis.</strong></span> <span class='ocrx_word' id='word_1_393' title='bbox 1488 4524 1584 4584; x_wconf 90' lang='lat' dir='ltr'><strong>Multo</strong></span> 
     </span>
     <span class='ocr_line' id='line_1_39' title="bbox 245 4613 1585 4692; baseline -0.004 -18"><span class='ocrx_word' id='word_1_394' title='bbox 245 4615 323 4674; x_wconf 83' lang='lat' dir='ltr'><strong>malo</strong></span> <span class='ocrx_word' id='word_1_395' title='bbox 347 4616 496 4675; x_wconf 88' lang='lat' dir='ltr'><strong>commode</strong></span> <span class='ocrx_word' id='word_1_396' title='bbox 520 4625 570 4673; x_wconf 87' lang='lat' dir='ltr'><strong>tua</strong></span> <span class='ocrx_word' id='word_1_397' title='bbox 593 4616 788 4692; x_wconf 89' lang='lat' dir='ltr'><strong>interpretari,</strong></span> <span class='ocrx_word' id='word_1_398' title='bbox 811 4631 898 4689; x_wconf 88' lang='lat' dir='ltr'><strong>quam</strong></span> <span class='ocrx_word' id='word_1_399' title='bbox 930 4616 1112 4674; x_wconf 85' lang='lat' dir='ltr'><strong>occasionem</strong></span> <span class='ocrx_word' id='word_1_400' title='bbox 1136 4615 1275 4691; x_wconf 87' lang='lat' dir='ltr'><strong>arguendi</strong></span> <span class='ocrx_word' id='word_1_401' title='bbox 1298 4631 1446 4691; x_wconf 90' lang='lat' dir='ltr'><strong>quaerere.</strong></span> <span class='ocrx_word' id='word_1_402' title='bbox 1492 4613 1585 4688; x_wconf 83' lang='lat' dir='ltr'><strong>Igitur</strong></span> 
     </span>
     <span class='ocr_line' id='line_1_40' title="bbox 245 4700 1585 4779; baseline -0.005 -16"><span class='ocrx_word' id='word_1_403' title='bbox 245 4720 382 4763; x_wconf 88' lang='lat' dir='ltr'><strong>arcanum</strong></span> <span class='ocrx_word' id='word_1_404' title='bbox 407 4703 538 4778; x_wconf 84' lang='lat' dir='ltr'><strong>intelligo</strong></span> <span class='ocrx_word' id='word_1_405' title='bbox 561 4704 681 4760; x_wconf 81' lang='lat' dir='ltr'><strong>sormam</strong></span> <span class='ocrx_word' id='word_1_406' title='bbox 711 4712 740 4761; x_wconf 90' lang='lat' dir='ltr'><strong>et</strong></span> <span class='ocrx_word' id='word_1_407' title='bbox 763 4703 917 4759; x_wconf 88' lang='lat' dir='ltr'><strong>essentiam</strong></span> <span class='ocrx_word' id='word_1_408' title='bbox 941 4706 1214 4779; x_wconf 90' lang='lat' dir='ltr'><strong>contemperationis</strong></span> <span class='ocrx_word' id='word_1_409' title='bbox 1245 4703 1429 4761; x_wconf 89' lang='lat' dir='ltr'><strong>harmonicae</strong></span> <span class='ocrx_word' id='word_1_410' title='bbox 1460 4702 1488 4758; x_wconf 91' lang='lat' dir='ltr'><strong>iu</strong></span> <span class='ocrx_word' id='word_1_411' title='bbox 1510 4700 1585 4759; x_wconf 81' lang='lat' dir='ltr'><strong>Ter-</strong></span> 
     </span>
     <span class='ocr_line' id='line_1_41' title="bbox 245 4790 1584 4864; baseline -0.001 -16"><span class='ocrx_word' id='word_1_412' title='bbox 245 4810 315 4850; x_wconf 88' lang='lat' dir='ltr'><strong>ram.</strong></span> <span class='ocrx_word' id='word_1_413' title='bbox 361 4790 394 4846; x_wconf 94' lang='lat' dir='ltr'><strong>ld</strong></span> <span class='ocrx_word' id='word_1_414' title='bbox 418 4790 511 4849; x_wconf 51' lang='lat' dir='ltr'><strong>disco,</strong></span> <span class='ocrx_word' id='word_1_415' title='bbox 527 4808 591 4848; x_wconf 88' lang='lat' dir='ltr'><strong>esse</strong></span> <span class='ocrx_word' id='word_1_416' title='bbox 614 4791 803 4864; x_wconf 81' lang='lat' dir='ltr'><strong>spiritualem</strong></span> <span class='ocrx_word' id='word_1_417' title='bbox 824 4790 1003 4863; x_wconf 63' lang='lat' dir='ltr'><strong>materiem</strong></span> <span class='ocrx_word' id='word_1_418' title='bbox 1032 4807 1103 4849; x_wconf 89' lang='lat' dir='ltr'><strong>sanc</strong></span> <span class='ocrx_word' id='word_1_419' title='bbox 1126 4790 1291 4848; x_wconf 87' lang='lat' dir='ltr'><strong>harmonias</strong></span> <span class='ocrx_word' id='word_1_420' title='bbox 1319 4797 1349 4849; x_wconf 93' lang='lat' dir='ltr'><strong>et</strong></span> <span class='ocrx_word' id='word_1_421' title='bbox 1378 4804 1433 4862; x_wconf 84' lang='lat' dir='ltr'><strong>ego</strong></span> <span class='ocrx_word' id='word_1_422' title='bbox 1456 4802 1584 4864; x_wconf 81' lang='lat' dir='ltr'><strong>agnosco</strong></span> 
     </span>
     <span class='ocr_line' id='line_1_42' title="bbox 245 4873 1585 4953; baseline -0.003 -15"><span class='ocrx_word' id='word_1_423' title='bbox 245 4896 296 4938; x_wconf 89' lang='lat' dir='ltr'><strong>eos</strong></span> <span class='ocrx_word' id='word_1_424' title='bbox 319 4880 449 4948; x_wconf 90' lang='lat' dir='ltr'><strong>rationis,</strong></span> <span class='ocrx_word' id='word_1_425' title='bbox 474 4880 547 4936; x_wconf 87' lang='lat' dir='ltr'><strong>ratio</strong></span> <span class='ocrx_word' id='word_1_426' title='bbox 570 4894 640 4935; x_wconf 85' lang='lat' dir='ltr'><strong>vcro</strong></span> <span class='ocrx_word' id='word_1_427' title='bbox 663 4876 812 4953; x_wconf 84' lang='lat' dir='ltr'><strong>spirituale</strong></span> <span class='ocrx_word' id='word_1_428' title='bbox 836 4878 984 4953; x_wconf 89' lang='lat' dir='ltr'><strong>quippiam</strong></span> <span class='ocrx_word' id='word_1_429' title='bbox 1008 4885 1060 4936; x_wconf 92' lang='lat' dir='ltr'><strong>est.</strong></span> <span class='ocrx_word' id='word_1_430' title='bbox 1104 4878 1176 4952; x_wconf 85' lang='lat' dir='ltr'><strong>Ejus</strong></span> <span class='ocrx_word' id='word_1_431' title='bbox 1190 4875 1368 4936; x_wconf 83' lang='lat' dir='ltr'><strong>diuisionem</strong></span> <span class='ocrx_word' id='word_1_432' title='bbox 1382 4873 1514 4951; x_wconf 86' lang='lat' dir='ltr'><strong>intelligo</strong></span> <span class='ocrx_word' id='word_1_433' title='bbox 1529 4891 1585 4950; x_wconf 85' lang='lat' dir='ltr'><strong>ego</strong></span> 
     </span>
     <span class='ocr_line' id='line_1_43' title="bbox 245 4963 1585 5040; baseline -0.004 -16"><span class='ocrx_word' id='word_1_434' title='bbox 245 4966 447 5024; x_wconf 86' lang='lat' dir='ltr'><strong>discretionem</strong></span> <span class='ocrx_word' id='word_1_435' title='bbox 470 4966 547 5040; x_wconf 89' lang='lat' dir='ltr'><strong>ejus,</strong></span> <span class='ocrx_word' id='word_1_436' title='bbox 580 4964 658 5037; x_wconf 89' lang='lat' dir='ltr'><strong>qnod</strong></span> <span class='ocrx_word' id='word_1_437' title='bbox 687 4964 968 5035; x_wconf 77' lang='lat' dir='ltr'><strong>enharmonicum,</strong></span> <span class='ocrx_word' id='word_1_438' title='bbox 999 4981 1095 5023; x_wconf 89' lang='lat' dir='ltr'><strong>anon</strong></span> <span class='ocrx_word' id='word_1_439' title='bbox 1118 4966 1294 5023; x_wconf 90' lang='lat' dir='ltr'><strong>harmonico.</strong></span> <span class='ocrx_word' id='word_1_440' title='bbox 1341 4963 1513 5021; x_wconf 86' lang='lat' dir='ltr'><strong>Diviserem</strong></span> <span class='ocrx_word' id='word_1_441' title='bbox 1541 4965 1585 5020; x_wconf 88' lang='lat' dir='ltr'><strong>ais</strong></span> 
     </span>
     <span class='ocr_line' id='line_1_44' title="bbox 244 5049 1584 5127; baseline -0.003 -17"><span class='ocrx_word' id='word_1_442' title='bbox 244 5052 407 5111; x_wconf 84' lang='lat' dir='ltr'><strong>enimam?</strong></span> <span class='ocrx_word' id='word_1_443' title='bbox 455 5052 492 5109; x_wconf 82' lang='lat' dir='ltr'><strong>Et</strong></span> <span class='ocrx_word' id='word_1_444' title='bbox 522 5055 583 5127; x_wconf 88' lang='lat' dir='ltr'><strong>ipse</strong></span> <span class='ocrx_word' id='word_1_445' title='bbox 612 5052 685 5109; x_wconf 90' lang='lat' dir='ltr'><strong>libro</strong></span> <span class='ocrx_word' id='word_1_446' title='bbox 715 5068 780 5110; x_wconf 90' lang='lat' dir='ltr'><strong>mco</strong></span> <span class='ocrx_word' id='word_1_447' title='bbox 802 5051 854 5108; x_wconf 92' lang='lat' dir='ltr'><strong>IV.</strong></span> <span class='ocrx_word' id='word_1_448' title='bbox 883 5053 964 5127; x_wconf 91' lang='lat' dir='ltr'><strong>prius</strong></span> <span class='ocrx_word' id='word_1_449' title='bbox 994 5052 1119 5112; x_wconf 90' lang='lat' dir='ltr'><strong>animam</strong></span> <span class='ocrx_word' id='word_1_450' title='bbox 1150 5052 1216 5110; x_wconf 90' lang='lat' dir='ltr'><strong>inde</strong></span> <span class='ocrx_word' id='word_1_451' title='bbox 1250 5070 1268 5107; x_wconf 86' lang='lat' dir='ltr'><strong>a</strong></span> <span class='ocrx_word' id='word_1_452' title='bbox 1298 5053 1342 5107; x_wconf 88' lang='lat' dir='ltr'><strong>sui</strong></span> <span class='ocrx_word' id='word_1_453' title='bbox 1371 5053 1516 5109; x_wconf 88' lang='lat' dir='ltr'><strong>creetione</strong></span> <span class='ocrx_word' id='word_1_454' title='bbox 1547 5049 1584 5107; x_wconf 93' lang='lat' dir='ltr'><strong>ad</strong></span> 
     </span>
     <span class='ocr_line' id='line_1_45' title="bbox 245 5138 1585 5215; baseline -0.003 -17"><span class='ocrx_word' id='word_1_455' title='bbox 245 5138 410 5215; x_wconf 88' lang='lat' dir='ltr'><strong>exemplum</strong></span> <span class='ocrx_word' id='word_1_456' title='bbox 434 5140 504 5209; x_wconf 87' lang='lat' dir='ltr'><strong>Dei,</strong></span> <span class='ocrx_word' id='word_1_457' title='bbox 539 5139 582 5195; x_wconf 87' lang='lat' dir='ltr'><strong>sui</strong></span> <span class='ocrx_word' id='word_1_458' title='bbox 613 5138 779 5215; x_wconf 88' lang='lat' dir='ltr'><strong>archetypi,</strong></span> <span class='ocrx_word' id='word_1_459' title='bbox 812 5138 888 5197; x_wconf 87' lang='lat' dir='ltr'><strong>taclo</strong></span> <span class='ocrx_word' id='word_1_460' title='bbox 918 5148 1081 5215; x_wconf 89' lang='lat' dir='ltr'><strong>compotem</strong></span> <span class='ocrx_word' id='word_1_461' title='bbox 1109 5140 1290 5198; x_wconf 82' lang='lat' dir='ltr'><strong>formationis</strong></span> <span class='ocrx_word' id='word_1_462' title='bbox 1321 5153 1445 5196; x_wconf 88' lang='lat' dir='ltr'><strong>arcanae</strong></span> <span class='ocrx_word' id='word_1_463' title='bbox 1467 5138 1585 5195; x_wconf 90' lang='lat' dir='ltr'><strong>harmo-</strong></span> 
     </span>
     <span class='ocr_line' id='line_1_46' title="bbox 243 5223 1584 5305; baseline -0.003 -20"><span class='ocrx_word' id='word_1_464' title='bbox 243 5230 342 5298; x_wconf 90' lang='lat' dir='ltr'><strong>nicae,</strong></span> <span class='ocrx_word' id='word_1_465' title='bbox 371 5229 525 5301; x_wconf 83' lang='lat' dir='ltr'><strong>impressas</strong></span> <span class='ocrx_word' id='word_1_466' title='bbox 549 5226 590 5282; x_wconf 91' lang='lat' dir='ltr'><strong>illi</strong></span> <span class='ocrx_word' id='word_1_467' title='bbox 614 5226 725 5283; x_wconf 89' lang='lat' dir='ltr'><strong>scilicet</strong></span> <span class='ocrx_word' id='word_1_468' title='bbox 746 5225 828 5284; x_wconf 88' lang='lat' dir='ltr'><strong>ideas</strong></span> <span class='ocrx_word' id='word_1_469' title='bbox 851 5226 1084 5304; x_wconf 86' lang='lat' dir='ltr'><strong>harmoniarum,</strong></span> <span class='ocrx_word' id='word_1_470' title='bbox 1113 5244 1235 5301; x_wconf 89' lang='lat' dir='ltr'><strong>quarum</strong></span> <span class='ocrx_word' id='word_1_471' title='bbox 1258 5224 1452 5302; x_wconf 88' lang='lat' dir='ltr'><strong>applicatione</strong></span> <span class='ocrx_word' id='word_1_472' title='bbox 1480 5223 1516 5284; x_wconf 91' lang='lat' dir='ltr'><strong>ad</strong></span> <span class='ocrx_word' id='word_1_473' title='bbox 1540 5241 1584 5305; x_wconf 85' lang='lat' dir='ltr'><strong>ea,</strong></span> 
     </span>
     <span class='ocr_line' id='line_1_47' title="bbox 248 5308 1585 5390; baseline -0.001 -18"><span class='ocrx_word' id='word_1_474' title='bbox 248 5332 324 5390; x_wconf 91' lang='lat' dir='ltr'><strong>quae</strong></span> <span class='ocrx_word' id='word_1_475' title='bbox 346 5332 398 5388; x_wconf 91' lang='lat' dir='ltr'><strong>per</strong></span> <span class='ocrx_word' id='word_1_476' title='bbox 421 5330 522 5372; x_wconf 87' lang='lat' dir='ltr'><strong>sensus</strong></span> <span class='ocrx_word' id='word_1_477' title='bbox 546 5313 716 5383; x_wconf 80' lang='lat' dir='ltr'><strong>offeruntur,</strong></span> <span class='ocrx_word' id='word_1_478' title='bbox 740 5312 936 5372; x_wconf 90' lang='lat' dir='ltr'><strong>harmonicum</strong></span> <span class='ocrx_word' id='word_1_479' title='bbox 960 5330 978 5369; x_wconf 94' lang='lat' dir='ltr'><strong>a</strong></span> <span class='ocrx_word' id='word_1_480' title='bbox 999 5328 1057 5369; x_wconf 91' lang='lat' dir='ltr'><strong>non</strong></span> <span class='ocrx_word' id='word_1_481' title='bbox 1081 5312 1247 5370; x_wconf 90' lang='lat' dir='ltr'><strong>harmonico</strong></span> <span class='ocrx_word' id='word_1_482' title='bbox 1270 5311 1457 5370; x_wconf 89' lang='lat' dir='ltr'><strong>discernatur.</strong></span> <span class='ocrx_word' id='word_1_483' title='bbox 1502 5308 1585 5370; x_wconf 90' lang='lat' dir='ltr'><strong>Hac·</strong></span> 
     </span>
     <span class='ocr_line' id='line_1_48' title="bbox 245 5397 1583 5477; baseline -0.002 -17"><span class='ocrx_word' id='word_1_484' title='bbox 245 5410 329 5461; x_wconf 88' lang='lat' dir='ltr'><strong>tenus</strong></span> <span class='ocrx_word' id='word_1_485' title='bbox 351 5403 440 5477; x_wconf 84' lang='lat' dir='ltr'><strong>igitur</strong></span> <span class='ocrx_word' id='word_1_486' title='bbox 463 5400 548 5458; x_wconf 90' lang='lat' dir='ltr'><strong>inlers</strong></span> <span class='ocrx_word' id='word_1_487' title='bbox 573 5403 600 5456; x_wconf 91' lang='lat' dir='ltr'><strong>in</strong></span> <span class='ocrx_word' id='word_1_488' title='bbox 624 5398 818 5471; x_wconf 87' lang='lat' dir='ltr'><strong>conclusione,</strong></span> <span class='ocrx_word' id='word_1_489' title='bbox 843 5398 921 5474; x_wconf 93' lang='lat' dir='ltr'><strong>quod</strong></span> <span class='ocrx_word' id='word_1_490' title='bbox 945 5400 972 5455; x_wconf 92' lang='lat' dir='ltr'><strong>in</strong></span> <span class='ocrx_word' id='word_1_491' title='bbox 996 5401 1161 5476; x_wconf 84' lang='lat' dir='ltr'><strong>praemissis</strong></span> <span class='ocrx_word' id='word_1_492' title='bbox 1178 5406 1315 5475; x_wconf 81' lang='lat' dir='ltr'><strong>negatum</strong></span> <span class='ocrx_word' id='word_1_493' title='bbox 1327 5400 1406 5469; x_wconf 87' lang='lat' dir='ltr'><strong>ibas,</strong></span> <span class='ocrx_word' id='word_1_494' title='bbox 1430 5414 1483 5457; x_wconf 91' lang='lat' dir='ltr'><strong>nec</strong></span> <span class='ocrx_word' id='word_1_495' title='bbox 1498 5397 1583 5457; x_wconf 85' lang='lat' dir='ltr'><strong>iacile</strong></span> 
     </span>
     <span class='ocr_line' id='line_1_49' title="bbox 245 5483 1579 5562; baseline -0.002 -15"><span class='ocrx_word' id='word_1_496' title='bbox 245 5497 283 5561; x_wconf 89' lang='lat' dir='ltr'><strong>te,</strong></span> <span class='ocrx_word' id='word_1_497' title='bbox 306 5505 343 5546; x_wconf 92' lang='lat' dir='ltr'><strong>ue</strong></span> <span class='ocrx_word' id='word_1_498' title='bbox 366 5506 401 5546; x_wconf 92' lang='lat' dir='ltr'><strong>ex</strong></span> <span class='ocrx_word' id='word_1_499' title='bbox 424 5487 611 5562; x_wconf 85' lang='lat' dir='ltr'><strong>sequentibus</strong></span> <span class='ocrx_word' id='word_1_500' title='bbox 635 5485 752 5561; x_wconf 91' lang='lat' dir='ltr'><strong>quidem</strong></span> <span class='ocrx_word' id='word_1_501' title='bbox 776 5485 1051 5543; x_wconf 87' lang='lat' dir='ltr'><strong>contradictionibus</strong></span> <span class='ocrx_word' id='word_1_502' title='bbox 1074 5483 1211 5560; x_wconf 83' lang='lat' dir='ltr'><strong>exsolvo,</strong></span> <span class='ocrx_word' id='word_1_503' title='bbox 1247 5489 1302 5545; x_wconf 90' lang='lat' dir='ltr'><strong>nisi</strong></span> <span class='ocrx_word' id='word_1_504' title='bbox 1320 5495 1350 5544; x_wconf 93' lang='lat' dir='ltr'><strong>tu</strong></span> <span class='ocrx_word' id='word_1_505' title='bbox 1378 5502 1423 5543; x_wconf 91' lang='lat' dir='ltr'><strong>me</strong></span> <span class='ocrx_word' id='word_1_506' title='bbox 1446 5484 1579 5559; x_wconf 84' lang='lat' dir='ltr'><strong>adjuves.</strong></span> 
     </span>
     <span class='ocr_line' id='line_1_50' title="bbox 246 5572 1586 5652; baseline -0.002 -17"><span class='ocrx_word' id='word_1_507' title='bbox 246 5577 370 5636; x_wconf 81' lang='lat' dir='ltr'><strong>Dixeras</strong></span> <span class='ocrx_word' id='word_1_508' title='bbox 394 5583 502 5634; x_wconf 75' lang='lat' dir='ltr'><strong>vetem</strong></span> <span class='ocrx_word' id='word_1_509' title='bbox 524 5575 563 5632; x_wconf 88' lang='lat' dir='ltr'><strong>ob</strong></span> <span class='ocrx_word' id='word_1_510' title='bbox 587 5581 652 5634; x_wconf 79' lang='lat' dir='ltr'><strong>orte</strong></span> <span class='ocrx_word' id='word_1_511' title='bbox 673 5577 706 5631; x_wconf 88' lang='lat' dir='ltr'><strong>in</strong></span> <span class='ocrx_word' id='word_1_512' title='bbox 730 5581 827 5631; x_wconf 83' lang='lat' dir='ltr'><strong>ortem</strong></span> <span class='ocrx_word' id='word_1_513' title='bbox 848 5590 912 5631; x_wconf 89' lang='lat' dir='ltr'><strong>non</strong></span> <span class='ocrx_word' id='word_1_514' title='bbox 934 5572 1116 5648; x_wconf 73' lang='lat' dir='ltr'><strong>discessisse,</strong></span> <span class='ocrx_word' id='word_1_515' title='bbox 1138 5572 1199 5652; x_wconf 89' lang='lat' dir='ltr'><strong>jam</strong></span> <span class='ocrx_word' id='word_1_516' title='bbox 1212 5577 1328 5646; x_wconf 88' lang='lat' dir='ltr'><strong>asseris,</strong></span> <span class='ocrx_word' id='word_1_517' title='bbox 1352 5573 1417 5633; x_wconf 86' lang='lat' dir='ltr'><strong>illos</strong></span> <span class='ocrx_word' id='word_1_518' title='bbox 1437 5580 1586 5641; x_wconf 79' lang='lat' dir='ltr'><strong>naturam</strong></span> 
     </span>
    </p>
   </div>
   <div class='ocr_carea' id='block_1_3' title="bbox 0 0 1846 7253">
    <p class='ocr_par' dir='ltr' id='par_1_5' title="bbox 0 0 1846 7253">
     <span class='ocr_line' id='line_1_51' title="bbox 0 0 1846 7253; baseline 0 0"><span class='ocrx_word' id='word_1_519' title='bbox 0 0 1846 7253; x_wconf 95' lang='lat' dir='ltr'><strong> </strong></span> 
     </span>
    </p>
   </div>
  </div>
 </body>
</html>
