3684 7259
312 1204 375 1264 4¹48
780 1194 947 1266 Appendicis
964 1194 1187 1252 Harmonicorum

313 1365 399 1438 datur
423 1375 580 1438 descensus
610 1377 639 1433 in
661 1373 781 1435 ‘fenam
812 1374 891 1433 illius
919 1373 1088 1435 coelestium
1118 1382 1249 1435 motuum
1279 1375 1464 1452 barmoniae,
1496 1395 1585 1455 quam
1606 1397 1662 1458 ego

312 1464 412 1524 doceo.
458 1464 588 1525 Termini
612 1464 689 1522 enim
718 1466 939 1540 proportionum
962 1463 1195 1523 harmonicorum
1218 1463 1407 1537 coelestium,
1437 1464 1466 1523 id
1490 1475 1535 1525 eat
1565 1478 1662 1527 morus

313 1553 495 1641 planetarurp
521 1552 716 1610 dimensiones
745 1568 814 1610 suas
838 1553 986 1627 accipiunt
1013 1568 1070 1609 non
1094 1569 1133 1612 er>
1152 1554 1292 1624 terrestri,
1324 1552 1375 1611 sed
1398 1570 1434 1613 ex
1457 1553 1546 1613 solari
1570 1573 1663 1634 appa-

310 1642 412 1702 rentia.
457 1641 638 1700 Descensum
662 1639 750 1715 igitur
774 1638 945 1698 coelestium
967 1638 1184 1698 harmoniarum
1206 1657 1264 1698 non
1287 1644 1317 1699 in
1333 1638 1461 1714 Terram,
1486 1642 1538 1701 sed
1561 1644 1590 1699 in
1606 1644 1663 1701 So·

312 1727 369 1786 icm
393 1727 478 1787 docui
501 1730 530 1785 in
555 1726 671 1803 epilogo
694 1726 761 1784 libri
784 1725 820 1786 V.
866 1725 1014 1801 Recoquis
1047 1744 1083 1785 ex
1113 1727 1226 1804 anaiysi
1250 1728 1353 1802 quinta
1376 1728 1586 1804 objectionem,
1614 1748 1663 1788 cur

310 1821 443 1893 tempora
466 1832 521 1890 ego
544 1833 601 1872 non
625 1811 775 1872 attendam
804 1812 986 1890 periodica,'
1004 1815 1028 1870 si
1053 1815 1127 1872 inter
1149 1824 1261 1887 motus,
1292 1817 1342 1891 qui
1374 1817 1403 1872 in
1427 1825 1557 1894 tempore
1580 1818 1662 1890 finnt,

311 1902 478 1962 hemionios
502 1918 669 1977 agnoscam.
715 1899 794 1960 Satis
818 1899 939 1960 dilutum
963 1902 1097 1961 existimo
1120 1903 1196 1961 harre
1218 1902 1413 1977 objectionem
1440 1905 1469 1960 in
1493 1909 1662 1980 responsio-

309 1990 397 2050 nibus
420 1992 492 2048 meis
514 1990 657 2066 superius.
1613 1985 1620 1997 “

397 2077 528 2137 Tandem
551 2073 663 2151 aliquid
686 2075 849 2151 subjungis,
874 2091 932 2150 quo
953 2075 1003 2150 jus
1025 2083 1108 2133 tuum
1131 2078 1246 2133 asseris.
1291 2075 1356 2137 Non
1379 2093 1490 2152 pugno.
1530 2078 1662 2139 Accedat

229 2235 231 2240 Ι
308 2164 383 2224 haec
405 2166 630 2243 comparationis
652 2162 796 2238 particula
819 2181 853 2221 ex
877 2171 905 2221 te
929 2162 987 2220 iliis
1010 2165 1083 2220 mcis
1106 2165 1382 2240 comparationibus.
1426 2164 1475 2223 De
1496 2165 1661 2226 hannonia

308 2256 389 2311 euim
413 2251 588 2311 ascendente
609 2258 636 2309 et
658 2249 849 2309 desomdente
877 2248 948 2308 nihii
974 2267 1029 2325 ego
1059 2250 1118 2308 hoc
1139 2267 1242 2319 sensu,
1276 2267 1330 2309 nee
1356 2251 1391 2308 de
1412 2269 1518 2310 rerum
1540 2255 1660 2313 eruitu-

309 2341 390 2400 usne
411 2359 466 2416 per
487 2340 699 2413 harmoniam,
727 2335 864 2396 lectorem
887 2339 974 2413 igitur
998 2336 1034 2396 ad
1058 2354 1132 2414 opus
1156 2345 1248 2397 totum
1271 2340 1395 2396 remitto.
1441 2338 1497 2414 Qui
1522 2342 1546 2397 si
1571 2344 1660 2400 etiam

311 2427 367 2486 hoe
398 2431 425 2484 in
450 2426 500 2487 ilio
524 2427 682 2498 invenerit,
714 2425 800 2500 qrrale
828 2434 860 2483 tu
882 2426 996 2485 coelum
1028 2426 1137 2485 habeas
1159 2429 1193 2483 in
1215 2434 1313 2499 terra,
1345 2432 1414 2484 tunc
1437 2426 1555 2485 demum
1578 2445 1660 2487 com-

308 2525 407 2593 paret,
442 2531 518 2591 quae
547 2530 602 2588 ego
633 2513 669 2571 de
696 2512 862 2572 charactere
894 2511 1007 2571 zodiaci
1038 2516 1066 2569 in
1098 2515 1196 2572 anima
1223 2512 1373 2572 sublunari
1407 2518 1495 2589 inquo
1529 2518 1659 2574 omnium

308 2601 461 2661 hominum
486 2603 624 2661 vitalibus
648 2600 835 2659 facultatibus
851 2617 914 2657 eum
930 2599 1165 2676 philosophatus,
1185 2600 1365 2677 judicatque,
1390 2601 1504 2660 idemus
1528 2602 1660 2661 dicamus

265 2747 267 2752 .
308 2707 345 2748 an
370 2689 510 2749 diversa?
554 2688 628 2750 Nam
658 2687 737 2764 quod
761 2687 881 2747 'l'erram
907 2690 984 2747 inter
1005 2688 1101 2746 sidera
1128 2689 1194 2747 ferri
1222 2687 1324 2762 eredo,
1356 2705 1414 2746 non
1436 2691 1462 2746 is
1485 2698 1529 2748 est
1551 2699 1661 2766 ruptus

305 2782 453 2853 pociicru,
477 2776 529 2837 sed
552 2777 779 2847 astronomicus,
802 2784 835 2834 ut
857 2777 987 2852 proxime
1011 2785 1138 2834 cautum.

371 2940 374 2946 .
396 2862 449 2922 hd
475 2864 662 2941 Analysin
684 2860 787 2922 XVII.
832 2861 866 2921 In
891 2865 1099 2922 constitutione
1123 2864 1309 2920 terminorum
1329 2861 1499 2923 harmoniae
1516 2864 1659 2941 cujusque

307 2950 463 3028 descripsi,
486 2961 515 3012 te
538 2951 622 3010 fisum
646 2950 806 3023 veteribus,
830 2953 879 3025 qui
904 2949 1060 3010 credebant
1082 2953 1142 3008 vim
1164 2949 1362 3009 harmonicam
1385 2968 1448 3010 esse
1472 2969 1509 3010 ex
1531 2953 1658 3012 numeris

239 3101 245 3106 ,
307 3040 470 3102 abstractis.
515 3038 576 3117 Etsi
610 3040 686 3097 enim
717 3036 759 3097 iili
788 3036 903 3097 chordis
935 3038 1119 3115 applicarunt
1148 3039 1273 3096 unitates
1303 3038 1483 3113 longitudine
1508 3040 1656 3114 aequales,

308 3130 368 3186 vim
392 3137 569 3212 tamennon
593 3144 611 3184 a
632 3126 796 3202 quantitate
820 3127 975 3199 continua,
999 3127 1050 3184 scd
1075 3142 1248 3197 enumero,
1274 3134 1305 3183 ut
1327 3142 1480 3199 numerus,
1507 3144 1572 3186 esse
1595 3145 1658 3186 cre-

308 3213 452 3274 diderunt.
496 3212 553 3272 Por
576 3213 632 3272 hcc
655 3212 761 3289 dogma
791 3212 853 3271 fieri
876 3212 962 3272 facile
984 3221 1095 3289 potest,
1119 3222 1151 3270 ut
1174 3216 1239 3288 quis
1262 3215 1351 3272 missa
1383 3212 1562 3289 aequalitate
1585 3233 1658 3290 geo-

305 3304 426 3364 metrica
452 3303 595 3361 unitatum
625 3309 725 3359 contra
754 3301 841 3359 etiam
873 3318 983 3360 morem
1014 3310 1145 3358 veterum
1178 3299 1331 3359 delabatur
1357 3300 1395 3358 ad
1426 3303 1554 3361 unitates
1584 3319 1657 3377 geo·

306 3392 423 3449 metrice
446 3387 625 3465 inaequales.
670 3386 737 3447 Hoc
768 3389 820 3446 tibi
844 3389 1002 3463 contigisse
1025 3387 1094 3445 dixi.
1139 3385 1223 3445 Tune
1245 3386 1301 3446 hoc
1324 3383 1519 3446 aifirmas'an
1543 3388 1658 3466 negas?

308 3476 455 3538 Exordiris
484 3478 569 3553 quasi
592 3485 769 3550 negaturus,
800 3476 885 3534 affers
908 3485 1080 3550 argumenta
1101 3472 1265 3550 negationis
1295 3476 1512 3551 impertinentia
1535 3487 1658 3552 totaque

306 3567 416 3643 passim
447 3568 576 3622 oratione
608 3562 792 3621 confitentem
823 3572 851 3620 te
874 3562 982 3639 prodis.
1027 3563 1156 3622 Exhibes
1185 3564 1278 3638 primo
1300 3561 1487 3640 Pythagorae
1510 3567 1658 3640 trigonum

306 3654 501 3725 numericam,
530 3668 594 3711 non
623 3650 729 3726 figuris
756 3651 851 3725 plone
880 3653 1081 3723 mercaturiis,
1111 3650 1262 3708 recimere
1290 3650 1474 3726 formalibus
1495 3651 1656 3727 depictum,

284 3742 406 3817 itaque
430 3740 467 3798 ab
491 3740 645 3797 abstractis
668 3742 794 3796 nutrieris
817 3740 912 3812 ipsum
937 3736 1023 3812 louge
1046 3737 1153 3796 distare
1176 3736 1335 3797 contendis.
1381 3738 1488 3813 Atqui,
1518 3738 1655 3812 Roberte,

302 3827 366 3903 jam
389 3827 444 3885 hoc
473 3833 518 3884 est
546 3825 672 3902 amplius
702 3823 828 3901 aliquid,
859 3844 946 3900 quum
977 3825 1099 3884 formare
1123 3826 1260 3883 terminos
1282 3823 1468 3899 harmoniam
1501 3836 1545 3885 est
1580 3829 1656 3886 enim

246 3957 249 3966 .
305 3914 445 3974 formatos
470 3912 578 3973 dudum
602 3911 750 3989 applicare
774 3912 869 3985 rebus,
894 3912 930 3971 de
954 3930 1013 3989 qua
1035 3912 1105 3970 mihi
1130 3929 1218 3989 opera
1240 3928 1334 3970 sermo
1357 3929 1414 3969 uon
1438 3913 1500 3971 init.
1549 3913 1584 3973 iit
1608 3932 1657 3973 cur

305 4015 352 4061 me
375 4001 483 4062 refutas
513 4008 546 4060 nt
573 4005 740 4075 negantem,
773 4001 822 4076 qui
852 4000 926 4075 legis
958 4000 1128 4059 affirmantis
1160 4000 1265 4072 rerba,
1297 4001 1477 4059 tenuitates
1508 4001 1656 4077 applicare

307 4092 405 4163 rebus,
431 4087 509 4165 quod
533 4099 670 4149 estuans
695 4106 730 4147 ex
753 4088 899 4147 abstracto
922 4095 1086 4147 concretum
1110 4086 1227 4145 iacere?

395 4176 489 4253 Quam
520 4178 609 4252 igitur
632 4181 664 4233 tu
685 4174 732 4233 hie
754 4174 841 4251 plena
864 4176 972 4252 pagina
995 4177 1046 4234 26.
1079 4176 1165 4235 infers
1189 4173 1404 4251 philosophiam
1428 4163 1656 4252 Pythagoricam

306 4263 341 4325 de
369 4265 514 4343 mysteriis
536 4265 744 4339 trigonicorum
766 4280 951 4322 numerorum
978 4266 1009 4334 1,
1035 4265 1067 4334 3,
1094 4264 1129 4335 6,
1157 4262 1204 4330 tu,
1227 4278 1366 4319 casuum
1390 4271 1515 4320 meretur
1538 4264 1656 4323 laudem

305 4350 370 4409 loco
403 4368 456 4411 suo
490 4370 507 4410 a
535 4350 721 4427 peritioribus
749 4349 836 4424 hujus
865 4350 1071 4427 philosophiae
1103 4366 1190 4426 quam
1219 4365 1284 4406 sum
1313 4344 1392 4424 ego.¹
1432 4349 1500 4408 Mea
1536 4349 1654 4427 quidem

304 4438 377 4500 bace
401 4440 504 4498 messis
535 4445 676 4511 nonest,
707 4454 761 4495 nce
785 4456 820 4495 ea
849 4437 977 4514 indigeo.
1022 4439 1125 4516 Spicas
1156 4446 1251 4494 tamen
1272 4436 1389 4513 aliquas
1419 4439 1530 4513 passim
1558 4437 1656 4510 lugere

304 4527 432 4603 expedit.
481 4523 603 4585 Gradus
623 4528 840 4601 progressionis
861 4526 981 4604 formae
1003 4529 1036 4583 in
1059 4533 1176 4583 statura
1200 4524 1238 4581 ab
1258 4526 1483 4601 imperfectione
1505 4525 1548 4582 ud
1568 4544 1655 4584 sum-

303 4631 385 4673 mum
406 4613 621 4691 perfectionem
644 4612 776 4689 appellas
795 4615 1006 4689 proportiones
1026 4612 1179 4690 formales.
1225 4610 1311 4670 Hunc
1340 4605 1565 4671 numerum'ais
1587 4615 1655 4690 for-

303 4702 428 4774 malem,
452 4719 521 4759 vere
544 4704 680 4777 gneum,
711 4704 827 4759 rationi
846 4701 1135 4777 familiarissimum.
1182 4698 1272 4771 Vide,
1301 4717 1359 4776 qua
1381 4715 1411 4758 re
1436 4702 1653 4759 conveniamus,

303 4788 376 4847 Mihi
405 4790 511 4848 meritis
539 4797 568 4847 ct
597 4789 625 4846 in
655 4806 691 4847 ea
719 4789 915 4863 qruouitatum
947 4797 976 4846 et
1004 4787 1119 4860 circuli,
1153 4788 1205 4846 tibi
1234 4794 1355 4845 naturae
1386 4789 1552 4863 generantis
1583 4805 1653 4863 opes

302 4876 498 4954 praecedunt,
529 4894 602 4951 quas
625 4877 756 4951 sequitur
778 4879 914 4951 utrinque.
938 4892 1084 4936 numerus.
1132 4876 1167 4932 Et
1190 4884 1220 4931 ut
1243 4891 1298 4948 ego
1324 4878 1387 4933 sine
1411 4877 1576 4951 quantitate
1600 4876 1653 4934 dc·

271 4965 278 4975 '
303 4967 459 5025 terminata
483 4965 511 5021 in
536 4973 640 5043 monte,
664 4965 706 5021 sic
729 4970 759 5021 tu
783 4966 844 5022 siue
868 4960 960 5039 gradu
984 4972 1061 5022 certo
1086 4964 1297 5039 progressionis
1322 4964 1350 5019 in
1373 4971 1485 5037 natura,
1512 4965 1653 5021 unitatem

245 5122 247 5128 Ι
295 5053 415 5112 'nullam
440 5055 636 5128 agnoscimus.
681 5050 805 5127 Propior
826 5059 923 5110 tamen
947 5068 1012 5109 sum
1035 5069 1089 5127 ego
1118 5049 1320 5128 philosophiae
1344 5049 1457 5123 Proeii,
1490 5053 1540 5126 qui
1566 5048 1652 5109 Jam-

302 5139 401 5202 blicbo
425 5149 476 5199 tuo
499 5141 642 5214 posterior
664 5138 732 5211 suit,
764 5142 814 5214 qui
846 5138 962 5197 tituium
992 5138 1074 5196 iilum
1105 5157 1173 5197 rere
1195 5141 1277 5213 ignei
1306 5138 1343 5197 ad
1367 5148 1492 5197 mentem
1516 5137 1652 5209 traducit,

301 5248 393 5305 uapor
415 5252 517 5305 rorum
543 5227 753 5301 inculcatione3
785 5236 850 5285 tuas
880 5243 950 5285 vcro
981 5230 1201 5285 maturatio-nes
1228 5232 1256 5282 et
1275 5226 1469 5301 perfectiones
1497 5226 1601 5300 abjicit
1624 5228 1651 5282 in

299 5339 370 5394 pera
394 5339 470 5388 κυμα
491 5318 720 5392 drrpupiormioro
744 5317 887 5391 resedire.

387 5404 486 5479 Atque
509 5402 576 5461 hinc
601 5403 646 5460 vel
670 5404 794 5461 maxime
810 5400 984 5473 demonstro,
1008 5401 1119 5459 nuliam
1140 5398 1287 5459 doctrinae
1303 5410 1371 5459 tuae
1386 5400 1522 5476 injuriam
1539 5399 1651 5458 iliatam

301 5504 319 5546 a
342 5492 415 5550 meis
439 5490 714 5567 comparationibus,
739 5481 815 5548 dum*
830 5506 885 5566 ego
902 5505 983 5548 meos
998 5489 1213 5547 harmoniarum
1231 5490 1368 5547 terminos
1391 5487 1509 5564 appeiio
1533 5487 1651 5546 matbe-

301 5579 432 5650 maticcs,
456 5586 523 5635 tuos
536 5593 604 5637 aero
621 5579 840 5654 aenigmaticos,
865 5579 968 5655 pictos,
989 5576 1181 5635 Hermeticos.
1219 5574 1293 5634 Nam
1310 5592 1367 5633 non
1383 5593 1447 5634 esse
1462 5576 1651 5636 mathemati-

301 5677 361 5740 eos,
383 5664 471 5726 facilc
495 5671 539 5723 est
562 5663 678 5723 exiliis
701 5655 760 5723 tui's
782 5664 921 5741 gradibus
943 5665 1153 5742 perfectionum
1176 5667 1205 5722 in
1228 5672 1333 5723 natura
1356 5658 1618 5746 demonstrarem)
1667 5680 1670 5684 ·
