3684 7259
698 1225 878 1284 Harmonicis.
894 1253 897 1258 <
914 1227 996 1285 Liber
1013 1224 1063 1285 ΙΙΙ,
1466 1246 1475 1254 ’
1493 1239 1553 1300 181

191 1393 348 1464 habebant
364 1425 417 1483 pro
439 1409 566 1467 maxima
588 1408 757 1485 systematis
789 1407 960 1487 harmonia,
988 1416 1090 1485 estque
1118 1409 1166 1467 bic
1194 1408 1342 1484 secunds3
1369 1387 1455 1470 tertie
1483 1413 1558 1473 inter
1618 1461 1624 1474 .

190 1495 222 1638 ξ,
246 1495 264 1551 3
289 1493 444 1595 diapente3
468 1503 498 1555 et
519 1504 624 1572 quarta
647 1497 720 1555 inter
745 1498 772 1569 3,
797 1498 817 1553 4
841 1497 1031 1557 diatessaron.
1075 1497 1137 1556 Nec
1159 1495 1256 1575 plures
1280 1499 1479 1573 agnoscebant
1500 1501 1558 1586 ipsi

176 1623 179 1628 ·
212 1597 368 1640 armonias.

278 1667 362 1728 Haec
384 1687 420 1729 er
442 1687 508 1730 mea
530 1678 635 1730 mente.
688 1669 728 1728 At
748 1669 785 1730 de
808 1670 911 1731 eadem
934 1677 1059 1748 tetraoty
1088 1670 1177 1747 paulo
1209 1672 1294 1731 aliter
1326 1670 1348 1732 J
1356 1673 1557 1734 oachimna
1667 1704 1670 1711 ·

194 1754 443 1830 Camerarius,
473 1776 529 1817 nec
552 1759 640 1836 paulo
664 1760 785 1827 rectius,
819 1760 876 1815 nisi
897 1754 993 1836 ipsn'm
1017 1758 1119 1839 lelellit
1141 1758 1292 1836 multiplex
1316 1758 1403 1819 lectio
1426 1770 1558 1821 veterum
1647 1835 1648 1838 Ἴ

192 1852 359 1917 anctorum,
384 1848 434 1920 qni
449 1848 477 1902 in
493 1844 615 1905 Graecis
637 1848 851 1904 commentariis
865 1844 904 1904 ad
919 1863 1009 1905 aures
1024 1845 1209 1924 Pythagorae
1233 1846 1369 1906 Carmina
1384 1851 1426 1907 sic
1440 1849 1558 1907 scribit:

193 1925 319 1980 Primum
337 1927 378 1981 dli
394 1930 573 1999 sinquloriter
590 1928 733 1984 domarim
757 1928 865 1983 numeri
881 1930 1013 1984 meabulo
1037 1929 1230 1999 desiqrrarnnt,
1259 1946 1311 1999 quo
1329 1947 1411 1985 sensu
1427 1930 1511 1992 Plato
1528 1932 1560 1987 iri

193 1995 341 2051 Phaedone
362 1998 449 2064 tran,
477 2000 550 2068 quoa
568 2000 674 2052 numeri
700 2000 818 2053 sentens
844 2000 989 2069 uniuersus
1010 2000 1046 2053 sit
1063 1999 1161 2068 impar.
1197 1998 1398 2069 Describuntur
1415 2001 1559 2125 ‘maim

193 2083 367 2120 numerorum
386 2066 497 2123 drdiries
514 2069 549 2123 ab
567 2069 674 2123 unitate
692 2068 731 2122 ad
748 2069 892 2123 denarium
911 2067 1038 2135 alternis,
1058 2069 1111 2122 erit
1128 2085 1200 2129 unus
1218 2068 1287 2124 ordo
1304 2070 1467 2139 imparium,
1517 2078 1560 2127 ter

190 2138 304 2203 parium
321 2138 352 2191 in
370 2138 443 2196 bunc
460 2139 585 2207 modum:
605 2146 626 2206 1,
647 2143 672 2205 3,
691 2145 716 2204 6,
737 2143 760 2205 t,
797 2144 820 2189 9Ι
858 2136 985 2204 (Summa
1003 2143 1045 2205 66,
1064 2139 1163 2207 impar,
1182 2139 1333 2207 quadratus
1345 2141 1476 2209 quinarii,
1495 2147 1561 2211 quot

449 2244 453 2250 .
602 2212 627 2289 6,
646 2215 671 2277 1,
690 2214 715 2273 6,
734 2212 759 2275 8,
780 2214 819 2261 16.
1057 2225 1093 2263 66.
1114 2215 1193 2263 erant
1211 2210 1351 2290 impares.)

286 2276 333 2331 Vel
351 2278 451 2335 omissa
468 2280 576 2334 unitate
593 2284 625 2333 ut
637 2278 788 2347 principio,
806 2284 833 2333 et
850 2278 966 2334 denario
983 2284 1015 2334 ut
1032 2277 1216 2347 sidqulariltr·
1227 2278 1300 2334 dicto
1318 2293 1440 2348 numero,
1457 2281 1515 2335 sic:

408 2354 411 2361 ·
557 2353 714 2415 bib&

559 2416 589 2487 3‚'
604 2424 628 2484 6,
649 2424 672 2484 t,
691 2421 716 2471 9.
752 2416 879 2483 (Summo
896 2422 930 2468 61
945 2418 1022 2487 par.)

280 2486 343 2541 Hoc
353 2487 423 2541 iilud
434 2490 572 2557 aeniprna:
589 2489 710 2558 inrparia
725 2503 783 2541 esse
795 2489 890 2557 paria·
927 2487 1036 2558 Simpuli
1048 2488 1119 2542 enim
1132 2503 1166 2543 es
1183 2493 1208 2555 6,
1228 2493 1253 2555 6,
1272 2493 1297 2554 l,
1316 2493 1331 2539 9
1350 2495 1415 2544 sunt
1431 2490 1559 2559 impares,

196 2561 224 2609 at
243 2572 336 2612 ornnes
352 2564 417 2612 sunt
429 2560 499 2628 pari
514 2575 629 2629 nurnero
647 2563 777 2628 quatuor.
813 2557 866 2623 (Et
882 2574 991 2612 memma
1008 2563 1041 2609 61
1055 2559 1133 2628 par.)
1278 2597 1280 2605 ,

280 2626 374 2697 iqitur
391 2627 521 2683 denarius
534 2629 713 2709 peculiariter
730 2644 859 2683 susurres
878 2628 1113 2698 antlsoqoraeis
1126 2628 1229 2695 dictus,
1248 2629 1330 2683 babet
1348 2630 1398 2684 bac
1405 2633 1560 2700 proprium,

195 2696 267 2764 quod
284 2697 423 2768 eolliqitur
441 2705 598 2753 eaunrtate
616 2697 726 2767 eiusque
743 2698 881 2754 continuis
897 2699 1093 2766 multiplicibus
1110 2715 1194 2767 usque
1206 2698 1244 2753 od
1261 2701 1475 2767 quaternarium
1512 2699 1562 2757 Fit

196 2767 266 2819 enim
282 2768 454 2835 trianqulum
470 2768 609 2822 numerale
628 2769 837 2837 aequilaterum,
866 2766 946 2835 cuius
964 2769 1039 2823 bases
1056 2774 1095 2822 est
1113 2770 1324 2837 quaternarius,
1347 2775 1441 2824 certes
1458 2770 1561 2827 unitas,

195 2834 242 2889 Ea
259 2853 290 2890 eo
308 2836 490 2907 Pytbaqorici
506 2854 649 2892 numerium
666 2853 772 2892 amnon
788 2838 995 2961 oprppellamunt
1012 2843 1155 2907 tetrastyn.
1259 2839 1350 2892 licatis
1367 2840 1439 2893 enim
1452 2842 1562 2908 primae

160 2926 163 2929 ·
195 2907 337 2976 tetractpis
353 2908 493 2973 lateribus,
509 2909 543 2975 fit
559 2910 648 2962 adera
665 2914 798 2976 tetractys
842 2909 1006 2977 ytlraqorica
1022 2909 1130 2962 numeri
1147 2912 1190 2975 36,
1209 2908 1421 2963 eeebratissimo
1439 2916 1465 2965 et
1482 2910 1562 2966 undi-

195 2992 299 3099 qttiaque
324 2978 471 3031 utilissima
516 2994 577 3032 enes
602 2978 707 3047 ipsos„
721 2978 846 3047 triponus
866 2994 902 3031 sc.
921 2979 1093 3045 numericus,
1119 2976 1199 3045 ossius
1226 2979 1299 3032 basis
1327 2984 1367 3033 est
1394 2981 1561 3036 octonariam.

226 3063 244 3099 a

195 3116 225 3168 in
241 3063 393 3186 dqudramn
410 3116 492 3184 ltaque
509 3119 617 3172 numeri
634 3117 861 3187 dispositionibus
877 3117 1055 3172 inueniuntur
1072 3117 1103 3170 iti
1119 3118 1226 3171 numeri
1247 3122 1290 3183 16,
1310 3123 1340 3184 9,
1360 3123 1374 3167 6
1382 3110 1390 3184 ,’
1411 3124 1438 3187 6,
1466 3118 1564 3188 qartus

195 3188 316 3240 nunwris
332 3202 424 3240 omnes
441 3188 617 3244 harmonicas
633 3187 829 3242 consonantias
846 3188 994 3241 secundum
1006 3188 1203 3257 proportiones
1220 3188 1428 3242 intervallorum
1445 3204 1563 3257 eompre-

195 3254 291 3310 densas
310 3272 366 3311 cese
384 3257 614 3315 demomtrarunt.
651 3257 706 3313 list
723 3258 794 3311 enin
811 3273 942 3311 numerus
960 3262 992 3307 66
1011 3257 1172 3326 quadratus,
1191 3256 1301 3326 eiusque
1318 3258 1392 3312 latus
1406 3264 1430 3324 6,
1449 3264 1489 3313 est
1515 3259 1564 3325 tri·

194 3327 316 3393 panicus,
334 3325 413 3393 cujus
430 3328 505 3382 latus
523 3332 552 3394 6,
572 3334 612 3382 est
630 3328 761 3397 oblonqus
777 3328 966 3397 reetanqulus,
985 3326 1064 3395 estius
1081 3326 1223 3409 leuqitudo
1242 3332 1257 3377 9
1277 3334 1302 3382 et
1320 3328 1411 3382 altem
1429 3327 1489 3394 eius
1506 3329 1564 3383 lon·

213 3396 289 3449 itudo
310 3401 341 3446 16
361 3398 469 3461 (nocem
487 3398 557 3450 enirn
575 3405 672 3465 quater
689 3404 715 3451 et
732 3395 874 3451 duodecim
889 3403 932 3450 ter
948 3398 1202 3466 facinorosusque
1220 3398 1275 3462 66).
1293 3395 1369 3451 1)66’
1388 3414 1420 3451 ue
1437 3396 1565 3465 6666666666

195 3412 238 3517 dis
255 3471 280 3531 6,
299 3472 324 3532 6,
344 3471 368 3532 9,
391 3472 421 3516 16
436 3467 467 3520 in
483 3484 568 3520 unam
585 3483 727 3534 summam,
746 3467 839 3521 existit
848 3482 978 3521 numerus
987 3470 1029 3534 66,
1047 3466 1194 3520 harmonia
1211 3465 1301 3521 duetus
1319 3482 1337 3520 6
1382 3467 1567 3549 pllicporr'eis:

197 3536 240 3587 cui
257 3538 353 3590 unitas
370 3537 469 3591 addita
486 3553 596 3591 rursum
614 3538 730 3591 absoluit
749 3552 893 3591 nunremm
910 3541 952 3589 66.
990 3537 1117 3605 Aneplius
1133 3552 1320 3604 numerorum,
1343 3552 1391 3605 qus
1408 3551 1443 3591 en
1460 3544 1566 3593 666666·

197 3604 321 3660 dentibus
339 3607 436 3661 ordine
452 3608 578 3661 naturali
594 3613 659 3661 sunt
676 3607 781 3662 collecti
805 3607 848 3672 (id
864 3614 904 3661 est
921 3621 956 3661 66
974 3606 1117 3677 6666666666
1137 3612 1161 3672 1,
1179 3610 1204 3674 6,
1224 3612 1248 3673 6,
1270 3612 1310 3674 16,
1331 3613 1372 3674 16,
1390 3610 1434 3673 61,
1452 3609 1507 3674 68),
1531 3612 1565 3660 66

194 3676 306 3740 pomus
335 3678 374 3741 (et
401 3678 475 3731 salus
512 3678 589 3731 intra
618 3678 697 3743 1666)
724 3682 763 3731 est
788 3677 942 3746 quadratus
966 3677 1098 3745 habetque
1124 3676 1198 3730 latus
1216 3682 1247 3743 6,
1271 3676 1393 3745 primm
1415 3681 1567 3747 perlectum

199 3744 387 3813 (compositum
405 3747 504 3800 scilicet
522 3763 557 3799 ex
575 3748 700 3802 omnibus
717 3747 775 3802 seris
787 3748 917 3817 partibus
941 3747 1072 3818 aliqualis
1090 3751 1114 3812 3,
1134 3750 1149 3795 6
1168 3752 1194 3801 et
1214 3748 1249 3812 l).
1287 3746 1366 3802 Idem
1383 3748 1465 3802 etiam
1483 3748 1566 3816 confi·

198 3814 268 3867 citur
285 3815 512 3884 multiplicatione
530 3817 647 3870 duorum
663 3818 819 3885 primorum
837 3816 1037 3892 quadratorum
1055 3823 1069 3865 1
1090 3822 1115 3869 et
1134 3820 1158 3868 9.
1194 3816 1274 3871 Idem
1298 3816 1480 3887 eoliiqituret
1496 3832 1566 3872 com·

195 3886 309 3949 ponitur
327 3902 360 3940 ea
377 3886 484 3940 duobus
497 3888 598 3954 primis
615 3888 691 3941 cubis
709 3891 724 3936 8
743 3893 768 3941 et
786 3892 819 3936 61
845 3902 906 3941 cum
923 3886 1156 3954 unitateeubica.
1187 3886 1309 3956 Propter
1325 3903 1405 3941 usum
1423 3893 1480 3941 tam
1497 3886 1565 3942 mul·

198 3954 219 4006 ti
248 3956 314 4008 icem
330 3955 413 4024 mous
430 3957 624 4024 speculationis
640 3963 771 4025 tetractys
788 3958 845 4012 isla
857 3973 877 4010 a
887 3956 1093 4025 Pqtbaqoraeis
1103 3956 1322 4011 consideratione
1340 3963 1365 4011 et
1382 3956 1567 4012 admiratione
1614 3988 1615 3991 =

263 4041 283 4077 a
299 4026 355 4091 (uit
371 4027 468 4080 babila
485 4026 557 4081 inter
569 4027 691 4095 primas;
709 4028 802 4095 itaque
819 4032 1054 4081 transsumserunt
1071 4025 1148 4079 66616
1165 4025 1203 4079 ad
1213 4027 1331 4097 physica
1342 4028 1511 4095 maaimeque
1528 4025 1567 4091 a(l

200 4109 213 4146 c
260 4096 452 4177 emplationem
470 4097 586 4162 animae,
605 4113 655 4150 nec
671 4097 762 4153 minus
779 4096 818 4149 ad
829 4096 918 4152 clirico
931 4102 957 4151 et
975 4095 1179 4155 admismcerunt
1201 4097 1350 4167 lbeoloqica
1369 4096 1471 4165 aliqua.
1490 4095 1566 4150 Nam

244 4162 425 4234 lt'qirplranius
440 4182 474 4220 ex
491 4165 610 4220 Irenaeo
629 4173 726 4220 eontra
748 4166 957 4221 Valentinianos
975 4165 1102 4232 ostendit,
1124 4163 1315 4231 iuramentum
1330 4167 1452 4234 fecerunt
1469 4171 1567 4221 tetrac-

202 4240 263 4302 tpn:
281 4236 369 4289 intell'
401 4237 469 4291 bant
486 4243 577 4290 autern
590 4252 643 4305 per
659 4238 710 4291 illa
727 4242 859 4306 qrcatuor:
876 4236 1002 4302 fundum,
1020 4235 1167 4300 silentim,
1184 4242 1307 4302 mentem,
1325 4233 1474 4290 oeritdtem.
1503 4233 1570 4291 Etsi

202 4251 416 4360 mcarminidds
432 4307 524 4360 aureis
544 4304 701 4373 juramenti
716 4307 839 4374 {morula
856 4322 912 4361 non
931 4312 970 4360 est
988 4312 1119 4374 tetraetps
1135 4306 1210 4374 ipro,
1237 4306 1285 4360 sed
1303 4307 1366 4372 ille,
1392 4306 1441 4375 qui
1485 4319 1515 4359 er
1531 4310 1569 4360 te·

202 4379 310 4444 tracturi
327 4376 450 4431 collibuit
467 4378 577 4430 animae
619 4378 798 4431 erennitatem
816 4377 955 4431 essentiae.
991 4376 1149 4430 Animalern
1166 4376 1273 4444 quidem
1300 4382 1436 4445 tetractpn
1482 4376 1568 4432 lutae·-

202 4443 265 4500 elrus
278 4446 392 4515 physice
463 4446 563 4514 licaoit,
630 4449 666 4501 sit
685 4462 787 4511 sensus,
807 4446 910 4514 opinio,
928 4446 1050 4511 scientio,
1069 4461 1161 4541 me‘r‘rm
1180 4445 1341 4515 addiditque
1358 4461 1465 4501 ameum

286 4523 552 4641 nnmtnmiill
571 4521 1137 4664 inimititi'ttttttttltn
1160 4585 1416 4640 noan-nnn.-
1443 4584 1569 4666 nien

202 4657 314 4722 unitate,
329 4673 382 4724 per
400 4658 551 4710 ternariam
568 4657 703 4711 rationem
716 4654 862 4723 producta,
880 4655 987 4708 unitate
1000 4654 1215 4722 adimplendum
1226 4656 1399 4709 intervallum
1410 4655 1441 4709 in
1452 4654 1571 4710 medium

202 4733 342 4795 assumpta
367 4727 603 4796 quatencariisque
629 4728 730 4780 circum
757 4725 840 4779 veluti
857 4724 937 4779 lineis
954 4725 1035 4779 rectis
1060 4731 1153 4793 septa,
1179 4727 1218 4779 sic
1237 4725 1348 4780 tandem
1366 4730 1497 4795 tetractys
1513 4725 1570 4780 ista

201 4794 345 4849 &narium
362 4798 477 4863 eficiat:
504 4813 563 4851 cum
589 4797 652 4865 ipsa
670 4796 706 4849 sit
723 4794 774 4847 boe
796 4800 880 4864 pacto
901 4795 1003 4849 'testim
1021 4791 1192 4863 triqonor'urn
1218 4796 1248 4848 in
1271 4795 1375 4864 qenesi:
1403 4790 1492 4860 (Nam
1504 4800 1570 4865 post
1600 4830 1602 4837 ι

201 4867 334 4919 unitatem
346 4867 456 4934 primm
473 4868 598 4935 triponus
616 4872 655 4920 est
673 4869 699 4929 3,
717 4863 797 4931 cnjus
814 4864 888 4918 basis
905 4868 931 4931 6,
958 4863 1091 4919 secmrdus
1110 4869 1139 4931 6,‘
1153 4863 1231 4931 errius
1249 4865 1322 4919 bases
1340 4869 1370 4932 3,
1429 4880 1507 4918 orum
1525 4880 1569 4919 66-

201 4937 313 4989 teriores
331 4942 424 4990 ternae
441 4938 529 4990 lineas
545 4938 571 4990 si
590 4936 702 4990 duxeras
715 4949 769 5002 per
781 4941 889 5003 puncta
906 4935 963 4988 illic
980 4934 1043 5000 duo,
1062 4935 1106 4988 bic
1123 4936 1186 5000 tria,
1206 4935 1344 5003 triponnm
1419 4934 1569 5001 mirantia,

201 5006 362 5075 relinquitur
379 5008 410 5061 in
427 5007 515 5060 medio
533 5008 617 5071 nibil‚·
636 5005 733 5060 tertius
750 5020 814 5059 aero
831 5005 957 5085 tripanus
977 5011 1018 5071 16,
1037 5005 1096 5059 basi
1114 5011 1144 5070 t,
1163 5005 1188 5059 si
1205 5005 1263 5057 loco
1277 5011 1444 5073 punctorum
1462 5010 1570 5073 qnater·

200 5090 297 5129 norum
313 5076 400 5131 lineas
418 5077 541 5146 sinqulas
559 5077 692 5144 acceperit
712 5076 831 5129 caterius
851 5080 1062 5129 circumeuntes:
1088 5074 1257 5143 relinquetur
1275 5075 1306 5128 in
1332 5074 1421 5128 medio
1435 5079 1570 5143 punctum

201 5160 291 5212 unum,
310 5148 385 5215 quod
401 5146 439 5201 ad
455 5148 560 5200 nullam
576 5146 755 5215 fiqurantium
773 5145 909 5198 linearum
922 5145 1056 5213 pertinet,
1076 5143 1124 5197 sed
1141 5144 1257 5199 interius
1274 5144 1403 5213 spatium,
1421 5143 1505 5199 aelecti
1521 5158 1570 5200 car

201 5222 249 5268 aut
265 5218 398 5283 nucleum,
418 5217 587 5281 adumbrat)
624 5215 688 5270 Hac
706 5214 739 5268 de
756 5230 841 5269 causa
858 5214 1049 5284 Pptiraqwaei
1066 5212 1193 5267 decadem

406 5283 1193 5421 sittttitlmttttttttlttdtn
1204 5352 1221 5379 u

201 5434 230 5479 ut
247 5427 288 5480 cil
305 5426 431 5481 Procius.
455 5427 546 5495 Atque
563 5427 625 5496 ipsa
643 5425 732 5479 666616
743 5426 888 5478 unitatum
905 5422 1110 5492 consummatio,
1129 5435 1165 5475 sc.
1184 5392 1315 5475 denarim
1333 5434 1366 5475 66
1383 5420 1434 5476 bac
1451 5426 1569 5491 tetraclp

201 5498 331 5564 callemus,
350 5498 489 5553 continere
507 5503 532 5550 et
550 5496 688 5551 absoluere
706 5511 753 5549 seu
771 5507 958 5549 consummare
982 5492 1189 5545 coornationem
1207 5492 1292 5547 totius
1309 5492 1431 5545 uniuersi
1448 5489 1570 5546 traditus

201 5573 238 5621 est
256 5583 274 5619 a
292 5566 512 5637 Pytlraqoraeis,
541 5582 609 5635 quos
627 5572 652 5619 et
664 5565 748 5619 Plato
760 5561 908 5632 sequitur«
928 5560 1003 5615 Nam
1023 5566 1035 5610 1
1055 5560 1220 5617 universitas
1240 5562 1318 5629 facta
1336 5565 1375 5615 est
1393 5575 1526 5630 corporea
1543 5565 1569 5616 sl

199 5636 312 5704 meua,
332 5642 347 5687 6
367 5640 487 5691 continet
505 5637 612 5702 omnia,
631 5652 701 5704 quae
718 5640 782 5689 sunt
799 5634 830 5686 in
846 5634 923 5701 ipsm
942 5631 1175 5699 indissolubiliter,
1197 5639 1250 5702 'per
1266 5631 1404 5711 vinculum
1422 5631 1569 5701 analopiae

199 5723 438 5775 muconmensus,
475 5712 640 5774 itotaest,
666 5707 766 5777 quippe
788 5719 822 5787 66
848 5704 914 5761 telis
940 5702 1084 5769 docentis,
1118 5700 1379 5771 sectandamque
1403 5704 1568 5772 cornuam,

1353 5790 1403 5852 90

314 3047 345 3099 in
362 3047 456 3101 multis
534 3048 754 3103 anstrationebus
770 3047 815 3101 usi
832 3054 896 3101 sunt
913 3063 1026 3102 numero
1045 3052 1087 3113 36,
1106 3048 1225 3101 manime
1241 3048 1272 3101 in
1290 3047 1464 3104 harmonicis.
1487 3049 1564 3113 Nam
1664 3058 1667 3063 ’
1724 3109 1731 3123 x
