3684 7259
753 1208 837 1264 Liber
852 1208 901 1264 ill.
921 1208 1010 1278 Caput
1027 1208 1100 1264 v111.
1540 1212 1601 1272 ddi

253 1382 424 1453 expressisse
448 1381 534 1450 magis
559 1381 723 1450 emphatice,
751 1398 813 1438 cnm
839 1381 888 1437 ait:
920 1397 1049 1439 numeros
1067 1382 1173 1439 animae
1191 1382 1343 1439 mundanae
1369 1382 1477 1450 penitus
1503 1383 1604 1438 inditos

253 1477 364 1522 musam
386 1464 517 1531 praebere
535 1469 563 1514 ct
575 1461 702 1516 mundani
720 1470 811 1518 motus
830 1472 858 1515 ct
875 1463 995 1516 musicae
1013 1462 1203 1517 continentiae.
1240 1461 1307 1513 ltem
1331 1459 1396 1513 alibi
1414 1458 1482 1514 haec
1500 1461 1528 1513 in
1546 1477 1604 1515 cor·

254 1555 322 1610 pore
340 1540 433 1594 mundi
450 1538 594 1594 intervalla
613 1556 673 1593 esse
697 1539 731 1595 sd
749 1540 896 1609 imaginem
914 1542 1096 1597 contextionis
1115 1542 1232 1606 animae,
1252 1538 1324 1607 quod
1337 1546 1427 1593 tamen
1445 1540 1532 1608 magis
1543 1556 1605 1616 per·¹

252 1619 322 1675 tinet
339 1621 374 1675 ad
393 1637 451 1689 cap.
473 1621 514 1675 tl.
1472 1629 1495 1688 ,¹

338 1699 412 1753 Nota
430 1699 477 1752 lX.
513 1698 604 1751 Etiam
629 1699 655 1751 in
675 1698 794 1752 secundo
819 1697 870 1751 hoc
888 1687 1047 1766 ar'gnmento
1071 1696 1221 1753 condensat
1239 1698 1392 1767 emphases.
1428 1697 1496 1754 Nam
1516 1705 1543 1752 et
1561 1712 1603 1752 or-

252 1776 344 1831 dinata
368 1777 529 1845 regularitas
554 1778 680 1845 utrinque
704 1777 856 1832 inculcatur
880 1778 981 1845 obiter,
1009 1788 1037 1832 et
1060 1777 1198 1833 circularis
1217 1778 1348 1833 connexio
1374 1777 1487 1846 prolixe.
1522 1774 1603 1844 Dicit,

252 1855 323 1908 sicut
342 1856 474 1911 motiones
493 1854 626 1909 coelestes
645 1855 795 1922 (zoffiacnm
814 1867 904 1911 antem
924 1859 1070 1922 circulum,
1094 1858 1145 1913 snb
1164 1874 1218 1924 quo
1236 1856 1299 1911 illae
1316 1855 1455 1923 incedunt,
1471 1853 1601 1916 subintel·

252 1931 353 1999 telligel
371 1933 399 1986 in
418 1948 447 1987 se
464 1933 539 2001 ipsas
557 1931 674 1987 reflexae
692 1935 754 2001 siut,
774 1936 812 1990 sic
825 1936 906 1990 etiam
922 1938 949 1990 in
960 1944 1105 2005 systemate
1118 1936 1240 2005 perlecto
1255 1950 1385 1990 sonorum
1398 1933 1519 2000 ordinem
1537 1948 1601 2001 qno·

252 2010 394 2065 dammodo
412 2012 440 2065 in
458 2028 488 2066 se
506 2013 594 2081 ipsum
612 2012 707 2082 redire,
727 2031 780 2069 non
798 2023 889 2070 tamen
902 2015 1063 2071 omnimode.

339 2092 411 2145 Nota
428 2092 462 2146 X.
498 2093 569 2146 Nam
586 2091 697 2160 plancta
715 2092 823 2160 quidem
848 2110 976 2148 emensus
1002 2102 1089 2149 totum
1117 2092 1222 2149 zodiaci
1245 2093 1363 2162 spatium
1389 2092 1461 2147 redit
1484 2094 1512 2149 in
1535 2090 1602 2148 illud

252 2168 342 2238 ipsum
360 2179 501 2239 punctum,
519 2170 570 2225 sub
589 2187 642 2239 quo
661 2172 823 2227 constiterat
839 2173 924 2240 initio,
943 2176 972 2229 et
988 2173 1088 2241 inipso
1102 2172 1213 2227 zodiaco
1231 2171 1336 2227 initium
1355 2179 1381 2226 et
1395 2172 1456 2225 linis
1469 2178 1533 2226 sunt
1545 2170 1601 2224 uni·

252 2262 313 2300 cum
332 2256 359 2301 et
378 2249 458 2317 plane
476 2250 622 2305 identieum
640 2258 786 2320 puuctum;
807 2261 835 2306 at
852 2254 880 2306 in
898 2251 972 2322 lyrae
990 2252 1065 2307 sonis
1084 2266 1172 2321 neque
1189 2252 1250 2307 loco
1273 2266 1361 2319 neque
1379 2258 1514 2321 potestate
1532 2250 1601 2304 idem

253 2326 334 2396 plane
354 2338 397 2383 est
415 2330 520 2385 initium
539 2346 600 2385 cnm
619 2330 680 2385 fine.
717 2331 840 2387 Chordae
859 2333 930 2386 euim
948 2331 1096 2401 parallelae
1114 2333 1187 2386 inter
1199 2346 1229 2385 se
1246 2337 1342 2385 tensae
1360 2337 1425 2386 sunt
1437 2331 1529 2385 ordine
1543 2345 1601 2392 sno,

252 2423 268 2460 a
286 2406 404 2461 sinistris
422 2408 457 2461 ad
477 2408 588 2463 dextras
608 2408 683 2463 relnt
699 2408 727 2463 in
744 2409 842 2465 lineam
861 2418 963 2465 rectam
976 2411 1149 2479 procedente,
1168 2409 1215 2463 nbi
1226 2408 1383 2478 longissime
1404 2408 1488 2463 distat
1498 2407 1600 2468 initium

253 2500 270 2538 s
289 2485 352 2541 fine.
390 2487 485 2541 Ordiui
503 2487 633 2542 linearum
652 2497 802 2543 erectarum
821 2490 918 2544 tribuit
936 2489 1035 2543 lineam
1054 2488 1138 2544 veluti
1154 2494 1266 2555 rectam,
1287 2486 1352 2555 qula
1368 2486 1510 2542 intervalla
1527 2485 1601 2540 hina·

252 2579 311 2617 rum
330 2572 358 2618 et
375 2565 499 2620 binarum
517 2566 654 2621 dimetitur
671 2568 763 2636 aliqua
780 2579 867 2635 recta,
891 2585 988 2624 secans
1007 2568 1066 2622 illas
1089 2564 1357 2642 perpendiculariter.
1392 2563 1497 2622 Eodem
1522 2563 1601 2618 modo

252 2651 281 2696 et
301 2645 406 2699 ratione
429 2647 587 2714 potestatis,
613 2648 721 2714 qnando
748 2648 842 2717 incipit
867 2647 1001 2716 plectrum
1024 2663 1040 2699 a
1064 2661 1132 2702 sone
1156 2641 1322 2716 maestae
1337 2643 1600 2720 procedensrersus

253 2722 399 2792 acutiores,
418 2740 473 2778 non
492 2725 563 2779 redit
581 2724 624 2779 ille
644 2726 737 2779 ordine
756 2726 790 2780 ad
808 2725 953 2794 pristinum
971 2721 1168 2793 gravissimum,
1187 2721 1236 2778 sed
1247 2719 1378 2778 mutinae
1389 2720 1477 2790 tendit
1496 2720 1529 2778 ad
1541 2737 1602 2775 acu-

253 2798 348 2866 tiores,
374 2810 401 2856 et
423 2803 450 2856 in
472 2801 527 2856 line
553 2805 706 2871 systematis
729 2803 852 2872 pervenit
877 2804 912 2859 ad
938 2805 1057 2858 omnium
1081 2803 1275 2858 acutissimum.
1315 2795 1396 2860 nara
1418 2800 1602 2856 diversitatem

252 2878 422 2934 musicalium
441 2898 457 2935 a
475 2882 639 2937 coelestibus
657 2883 760 2937 fatetur
777 2883 958 2952 Ptolemaeus,
986 2883 1038 2938 hoc
1057 2891 1146 2937 mmen
1165 2899 1220 2938 nou
1239 2882 1366 2944 obstante
1387 2878 1469 2936 chum
1487 2879 1603 2950 aliquem

252 2965 408 3025 respectum
426 2959 576 3015 identitatis
593 2961 709 3029 invenit,
736 2978 815 3028 quom
834 2969 974 3031 comparat
993 2961 1064 3016 cum'
1073 2961 1214 3016 identitate
1231 2958 1358 3030 principii
1382 2965 1410 3015 et
1427 2959 1489 3014 finis
1507 2958 1536 3012 in
1553 2959 1603 3013 cir·

253 3034 322 3090 culis
341 3045 369 3090 et
388 3038 551 3094 motionibus
570 3040 742 3096 coelestibus.

341 3116 414 3170 Nota
432 3117 479 3170 Xl.
516 3118 543 3171 Is
563 3134 625 3173 vero
644 3129 785 3188 respectus
807 3135 861 3173 non
880 3125 923 3173 est
938 3118 1024 3187 ipsius
1043 3132 1092 3186 per
1111 3132 1141 3172 se
1163 3117 1295 3173 acuminis
1318 3122 1346 3171 et
1363 3116 1505 3187 gravitatis
1524 3130 1602 3170 sono·

250 3206 309 3245 rum
329 3196 390 3260 (etsi
409 3197 490 3250 etiam
508 3198 560 3252 hae
579 3205 643 3253 sunt
661 3199 828 3254 differentiae
847 3197 980 3266 quaedam
999 3194 1139 3267 generales
1157 3195 1318 3250 facultatum
1336 3194 1363 3248 in
1382 3193 1474 3263 sonis),
1496 3193 1545 3260 sed
1563 3198 1605 3248 est

250 3274 338 3341 primo
357 3276 524 3343 specialioris
548 3279 663 3347 alianus
682 3294 810 3334 sonorum
828 3277 982 3344 facultatis,
1009 3291 1079 3344 qnae
1098 3281 1140 3329 est
1162 3288 1291 3328 sonorum
1313 3289 1347 3328 ex
1366 3274 1492 3341 opposito
1510 3271 1607 3326 identi-

251 3365 359 3419 cornm,
385 3370 447 3422 seu,
473 3365 503 3409 ut
522 3358 607 3413 nostri
625 3357 722 3413 musici
740 3354 896 3425 appellant,‘
916 3353 1050 3423 diapason
1067 3352 1236 3417 facientium3
1264 3350 1383 3405 secundo
1402 3358 1445 3404 est
1462 3357 1604 3419 respectus

251 3428 332 3483 etiam
351 3443 462 3490 mutuae
480 3437 647 3498 habitudinis
665 3454 801 3503 sonorum,
821 3450 891 3504 quae
909 3435 1021 3504 propria
1039 3442 1082 3487 est
1098 3432 1151 3486 illis
1166 3431 1239 3486 sonis
1253 3428 1406 3497 quindecim
1418 3428 1445 3482 in
1457 3436 1604 3497 systemate

253 3507 384 3573 perlecto.
420 3515 445 3567 N
447 3532 490 3568 am
509 3515 573 3583 qnia
590 3515 763 3574 Ptolemaeus
782 3515 878 3569 statuit
892 3521 996 3581 septem
1010 3513 1115 3581 species
1128 3510 1269 3579 diapason,
1287 3506 1350 3562 illae
1361 3507 1389 3562 in
1402 3523 1456 3561 nno
1469 3516 1498 3561 et
1509 3506 1604 3562 eodem

251 3586 370 3656 simplici
388 3600 534 3659 systemate
552 3595 632 3650 nnius
651 3594 782 3665 diapason
800 3612 856 3650 non
873 3600 992 3663 possunt
1009 3589 1124 3659 ostendi,
1143 3589 1195 3643 nisi
1208 3587 1323 3643 subinde
1343 3586 1458 3643 chordas
1472 3586 1531 3654 ejus
1544 3596 1604 3643 octo

253 3664 359 3733 aliquas
386 3670 465 3725 aliter
489 3680 571 3740 atquc
593 3673 672 3729 aliter
688 3674 799 3743 tendaa3
821 3682 851 3729 at
874 3674 897 3729 si
920 3674 974 3728 duo
993 3672 1123 3740 diapason
1149 3675 1297 3736 systemata
1322 3684 1382 3722 cnm
1402 3666 1509 3721 chordis
1529 3663 1605 3733 quiit-

252 3744 340 3800 decim
359 3749 567 3820 conjungantur,
586 3752 630 3806 hic
644 3752 702 3820 jam
721 3769 814 3809 omnes
833 3754 939 3823 species
958 3752 1089 3820 diapason
1108 3748 1243 3816 designari
1255 3754 1380 3816 possunt.
1418 3745 1485 3799 Vide
1498 3760 1532 3798 ex
1544 3758 1604 3797 meo

250 3823 318 3878 libro
339 3825 387 3879 lll.
414 3844 471 3896 cap
491 3832 530 3883 15.
567 3832 640 3900 Ergo
659 3833 682 3884 si
700 3833 816 3886 maxime
835 3833 893 3900 jam
911 3830 1021 3885 tertium
1046 3828 1254 3897 adjungeretur,
1278 3840 1333 3878 nou
1357 3823 1419 3877 inde
1444 3822 1606 3877 elicerentur

250 3920 337 3958 norae
354 3905 462 3973 aliquae
481 3909 585 3975 species
604 3909 689 3977 ipsius
711 3910 851 3979 diapason,
871 3911 918 3965 sed
938 3908 1049 3964 eaedem
1068 3922 1175 3974 rursus,
1194 3919 1264 3971 qnae
1282 3904 1384 3973 primae
1403 3907 1481 3956 eraut
1498 3899 1526 3953 in
1544 3916 1604 3968 per-

250 3985 324 4039 lecto
343 3994 499 4054 systemate,
518 3989 704 4043 tautummodo
724 3989 774 4043 snb
793 3988 959 4044 aendoribus
979 3987 1052 4041 sonis
1071 3982 1291 4052 comprehensae.
1328 3982 1364 4035 Et
1382 3981 1421 4034 sic
1440 3978 1545 4047 gemina
1563 3996 1605 4034 ra·

252 4065 326 4120 tione
346 4065 384 4133 fit,
405 4073 436 4118 nt
455 4067 536 4120 etiam
554 4068 581 4121 in
600 4075 747 4138 systemate
765 4069 887 4138 perfeeto
906 4085 958 4122 ror
978 4068 1004 4121 id
1018 4063 1147 4119 mrculum
1160 4060 1357 4129 quodammodo
1369 4060 1471 4127 redeat,
1489 4058 1605 4126 primum

250 4144 355 4198 ratione
374 4160 469 4198 uocum
482 4145 657 4216 singularum,
677 4147 741 4215 quia
758 4155 903 4215 postquam
917 4146 973 4201 aG
991 4159 1083 4198 omnes
1096 4142 1230 4197 diuersum
1249 4138 1314 4208 quid
1332 4146 1489 4206 sonuerunt,
1510 4142 1606 4191 octava

251 4222 359 4277 demum
376 4240 395 4292 9
413 4223 484 4276 idem
502 4223 701 4291 quodammodo
720 4236 800 4282 sonat
817 4243 878 4280 cnm
898 4227 937 4294 G,
961 4226 1105 4279 etiterum
1129 4218 1300 4289 quindecima
1313 4235 1349 4289 99
1374 4216 1446 4271 idem
1463 4230 1525 4269 cum
1541 4231 1560 4283 9
1577 4220 1605 4267 et

249 4317 311 4355 cnm
332 4302 369 4369 (1¹,
388 4300 486 4356 deinde
504 4305 609 4358 ratione
628 4304 708 4358 seriei
726 4320 821 4359 vocum
840 4313 911 4372 octo,
931 4318 1001 4371 qnae
1019 4301 1115 4367 series,
1134 4299 1158 4353 si
1176 4295 1285 4351 altiores
1304 4294 1469 4350 adderentur
1487 4290 1604 4346 chordae

250 4380 392 4450 systemati
411 4381 545 4450 perfecto,
570 4384 664 4437 eadem
684 4383 798 4453 rediret3
824 4400 877 4452 qno
897 4383 1005 4436 nomine
1023 4395 1116 4434 omnes
1135 4376 1240 4447 specics
1259 4374 1391 4443 diapason
1408 4372 1442 4428 ab
1461 4370 1542 4425 unico
1561 4385 1603 4437 sy-

249 4466 366 4512 stemate
383 4459 506 4526 perfecto
525 4460 699 4515 determinari
726 4460 799 4515 etin
817 4460 884 4514 illud
909 4458 1057 4528 constringi
1079 4464 1153 4513 recte
1172 4457 1305 4512 dicuntur.
1342 4455 1380 4508 Et
1402 4460 1433 4509 nt
1455 4451 1483 4505 in
1501 4448 1603 4505 circulo

248 4534 307 4589 sola
326 4537 461 4604 positione
480 4538 560 4593 datur
578 4540 755 4609 principium,
780 4556 834 4594 uon
854 4540 936 4593 etiam
954 4545 1063 4602 natura,
1086 4538 1126 4593 sic
1144 4538 1225 4592 etiam
1247 4536 1275 4589 in
1293 4536 1346 4589 hoc
1371 4531 1494 4603 perlecto
1514 4534 1600 4598 syste-

247 4625 320 4670 mate
339 4618 496 4685 usuvenit,
520 4627 550 4673 ut
573 4620 642 4673 inter
666 4619 772 4674 infinita
797 4620 928 4688 diapason
953 4616 1146 4685 unaquaelibet
1168 4616 1274 4672 illarum
1298 4614 1460 4670 chordarum
1485 4618 1603 4679 systema

246 4694 360 4764 incipiat
378 4710 465 4762 neque
484 4711 516 4749 ea
535 4706 639 4765 septem
665 4700 724 4767 ejus
746 4700 852 4768 species
872 4698 1005 4768 diapason
1025 4696 1101 4764 justa
1126 4696 1197 4752 serie
1215 4695 1329 4751 ordinet
1365 4691 1403 4746 Et
1425 4688 1562 4759 amplius,¹
1579 4686 1602 4741 si

246 4771 352 4843 lubeat,
377 4776 482 4844 speeies
502 4776 549 4830 illa
567 4777 714 4846 diapason,
739 4793 809 4847 qnae
827 4777 948 4832 tenditur
966 4775 1000 4831 ah
1018 4777 1046 4830 A
1063 4775 1091 4830 in
1109 4793 1135 4844 a,
1154 4780 1245 4844 potest
1264 4771 1345 4827 etiam
1363 4769 1447 4838 incipi
1466 4771 1499 4824 ab
1519 4787 1550 4838 a,
1576 4776 1603 4822 et

248 4853 360 4907 extendi
383 4870 434 4922 per
451 4851 526 4910 locos
545 4857 639 4911 ordine
658 4857 836 4913 succedentes
859 4858 933 4913 ultra
952 4872 1106 4927 supremam
1124 4852 1252 4909 chordam
1269 4868 1318 4923 99,
1344 4848 1472 4918 quodque
1496 4845 1603 4902 excedit

247 4941 317 4995 (cum
336 4950 391 4988 uon
410 4944 572 5005 prorogetur
591 4944 711 5008 systema
728 4936 880 5006 perfectum
898 4952 987 5005 usque
1005 4935 1032 4989 in
1051 4943 1095 4992 cat
1114 4939 1207 5003 potest
1224 4931 1259 4985 ah
1277 4928 1355 4998 inire,
1374 4927 1467 4984 aGin
1479 4928 1507 4981 A
1524 4925 1601 4994 addi3

246 5012 299 5066 erit
323 5014 394 5067 enim
413 5014 506 5069 eadem
526 5018 631 5086 species
654 5023 792 5087 potestate
814 5015 1032 5081 intervallorum,
1060 5012 1172 5084 perinde
1196 5023 1228 5063 ac
1250 5007 1273 5062 si
1298 5021 1425 5076 suprema
1442 5023 1460 5077 9
1477 5002 1519 5059 rel
1538 5002 1602 5058 der·

245 5091 313 5147 tima
329 5111 365 5165 99
378 5093 476 5162 juncta
494 5105 567 5151 esset
585 5097 654 5151 imae
672 5095 715 5150 sel
734 5095 884 5150 sinistimac
903 5095 940 5156 G.
959 5102 990 5149 ut
1004 5095 1061 5161 jam
1079 5090 1212 5164 seqnitur.

334 5190 407 5245 Nota
424 5194 484 5249 llll.
522 5195 632 5249 Zodiaci
655 5193 816 5263 principium
839 5199 882 5248 est
905 5199 1035 5262 puuctum
1058 5183 1258 5254 aequinoctiale
1280 5199 1392 5237 vernum
1417 5199 1467 5238 seu
1493 5181 1599 5237 initium

246 5269 362 5341 Arietis,
388 5281 416 5329 et
438 5272 490 5328 hoc
516 5275 602 5329 nohis.
639 5275 677 5327 At
702 5272 762 5340 ejus
781 5269 841 5326 loco
865 5272 893 5326 iu
918 5271 994 5326 zonis
1006 5265 1227 5322 meridionalibus
1250 5271 1292 5319 est
1309 5263 1472 5334 principium
1493 5261 1601 5320 Librae.

247 5350 323 5406 llaec
341 5361 445 5423 puncta
463 5353 514 5407 etsi
538 5360 635 5407 natura
657 5358 779 5406 motuum
803 5357 949 5419 monstrat,
977 5355 1005 5402 at
1022 5362 1076 5402 non
1099 5360 1148 5414 pro
1166 5344 1326 5401 necessariis
1341 5343 1446 5398 zodiaci
1463 5340 1602 5412 principiis
1640 5405 1645 5418 ..

246 5434 376 5499 obtrudit,
395 5450 538 5502 possemus
557 5433 628 5486 enim
646 5432 719 5486 illam
737 5431 817 5485 etiam
837 5428 946 5483 aliunde
964 5427 1097 5495 incipere,
1123 5424 1221 5478 honam
1238 5423 1372 5478 raconem
1389 5421 1485 5478 secuti.
1521 5418 1601 5474 Valet

245 5512 329 5581 igitur
347 5514 399 5568 hoc
417 5513 523 5568 initium
541 5513 626 5581 thesi,
651 5513 690 5567 sic
707 5520 810 5578 umen,
835 5518 866 5565 ιιι
884 5509 954 5564 haec
970 5505 1070 5576 positio
1093 5519 1190 5560 causas
1208 5500 1363 5574 prohabiles
1389 5507 1522 5557 anstura
1543 5511 1600 5553 mn·

245 5599 348 5648 tuetur.
386 5594 415 5648 Si
433 5609 510 5662 ergo,
528 5592 632 5660 inquit,
655 5591 683 5645 in
701 5595 848 5659 systemate
864 5586 989 5657 perlecto
1006 5598 1081 5639 mese
1100 5579 1258 5653 aequalibus
1276 5578 1425 5635 intervallis
1442 5586 1548 5636 remota
1565 5578 1601 5634 sit

247 5681 276 5732 et
293 5690 310 5729 a
327 5672 598 5743 proslambanomene
617 5678 645 5725 et
662 5686 679 5725 a
696 5677 770 5738 nete;
786 5674 814 5723 et
831 5666 855 5722 si
873 5663 991 5722 circulus
1008 5661 1135 5719 rodiam
1153 5661 1182 5717 iu
1198 5660 1309 5731 longum
1321 5666 1461 5732 extensus,
1478 5658 1601 5730 sectione¹
