3684 7259
314 1213 382 1277 336
799 1200 947 1258 Ptolemaei
965 1200 1186 1258 Harmonicorum

316 1383 364 1439 illo
384 1397 433 1437 suo
451 1378 575 1447 subjecto
593 1376 755 1445 definiatur,
782 1391 871 1446 neque
899 1375 1052 1444 subjectum
1079 1375 1114 1430 ab
1141 1375 1282 1429 harmonia
1299 1347 1482 1432 essentialiter
1499 1379 1671 1453 informetur,

318 1463 366 1517 sed
384 1468 489 1516 tantum
507 1456 717 1513 accidentaliter.
753 1456 814 1524 Ego
832 1455 914 1523 igitur
932 1454 1020 1522 eapite
1039 1455 1062 1505 l.
1081 1453 1143 1507 libri
1161 1454 1212 1507 mei
1231 1454 1275 1506 lV.
1295 1454 1409 1522 ostendi,
1437 1456 1592 1513 harmonias
1610 1476 1672 1515 esse

318 1538 515 1610 proportiones,
534 1536 724 1605 proportiones
743 1549 805 1587 vero
825 1549 886 1588 esse
904 1533 1001 1586 mentis
1021 1532 1244 1601 comparationes,
1264 1539 1292 1586 et
1310 1533 1348 1587 sic
1366 1548 1414 1586 ens
1434 1534 1560 1591 rationis:
1579 1537 1672 1608 itaque

317 1619 470 1674 harmonias
498 1624 527 1672 ut
544 1614 700 1670 harmoniae
718 1614 745 1667 in
764 1613 853 1667 anima
871 1620 1045 1680 comparanto
1064 1612 1166 1678 inesse,
1191 1612 1229 1667 sic
1249 1620 1279 1665 ut
1298 1613 1387 1667 anima
1406 1613 1513 1669 sublata
1531 1616 1673 1671 harmonia

318 1703 420 1767 percat.
455 1694 568 1749 Ostendi
586 1694 714 1762 amplius,
743 1709 803 1747 cum
822 1691 963 1761 proportio
981 1690 1017 1744 sit
1035 1690 1062 1742 in
1086 1691 1304 1758 praedicamento
1324 1692 1474 1763 relationis,
1505 1695 1573 1749 duos
1591 1697 1674 1765 igitur

317 1774 417 1843 requiri
435 1775 563 1828 terminos
579 1774 613 1830 ad
632 1773 778 1843 quamlibet
795 1772 972 1837 harmoniam,
992 1769 1037 1838 qui
1056 1769 1098 1822 vel
1117 1777 1180 1824 sont
1198 1787 1241 1825 res
1260 1771 1382 1840 sensiles,
1401 1772 1500 1841 quibus
1519 1776 1673 1831 continetur

318 1851 459 1908 harmonia
477 1853 594 1922 sensilis,
613 1851 655 1907 vel
673 1850 811 1917 mentales,
841 1850 940 1917 quibus
958 1846 1149 1901 intellectualis
1169 1856 1196 1901 et
1214 1850 1389 1918 archetypica
1406 1852 1547 1906 harmonia
1565 1868 1673 1924 reprae-

308 1940 452 2003 sentatur.
474 1921 584 1998 'eapite
603 1931 626 1984 2.
645 1930 754 1998 respexi
773 1929 857 1995 magis
877 1927 910 1981 ad
930 1942 1011 1980 voces
1029 1926 1077 1980 vis
1096 1923 1147 1981 seu
1172 1927 1344 1983 facultas.
1372 1946 1513 1997 enarrans,
1540 1949 1674 2000 quaenam

319 2019 347 2065 et
366 2017 433 2078 quot
451 2008 505 2063 sint
523 2009 668 2064 facultates
686 2009 792 2062 animae
810 2007 909 2076 agendi
925 2006 969 2060 -vel
987 2004 1108 2074 patiendi
1127 2006 1456 2073 secundumharmonias.
1486 2010 1612 2077 Denique
1630 2028 1673 2066 ca-

319 2090 375 2159 pite
394 2091 417 2143 3.
438 2086 572 2157 quaesivi,
599 2087 697 2157 quibus
724 2088 752 2141 in
770 2087 850 2140 rebus
870 2099 1016 2155 expressae
1033 2081 1091 2138 sint
1106 2083 1190 2137 totins
1208 2085 1327 2139 universi
1345 2085 1503 2141 harmoniae
1521 2103 1570 2143 seu
1589 2106 1673 2159 quan-

319 2170 411 2223 titates
429 2174 509 2235 aptae
527 2166 562 2220 ad
580 2164 785 2221 constituendos
804 2162 933 2218 terminos
952 2162 1169 2231 propositionum
1187 2163 1412 2220 harmonicarum.

407 2262 555 2329 Postquam
581 2262 664 2330 igitur
689 2261 758 2316 libro
787 2276 846 2315 meo
864 2260 910 2313 IV.
929 2259 955 2312 in
984 2259 1058 2314 hunc
1084 2260 1194 2315 modurn
1213 2262 1248 2315 ad
1274 2263 1460 2331 quaestionem
1479 2279 1494 2315 a
1513 2263 1672 2319 Ptolemaeo

320 2341 487 2411 propositam
506 2355 540 2393 ex
558 2341 668 2409 propria
685 2340 737 2394 mei
756 2339 837 2396 animi
855 2340 990 2394 sententia
1007 2339 1151 2409 respondi,
1181 2341 1304 2396 nimirum
1332 2350 1360 2395 et
1378 2341 1443 2409 quid
1468 2342 1503 2395 sit
1521 2351 1674 2413 utrumqne,

320 2425 375 2472 tam
394 2419 532 2488 proportio
551 2418 719 2480 harmonica,
736 2426 826 2487 ‘quam
845 2416 961 2472 facultas
980 2417 1150 2486 harmonica,
1173 2426 1200 2473 et
1217 2435 1351 2487 quaenam
1369 2435 1414 2474 res
1433 2434 1493 2474 esse
1510 2422 1619 2489 possint
1637 2422 1673 2475 al·

320 2498 450 2555 teretriua
468 2496 629 2565 participes:
653 2495 709 2565 jam
727 2496 809 2551 etiam
826 2494 975 2549 Ptolemaei
1003 2495 1185 2550 resolutiones
1215 2498 1386 2560 examinabo,
1412 2498 1440 2550 in
1463 2498 1562 2566 quibus
1581 2499 1673 2568 aliqua

319 2577 493 2632 inveniuntur
512 2576 577 2631 meis
595 2576 817 2644 responsionibus
841 2580 1036 2642 consentanea,
1055 2591 1109 2628 uon
1128 2591 1215 2643 pauca
1232 2576 1267 2631 ab
1285 2576 1318 2635 iis
1337 2577 1456 2644 diversa,
1475 2592 1546 2645 quae
1564 2577 1608 2632 vel
1627 2596 1672 2633 ex·

321 2655 468 2726 plicatione
486 2654 528 2707 rel
547 2654 715 2709 correctione
732 2654 861 2723 indigent,
881 2652 925 2707 vel
943 2654 1031 2720 etiam,
1050 2658 1081 2707 ut
1099 2653 1205 2708 veritati
1219 2651 1397 2720 adversantia,
1417 2654 1544 2724 redargui
1563 2657 1672 2712 debent.
1691 2703 1692 2713 ,

407 2751 480 2805 Nota
497 2750 530 2803 ll.
567 2748 645 2817 Quod
663 2750 716 2803 vim
735 2750 832 2803 attinet
849 2748 1056 2816 vocabulorum,
1076 2743 1270 2805 vox'natura
1287 2751 1484 2807 harmonica
1502 2768 1551 2807 seu
1571 2752 1673 2807 facul-

322 2837 376 2884 tas
402 2826 610 2883 harmonica
627 2828 713 2897 magis
731 2828 844 2883 inclinat
861 2825 895 2881 ad
914 2825 1079 2881 efficientem
1106 2828 1320 2901 harmoniarum,
1349 2839 1376 2886 et
1393 2848 1445 2886 vox
1462 2854 1491 2885 ro
1510 2832 1675 2902 ἦρμυσμενω

321 2908 408 2976 magis
426 2905 460 2961 ad
479 2906 631 2983 subjectum
648 2906 811 2962 harmonicis
829 2905 1050 2975 proportionibus
1069 2914 1234 2962 exornatum.
1253 2909 1374 2978 Utraque
1394 2926 1465 2980 vero,
1483 2917 1540 2965 tam
1558 2909 1675 2964 facultas

321 2984 478 3042 harmonica
505 2999 585 3052 quam
613 2984 765 3054 subjeetum
796 2984 905 3053 aliquod
931 2983 1085 3039 harmonice
1105 2994 1354 3056 contemperatum,
1381 2989 1461 3057 plura
1478 2988 1675 3057 complectitur,

323 3059 404 3135 qnam
421 3078 510 3118 meras
528 3062 696 3132 harmonias,
716 3061 821 3119 scilieet
838 3062 918 3117 etiam
938 3062 991 3117 alia
1008 3062 1151 3118 intervalla
1169 3065 1202 3119 ab
1221 3066 1370 3120 harmoniis
1390 3067 1586 3135 dependentia,
1605 3081 1675 3137 quae

323 3141 481 3214 generaliori
500 3157 565 3197 voce
583 3144 750 3199 concinna
768 3142 902 3198 dicuntur.
928 3143 988 3196 Hoc
1005 3140 1086 3209 igitur
1105 3141 1170 3197 dicit
1187 3143 1372 3208 Ptolemaeus,
1391 3148 1481 3199 omnia
1498 3161 1552 3199 non
1570 3151 1676 3199 tantum

323 3239 451 3292 consona,
470 3221 518 3276 sed
537 3222 618 3277 etiam
637 3222 776 3289 concinna,
795 3221 894 3290 quibus
913 3227 1021 3276 constat
1039 3221 1282 3291 musicus'cantus‚
1301 3223 1402 3277 habere
1423 3241 1486 3279 suas
1505 3232 1594 3279 certas
1612 3242 1675 3294 pro·

324 3302 476 3372 portiones:
505 3307 587 3369 atque
606 3298 633 3354 id
652 3315 706 3354 non
723 3307 830 3355 tantum
847 3310 942 3369 patere
960 3316 995 3354 ex
1014 3300 1243 3357 demonstratione
1263 3302 1380 3356 deducta
1407 3318 1440 3356 ex
1459 3303 1674 3372 praesuppositis

323 3381 516 3452 probabilibus,
535 3378 583 3434 sed
602 3378 683 3433 etiarn
701 3394 735 3433 ex
753 3379 873 3434 sectione
886 3379 1015 3435 canonica
1028 3395 1076 3434 seu
1094 3381 1212 3449 regulari
1230 3381 1406 3435 monochordi
1425 3388 1452 3435 et
1470 3382 1508 3435 sic
1526 3398 1560 3436 ex
1574 3381 1675 3438 auditu.

324 3464 353 3518 Si
372 3464 443 3517 euim
462 3461 564 3516 chorda
581 3460 663 3514 fuerit
680 3469 756 3515 secta
773 3461 844 3516 sicut
861 3461 919 3516 vult
937 3460 1148 3529 demonstratio,
1176 3469 1241 3517 tone
1258 3466 1349 3530 partes
1366 3459 1486 3515 chordae
1504 3466 1596 3515 sectae
1615 3476 1676 3514 con·

324 3556 430 3608 sonare,
445 3538 537 3607 judice
556 3537 659 3593 auditu.

413 3635 486 3692 Nota
504 3636 552 3689 Ill.
589 3634 790 3690 Probabilis
818 3635 999 3705 supposita
1022 3633 1090 3688 elicit
1113 3633 1176 3700 illa,
1204 3636 1276 3703 quod
1296 3639 1424 3710 assumsit
1440 3640 1468 3694 in
1492 3639 1579 3708 primo
1597 3638 1674 3702 libro,

325 3715 387 3770 illas
406 3714 521 3770 chordas
541 3729 698 3783 consonare,
718 3730 787 3783 quae
800 3714 1012 3770 determinentur
1023 3714 1149 3780 numeris,
1171 3723 1199 3768 et
1209 3715 1301 3783 primis
1315 3717 1458 3786 speciebus
1471 3718 1676 3786 proportionum

325 3792 520 3856 numeralium,
539 3792 643 3847 seilicet
660 3793 820 3862 multiplici,
838 3794 1080 3864 superparticulari
1098 3800 1125 3847 et
1143 3797 1367 3863 superpartiente.
1404 3797 1440 3849 At
1460 3811 1509 3862 ego
1528 3795 1596 3848 haec
1615 3811 1677 3864 sup·

325 3873 416 3942 posita
432 3872 549 3927 refutavi
566 3873 634 3927 libro
653 3871 705 3926 mei
724 3872 813 3940 operis
832 3872 921 3938 tertio,
941 3880 968 3926 et
987 3877 1082 3927 contra
1099 3874 1199 3940 protuli
1219 3872 1271 3926 alia
1290 3875 1432 3943 supposita
1449 3872 1608 3941 probabilia,
1627 3875 1675 3927 sci·

325 3950 390 4006 licet
406 3950 466 4005 illas
485 3951 613 4020 chordas,
641 3965 711 4019 quae
731 3965 760 4003 se
779 3950 880 4004 habent
897 3957 928 4005 ut
945 3958 1038 4019 partes
1056 3950 1163 4017 circuli,
1183 3968 1231 4020 per
1248 3952 1361 4021 figuram
1381 3951 1621 4006 demonstrabilem
1641 3952 1678 4005 di·

325 4029 382 4085 visi.
419 4029 494 4098 Quae
512 4030 594 4098 igitur
619 4030 664 4084 hic
682 4030 854 4084 Ptolemaeus
874 4030 907 4083 de
934 4029 1098 4085 sectionibus
1125 4032 1181 4084 suis
1209 4032 1345 4085 canonicis
1373 4030 1527 4099 semiplenis
1553 4030 1678 4097 affirmat,

327 4108 421 4161 eadem
450 4123 500 4175 ego
519 4115 547 4162 et
565 4106 650 4163 multo
668 4110 768 4162 rectius
787 4108 821 4161 de
839 4123 899 4162 mea
917 4108 1062 4178 septuplici
1081 4110 1201 4163 sectione
1224 4109 1335 4179 possum
1355 4110 1503 4177 affirmare,
1531 4109 1596 4177 quia
1614 4107 1677 4162 mihi

326 4184 455 4239 instantia
473 4185 548 4239 nulla
565 4191 657 4256 potest
674 4185 774 4242 afferri.

414 4295 603 4371 Consequens
628 4306 800 4373 astantem,
824 4306 856 4357 ut
875 4298 983 4374 siquis
1005 4299 1062 4357 iata
1085 4298 1313 4358 consideraverit
1334 4308 1455 4373 attente,
1479 4302 1578 4361 statim
1603 4301 1628 4358 is
1650 4300 1677 4355 in

331 4381 553 4445 admirationem
574 4385 661 4445 fuerit
677 4394 798 4468 raptus,
832 4389 856 4444 ai
881 4386 1055 4463 cujusquam
1078 4404 1113 4445 ex
1134 4388 1222 4453 rebus
1247 4388 1462 4462 pulcherrimis,
1495 4396 1572 4447 certe
1596 4404 1677 4445 eum·
1707 4454 1710 4461 ¹

330 4472 431 4546 primis
454 4473 543 4531 etiam
565 4472 653 4548 hujus
675 4473 860 4533 harmonicae
883 4473 1046 4533 facultatis:
1070 4476 1178 4551 quippe
1194 4493 1281 4549 quam
1307 4475 1496 4552 deprehendit
1518 4477 1607 4549 longe
1630 4492 1678 4533 ra·

328 4559 550 4618 tionalissimam
573 4557 634 4640 IV),
669 4563 865 4620 invenientem
894 4570 923 4619 et
947 4565 1170 4621 constituentem
1204 4565 1364 4638 specierum
1387 4565 1569 4640 propriarum
1594 4561 1677 4622 ditia·
1711 4558 1715 4580 ¹

328 4651 438 4706 tentius
471 4666 560 4723 qnam
593 4638 811 4708 accuratissime
825 4646 871 4728 V):
904 4666 963 4725 quo
987 4648 1151 4721 intellecto,
1182 4649 1273 4708 veluti
1305 4649 1397 4708 divim
1421 4668 1558 4710 incensus
1581 4665 1678 4708 amore

328 4738 507 4813 concupiscit
529 4738 634 4796 intueri
658 4744 687 4795 et
707 4732 832 4796 lustrare
854 4754 948 4812 genus
970 4736 1043 4795 illud
1064 4739 1167 4809 terum,
1191 4727 1245 4795 s'ub
1277 4737 1353 4812 quod
1377 4738 1501 4796 facultas
1523 4740 1581 4796 ista
1604 4738 1678 4795 reie-

327 4833 416 4896 ratur,
440 4830 470 4883 et
491 4841 560 4883 num
577 4841 636 4900 qua
651 4827 709 4882 siut
731 4822 791 4883 alia
813 4826 842 4882 in
865 4824 921 4883 hoc
938 4826 1134 4884 universitatis
1150 4825 1261 4884 ambitu
1284 4828 1443 4901 cognitioni
1465 4834 1583 4886 nostrae
1606 4825 1677 4883 sub·

281 4923 285 4934 ·
324 4910 422 4985 jecta,
445 4911 552 4986 quibus
576 4912 627 4971 illa
650 4928 782 4971 connexa
803 4912 953 4987 citatque
977 4921 1102 4988 cognata
1125 4909 1177 4990 VI).

414 5028 487 5083 Nota
505 5029 552 5083 IV.
589 5029 805 5084 Facultatem
831 5029 1067 5084 harmonicam
1086 5029 1124 5084 ait
1150 5028 1473 5085 rationalissimam.
1516 5028 1569 5081 Hie
1597 5024 1677 5080 mani·

327 5105 398 5162 fatte
417 5106 540 5177 disputat
557 5107 592 5161 de
609 5108 740 5164 facultate
758 5109 871 5176 animae,
890 5116 920 5163 ut
940 5109 983 5163 eui
995 5108 1134 5179 rationem,
1147 5110 1335 5162 ,inventionem
1353 5106 1613 5175 dispositionemque
1630 5119 1677 5157 seu

328 5186 548 5261 constitutionem
566 5186 668 5242 tribuit.
705 5189 750 5244 Sic
767 5197 857 5244 umen
876 5204 906 5242 se
924 5195 1079 5256 comparat,
1105 5204 1136 5243 ae
1156 5190 1178 5244 si
1196 5188 1354 5257 loqueretur
1371 5186 1404 5240 de
1423 5201 1453 5240 re
1466 5185 1562 5254 aliqua
1580 5199 1630 5254 per
1648 5199 1676 5236 ae

329 5266 503 5334 subsistente,
521 5267 634 5323 rationis
646 5275 778 5337 compote,
797 5282 931 5337 suspensa
945 5267 1002 5336 jam
1014 5266 1061 5321 illa
1073 5268 1239 5335 quaestione,
1257 5264 1328 5318 sitne
1341 5264 1388 5319 illa
1405 5264 1476 5319 idem
1489 5263 1562 5332 quod
1581 5263 1676 5328 anima,

329 5358 364 5398 au
383 5343 457 5399 aliud
474 5343 583 5414 aliquid
595 5353 704 5414 praeter
721 5347 837 5402 animam
863 5352 892 5400 et
908 5347 1014 5416 ratique
1031 5361 1087 5399 rem
1106 5337 1140 5401 a'b
1160 5361 1192 5400 ea
1210 5342 1371 5401 distinctam.
1409 5343 1447 5397 Et
1464 5357 1513 5403 nos
1532 5357 1591 5411 cap·
1609 5341 1632 5399 2.
1643 5343 1678 5393 et

247 5413 250 5424 ’
329 5423 355 5479 7.
373 5421 437 5491 libri
454 5423 500 5478 IV.
519 5430 548 5479 et
564 5422 593 5478 ia
619 5424 727 5493 epilogo
745 5424 806 5479 libri
824 5425 856 5479 V.
875 5423 1009 5494 diximus,
1035 5424 1112 5479 illam
1127 5439 1187 5478 esse
1216 5429 1243 5477 ot
1261 5421 1335 5489 ipsas
1353 5420 1457 5475 animas
1475 5421 1625 5485 humanas,
1652 5423 1678 5471 et

329 5502 445 5557 mimam
461 5501 542 5558 aliam
559 5510 667 5571 praeter
684 5502 834 5572 hemmae,
861 5502 1001 5559 sublunari
1017 5503 1117 5558 mundo
1144 5501 1310 5571 praefectam
1328 5506 1356 5555 et
1374 5499 1490 5559 animam
1507 5498 1559 5552 toti
1577 5495 1676 5552 mundo

329 5582 502 5672 praefectam,
521 5582 600 5652 cuius
617 5582 645 5637 ia
664 5582 727 5639 Sole
744 5584 833 5652 aedes,
851 5587 881 5639 ut
899 5589 942 5639 est
958 5582 1091 5639 humanae
1109 5583 1214 5637 ammae
1231 5581 1259 5637 io
1277 5578 1414 5731 ⁰⁰¹th
1431 5576 1549 5647 denique
1566 5576 1676 5633 Deum

329 5674 341 5716 ι
347 5675 460 5731 psum
