3684 7259
584 1222 760 1278 Harmonicis.
796 1222 878 1278 Lrlier
894 1222 945 1279 ΠΙ.
963 1222 1052 1291 caput
1068 1222 1140 1279 xvi.
1471 1230 1530 1289 191

191 1401 341 1476 identicas,
364 1420 418 1462 nec
439 1400 557 1463 easdem
580 1401 733 1479 deinceps,
756 1401 808 1461 sed
831 1403 895 1479 ipsa
917 1402 1133 1461 successionum
1155 1399 1346 1461 alternatione
1357 1400 1406 1461 ad
1429 1400 1527 1462 delec-

193 1492 332 1549 tationem
356 1492 491 1550 variatas.
537 1488 787 1564 Quemadmodum
814 1491 891 1547 enim
913 1496 958 1547 est
980 1490 1009 1545 in
1031 1489 1216 1564 proportione
1245 1492 1438 1548 consonantia
1459 1488 1533 1549 dua·

193 1595 255 1635 rum
278 1594 383 1636 vocum
406 1575 444 1635 ad
466 1578 629 1650 unisonum,
652 1580 694 1635 sic
716 1586 762 1636 est
784 1587 885 1635 cantus
901 1575 1086 1634 harmonicus
1109 1573 1147 1634 ad
1167 1574 1329 1651 simplicem
1351 1573 1436 1635 unius
1452 1578 1534 1638 vocis
1632 1602 1639 1616 ·

192 1664 365 1739 melodiam;
388 1683 406 1723 a
428 1682 487 1740 quo
509 1666 651 1741 principio
675 1664 838 1741 dependent
861 1666 958 1722 omnia
981 1662 1162 1722 definitionis
1178 1664 1322 1739 membra,
1353 1681 1428 1741 quae
1451 1663 1534 1724 dein-

195 1769 262 1827 ceps
285 1752 449 1827 explicabo.

278 1839 302 1897 1.
325 1839 456 1897 Primum
477 1841 565 1915 igitur
587 1838 635 1897 bie
657 1836 729 1896 illud
751 1840 828 1896 cirea
850 1836 1048 1913 pluralitatem
1063 1852 1168 1895 vonum
1183 1837 1306 1895 occurrit
1328 1837 1534 1911 adnotandum,

195 1925 273 2001 quod
294 1926 420 1986 artifices
451 1927 498 1986 vel
528 1928 654 1985 manime
677 1934 903 1984 consentaneum
925 1932 1045 1982 naturae
1069 1926 1291 1997 constituerunt,
1323 1933 1371 1998 ut,
1400 1929 1535 2000 quamvis

195 2031 281 2090 saepe
305 2016 460 2073 concinant
483 2032 569 2072 voees
593 2014 666 2072 bene
689 2012 811 2084 multae,
842 2026 942 2070 omnes
965 2020 1060 2071 tamen
1084 2018 1208 2085 quatuor
1236 2010 1418 2072 solummedo
1440 2015 1535 2071 nomi·

195 2102 280 2159 nibus
302 2100 485 2178 appellentur
517 2100 555 2159 ad
578 2118 727 2160 numerum
749 2101 894 2175 perlectae
916 2097 1101 2159 harmonicae
1124 2097 1309 2157 mediationis
1333 2103 1361 2156 in
1386 2116 1443 2158 uno
1466 2118 1534 2176 per-

198 2187 273 2246 lecto
295 2197 454 2265 systemate
478 2188 628 2265 diapason.
673 2188 845 2246 Discantum
868 2186 944 2245 euim
966 2187 1117 2244 nominant
1140 2201 1240 2244 vocem
1261 2188 1467 2257 acutissimam,
1491 2186 1536 2246 sl-

196 2285 272 2346 tum,
303 2293 380 2350 quae
410 2274 454 2332 illi
475 2277 621 2353 proxima,
652 2283 781 2334 tenorem
807 2291 823 2332 e
855 2269 995 2349 gravibus
1017 2274 1218 2355 superiorem,
1254 2273 1372 2334 bassum
1400 2275 1536 2333 infimam.

197 2361 271 2420 Nam
302 2366 376 2422 inter
406 2362 479 2421 duas
509 2362 650 2440 diapason
680 2371 819 2421 sonantes
847 2377 935 2419 voces
966 2359 1039 2419 duae
1062 2359 1157 2419 solum
1186 2362 1328 2420 intersunt
1357 2363 1535 2433 medietates,

197 2448 364 2509 harmonice
385 2450 471 2508 simul
495 2459 687 2509 consonantes
715 2465 780 2507 oum
802 2450 937 2506 extremis
961 2447 1148 2520 identisouis,
1176 2456 1208 2505 ut
1235 2450 1329 2525 eapite
1353 2450 1382 2511 3.
1406 2449 1548 2527 explica-‘

198 2545 268 2595 tum.
314 2535 498 2612 Quamquam
522 2540 603 2612 origo
627 2534 836 2595 vocabulorum
858 2536 980 2594 istorum
994 2533 1098 2594 Italica
1121 2532 1238 2593 videtur
1257 2534 1295 2593 ad
1312 2547 1440 2613 systema
1456 2554 1537 2596 com·

197 2626 323 2698 positum
346 2628 438 2700 magis
459 2626 619 2700 respicere,
651 2625 733 2682 utin
758 2640 793 2682 eo
815 2630 912 2698 partes
935 2624 1085 2699 oppositas
1112 2629 1238 2681 teneam·
1261 2622 1338 2682 altus
1367 2633 1396 2683 et
1410 2625 1534 2698 bassus,

198 2728 253 2767 non
277 2709 327 2769 ille
351 2711 468 2787 quidem
491 2711 650 2770 altissimus
672 2711 813 2783 existens,
843 2708 896 2768 sed
919 2712 988 2786 quia
1016 2709 1071 2767 bac
1095 2707 1179 2768 duaa
1197 2709 1299 2769 erebro
1322 2708 1405 2786 (lieet
1426 2730 1483 2771 non
1507 2716 1535 2770 in

198 2794 268 2877 line)
292 2798 403 2857 iaciunt
425 2800 580 2874 diapason,
601 2797 653 2856 illa
675 2796 793 2873 quidem
814 2798 945 2872 superior
968 2805 997 2855 et
1018 2798 1158 2869 acutior,¹
1176 2796 1249 2856 haec
1271 2796 1387 2857 interior
1416 2808 1445 2858 et
1467 2817 1535 2874 gra-

198 2887 268 2943 vior.
314 2882 362 2944 Sic
394 2888 486 2945 tenori
516 2885 653 2946 vocabuli
682 2885 764 2959 origo
789 2883 839 2942 dat
861 2883 956 2943 ideam
986 2890 1015 2942 et
1036 2882 1264 2943 modulationem
1290 2894 1392 2945 cautus
1422 2885 1536 2963 simpli·

197 2988 265 3042 cem,
290 2970 421 3031 discanto
444 2991 547 3031 nomen
571 2972 686 3031 dedisse
708 2970 823 3031 videtur
837 2980 984 3048 perpetua·
996 2969 1165 3030 volubilitas
1188 2979 1217 3032 et
1233 2970 1383 3048 divagatio
1400 2992 1419 3031 a
1433 2974 1532 3050 plaga,

197 3062 288 3117 tenori
311 3077 361 3134 per
383 3059 524 3136 diapason
548 3061 693 3135 opposita
737 3058 841 3133 ltaque
870 3060 894 3116 si
918 3075 1118 3133 comparemus
1141 3068 1246 3133 >partes
1268 3067 1370 3119 cantus
1392 3078 1455 3137 cap.
1475 3063 1535 3121 ¹13.

198 3164 232 3205 ex
254 3146 373 3206 Euclide
395 3147 520 3219 allatas,
543 3149 597 3206 etsi
619 3163 720 3205 omnes
743 3146 809 3204 illae
831 3153 899 3203 suut
921 3162 1027 3203 vocum
1050 3147 1194 3219 omnium,
1218 3156 1300 3206 tenor
1322 3154 1418 3206 tamen
1441 3151 1536 3224 potis-

198 3236 300 3291 simum
323 3236 351 3291 in
375 3231 465 3314 ‹lpmyp
488 3245 655 3309 occupatur,
680 3234 827 3291 discantus
850 3234 879 3289 in
902 3236 1003 3311 stirap,
1026 3231 1103 3291 altus
1125 3234 1154 3289 iu
1176 3254 1257 3312 serp,
1283 3234 1386 3293 bassus
1409 3238 1437 3292 in
1461 3236 1537 3295 saltu

199 3339 247 3395 per
275 3321 430 3380 intervalla
458 3322 643 3394 harmonica3
672 3323 800 3380 omnium
830 3337 900 3379 vero
924 3330 1049 3395 quatuor
1072 3322 1232 3380 communis
1254 3329 1298 3379 est
1330 3342 1461 3396 nmero,
1492 3325 1539 3381 in·

201 3410 309 3482 signior
331 3415 426 3467 tamen
451 3410 480 3466 in
504 3410 573 3468 alto.
990 3475 996 3489 ‚

283 3495 350 3554 Hae
372 3498 563 3571 proprietates
590 3501 715 3571 quatuor
737 3510 843 3552 vocum
871 3511 906 3552 ex
936 3495 1001 3569 ipsa
1028 3510 1122 3552 rerum
1151 3502 1255 3553 natura
1287 3494 1435 3555 desumtae
1462 3504 1538 3556 sunt.

201 3582 274 3641 Nam
296 3585 366 3658 quia
388 3602 440 3658 per
461 3583 658 3642 definitionem
681 3580 817 3639 traditam
840 3590 997 3640 concentus
1019 3588 1160 3656 perpetuo
1181 3578 1338 3641 mutandus
1360 3591 1405 3642 est
1428 3601 1462 3642 ex
1479 3584 1538 3643 alio

202 3671 229 3725 in
252 3668 357 3740 alium,
387 3686 506 3730 necesse
529 3671 584 3728 tuit
611 3668 640 3726 id
663 3667 725 3727 fieri
747 3670 803 3740 sic,
835 3676 867 3726 ut
895 3668 1130 3728 intermediarum
1156 3685 1229 3743 una,
1262 3672 1478 3746 comparatione
1502 3670 1540 3730 ad

203 3765 319 3827 ceteras,
343 3758 372 3813 in
394 3765 519 3832 angusto
541 3758 707 3833 systematis
735 3757 830 3830 spatio
853 3756 1064 3814 obversaretur.
1108 3755 1183 3814 Nam
1211 3762 1236 3815 sl
1259 3759 1391 3816 omnibus
1412 3759 1540 3818 laxa-ex

203 3862 296 3919 aequo
319 3845 357 3902 sit
380 3843 519 3923 libertas,
541 3860 659 3903 necesse
681 3849 726 3901 est
749 3841 778 3899 id
801 3844 958 3917 consequi,
990 3851 1023 3901 ut
1044 3843 1165 3902 interior
1182 3844 1282 3907 crebro
1305 3847 1460 3922 superioris
1484 3847 1539 3905 ob-

204 3940 276 3989 erret
297 3932 425 4006 spatium
448 3940 477 3991 et
500 3933 641 4003 vicissim,
672 3928 779 4006 fietque
802 3932 905 3988 insana
928 3930 1058 3989 conlusio
1082 3938 1111 3988 et
1133 3933 1213 3989 irrita
1233 3932 1369 3992 reddetur
1392 3933 1539 3992 distinctio

205 4036 307 4078 vocum
334 4026 467 4094 quatuor.
511 4018 573 4076 Has
597 4031 670 4076 vvero
700 4018 852 4091 angustias
883 4015 1044 4076 mediarum
1066 4020 1165 4093 potius
1192 4036 1251 4078 una
1273 4020 1373 4079 debuit
1396 4037 1539 4096 occupare

205 4103 295 4185 (altus
318 4114 347 4164 et
369 4102 481 4186 tenor),
512 4123 600 4181 quam
627 4114 772 4164 sabamae
796 4100 962 4184 (discantus
986 4105 1032 4164 vel
1055 4101 1185 4186 bassus).
1229 4106 1306 4165 Num
1333 4109 1357 4164 ei
1381 4106 1439 4166 tale
1469 4102 1539 4182 quid
1637 4147 1639 4153 s

205 4197 231 4249 in
253 4195 388 4252 exbemis
410 4195 519 4252 lactum
542 4201 627 4263 esset,
652 4192 744 4249 omnis
767 4191 984 4250 intervallorum
1008 4194 1132 4252 variatio
1155 4196 1183 4249 in
1205 4210 1292 4253 unam
1308 4192 1400 4252 solam
1422 4193 1539 4270 plagam

205 4297 321 4339 versura
344 4282 405 4350 tuit,
429 4288 500 4356 puta
518 4279 570 4340 ,rel
594 4282 621 4336 in
644 4288 761 4338 acutum
784 4278 831 4337 vel
854 4282 883 4335 in
905 4295 1005 4355 grave
1049 4278 1156 4339 Melius
1175 4282 1262 4355 igitur
1276 4294 1345 4354 erat,
1369 4293 1539 4342 concentum

206 4386 239 4425 en
261 4368 362 4442 aliqua
384 4366 553 4426 intermedia
575 4383 656 4438 voce,
682 4366 762 4425 velut
785 4382 841 4424 uno
864 4367 991 4441 partium
1013 4368 1103 4443 ipsius
1127 4370 1258 4442 termino,
1282 4371 1310 4427 in
1334 4378 1457 4445 angusto
1474 4369 1539 4429 loco

205 4454 252 4531 figi
274 4472 327 4513 seu
349 4454 471 4529 alligari,
496 4456 687 4512 variationem
712 4469 779 4511 rero
802 4452 1021 4513 intervallorum
1043 4455 1081 4514 ab
1104 4470 1140 4513 ea
1160 4458 1265 4531 partim
1286 4444 1542 4535 sursum'tendere,

206 4543 308 4618 partim
332 4539 473 4600 deorsum.
517 4542 582 4600 Non
607 4542 707 4600 debuit
730 4555 798 4599 vero
821 4540 980 4599 mediarum
1009 4558 1130 4615 vocum,
1148 4560 1238 4618 xquae
1261 4552 1304 4602 est
1327 4543 1456 4614 interior,
1490 4560 1542 4603 co·

205 4630 322 4702 arctari3
348 4630 418 4704 quia
439 4628 629 4701 ideacantus
653 4629 759 4699 teneti,
784 4626 944 4686 mediarum
965 4628 1108 4703 interiori,
1130 4629 1277 4706 adscripta
1298 4630 1383 4690 debet
1406 4639 1436 4689 et
1450 4630 1543 4690 libera

207 4734 285 4790 esse,
316 4722 346 4775 et
373 4734 422 4791 per
443 4716 569 4775 mediam
597 4717 687 4775 totius
716 4716 883 4790 systematis
912 4718 1105 4796 quantitatem
1134 4717 1283 4791 incedere,
1315 4724 1348 4776 ut
1369 4720 1426 4775 siat
1455 4735 1543 4778 voces

208 4805 423 4863 circumstantes
454 4802 525 4860 nihil
553 4802 633 4862 aliud
664 4819 752 4877 quam
780 4800 859 4860 illius
887 4803 999 4863 colores
1029 4811 1057 4863 et
1086 4812 1255 4864 ornamenta
1282 4821 1335 4863 seu
1358 4804 1541 4865 emblemata.
1633 4877 1637 4887 ι

209 4890 344 4950 interiora
366 4903 436 4949 veto
458 4886 613 4949 intervalla
635 4905 748 4965 semper
770 4890 882 4965 majora
904 4898 972 4949 sunt
1001 4894 1198 4967 superioribus
1229 4893 1457 4967 cognominibus.
1503 4890 1543 4953 Ut

209 4979 292 5051 igitur
314 4986 396 5036 tenor
419 4978 545 5036 medium
569 4978 738 5052 quantitatis
761 4975 857 5035 locum
879 4976 1013 5053 baberet,
1041 4981 1168 5055 oportuit
1189 4978 1272 5037 illum
1295 4996 1358 5038 esse
1381 4980 1543 5039 interiorem

209 5082 241 5122 ex
263 5063 366 5124 mediis
389 5073 476 5139 atque
500 5067 542 5122 sic
564 5064 656 5122 altum
678 5065 706 5121 in
721 5074 877 5140 augustum
894 5068 1021 5141 oportuit
1035 5066 1136 5142 redigi,
1159 5082 1216 5124 non
1237 5074 1377 5136 tenorem,
1421 5066 1544 5126 Restant
1603 5124 1614 5132 ,

211 5154 294 5227 igitur
317 5169 368 5227 pro
391 5151 522 5211 discente
546 5158 576 5210 et
599 5151 684 5209 basso
706 5153 904 5227 evagationes,
929 5152 981 5213 sed
1004 5170 1069 5211 cum
1091 5152 1148 5212 hoc
1171 5152 1343 5226 discrimine,
1372 5154 1449 5229 quod
1472 5154 1543 5214 bea·

208 5256 263 5311 sus,
286 5241 337 5314 qui
359 5256 448 5314 grave
472 5246 558 5298 sonat
580 5254 743 5315 magnoque
758 5245 839 5297 motu
861 5247 891 5297 et
904 5239 999 5316 longis
1014 5240 1129 5299 chordis
1144 5243 1326 5318 exprimitur,
1349 5240 1440 5300 tardis
1456 5244 1543 5302 etiam
1569 5268 1570 5272 ¹

209 5328 346 5385 mensuris
370 5333 400 5385 et
421 5331 534 5402 magnis
556 5342 650 5399 eoque
672 5324 846 5384 harmonicis
863 5325 1030 5385 intervallis
1053 5336 1188 5402 vagetur,
1215 5328 1373 5407 discantur,
1396 5330 1446 5403 qui
1469 5346 1543 5389 aon·

211 5421 267 5471 tum
290 5422 376 5472 sonat
397 5412 646 5488 supervolitatque
669 5420 698 5471 et
720 5411 857 5471 brevibus
880 5412 995 5472 chordis
1017 5410 1161 5488 celerique
1184 5422 1213 5473 et
1227 5417 1344 5490 augusti
1359 5418 1447 5491 spatii
1461 5425 1544 5476 mem

211 5498 329 5577 elicitur,
350 5500 489 5559 brevibus
513 5501 601 5559 etiam
624 5516 717 5574 eoque
740 5498 930 5559 crebrioribus
951 5502 1092 5558 mensuris
1119 5502 1302 5578 minimisque
1325 5505 1473 5563 concinnis
1494 5506 1542 5562 trr-

213 5586 337 5646 tcrvallis
361 5589 458 5645 omnia
480 5594 664 5662 pervagetur.
709 5585 792 5646 Haec
815 5586 902 5661 igitur
925 5603 1030 5646 vocum
1057 5590 1218 5665 proprietas
1240 5597 1293 5651 est.
1337 5590 1422 5651 Nune
1444 5599 1474 5651 et
1495 5609 1543 5653 re-

213 5670 303 5748 liquas
327 5673 501 5733 definitionis
523 5673 681 5750 particulas
703 5671 866 5734 declarabo.
