3684 7259
622 1243 800 1302 Hssuroniois.
835 1243 920 1301 Liber
936 1244 987 1303 111.
1005 1247 1149 1317 caputii.
1255 1335 1257 1339 ³
1498 1265 1560 1329 idi

202 1417 345 1485 majorem,
371 1434 451 1488 qnam
470 1427 497 1472 ει
515 1417 603 1486 major
619 1418 703 1473 babet
721 1418 756 1473 sd
775 1418 911 1473 minorem.
947 1420 1026 1488 Quod
1045 1424 1116 1478 enim
1137 1426 1166 1480 in
1183 1426 1373 1484 messoriane
1395 1436 1561 1502 geometrica

205 1506 247 1551 εει
263 1499 405 1567 proportio
424 1498 526 1568 eadem,
546 1499 573 1552 id
592 1499 619 1552 in
638 1505 733 1551 nostra
751 1497 871 1551 sectione
889 1501 994 1556 musica
1011 1511 1053 1557 est
1071 1504 1187 1573 qualitas
1201 1507 1304 1572 eadem,
1322 1525 1393 1579 quas
1410 1528 1560 1573 consonan-

201 1578 254 1645 tia,
273 1577 478 1645 concordantia,
497 1577 686 1648 congruentia,
710 1574 851 1633 harmonia
869 1576 975 1632 dicitur.
1012 1581 1082 1637 Care
1100 1591 1190 1639 tamen
1208 1587 1390 1645 subsumseris
1408 1607 1558 1650 consonan-

202 1654 268 1708 tiam
286 1654 377 1722 specie
396 1654 524 1723 eandem,
544 1656 615 1708 sicut
633 1653 689 1707 illic
707 1653 846 1722 proportio
866 1661 908 1707 est
925 1657 1012 1710 unica.

290 1734 405 1789 Veteres
423 1734 506 1803 hujus
526 1733 653 1789 sectionis
672 1747 726 1785 non
745 1732 924 1788 meminerunt
941 1736 994 1790 boc
1012 1752 1107 1806 sensu,
1133 1739 1197 1806 quia
1219 1757 1296 1797 veras
1319 1750 1557 1807 consonantiarum
1610 1777 1613 1786 v

206 1825 304 1865 causas
324 1813 507 1881 nesciverunt;
527 1814 560 1867 de
578 1813 699 1885 ipsorum
717 1827 780 1865 vero
800 1814 919 1868 sectione
937 1814 1054 1870 chordae
1072 1834 1184 1886 agemus
1202 1821 1322 1878 inferius.

287 1886 453 1964 Proposi
465 1898 475 1946 t
486 1892 518 1946 io
542 1886 598 1945 IX.
644 1887 742 1946 Sestio
759 1887 884 1947 chordas
907 1892 935 1946 in
951 1898 1050 1965 partes
1065 1892 1138 1952 duas
1153 1896 1293 1972 aequales
1315 1907 1359 1959 cst
1377 1900 1555 1965 harmonica.

286 1973 352 2024 Nam
376 1971 440 2039 qnia
462 1976 554 2040 partes
577 1968 706 2038 aequales
733 1984 828 2024 sonum
852 1971 936 2025 edunt
960 1972 1075 2029 eundem
1104 1976 1133 2031 in
1160 1994 1214 2033 una
1238 1979 1329 2050 aliqua
1358 1984 1482 2040 tensione
1506 2003 1555 2056 per

200 2049 306 2102 axioma
324 2048 349 2117 2,
369 2057 428 2103 tota
445 2067 510 2104 sero
529 2057 571 2104 est
584 2049 750 2118 singularum
769 2048 861 2119 dupla,
880 2056 1012 2105 consonat
1027 2052 1109 2121 igitur
1120 2054 1237 2111 identice
1356 2080 1554 2142 03:04-

198 2134 259 2179 cnm
285 2144 378 2182 earnm
406 2144 580 2199 unaquaque,
610 2145 661 2197 per
686 2145 764 2198 prop.
786 2132 813 2184 l:
840 2134 895 2183 tres
921 2131 1004 2198 igitur
1033 2133 1235 2205 consonantiae,
1414 2131 1555 2175 --ν-ἶ

199 2221 282 2273 quare
301 2222 350 2274 per
368 2207 554 2264 definitionem
572 2209 674 2263 chorda
692 2216 766 2263 secta
785 2215 827 2263 est
844 2208 1007 2263 harmonice.
1015 2209 1044 2278 *J
1238 2284 1253 2319 π
1288 2201 1555 2267 “ss?ss
1591 2217 1594 2223 ·

914 2398 1233 2413 ——..-.—

1067 2425 1076 2458 ¹
1382 2438 1391 2471 t

194 2614 271 2692 plac,
305 2625 350 2677 est
373 2617 550 2677 harmonica.

280 2527 502 2606 Prop'ositio
524 2528 567 2589 X.
613 2527 712 2589 Sestio
736 2529 861 2614 chordae
885 2532 914 2588 in
938 2524 1140 2613 duas'partes,
1170 2545 1367 2618 proportionis
1390 2544 1446 2605 du·
1522 2545 1530 2579 ¹

281 2698 377 2753 Partes
396 2699 467 2756 eninr
486 2699 566 2767 hujus
585 2698 768 2767 proportionis
793 2708 945 2755 consonant
965 2702 1083 2760 identica
1101 2722 1151 2776 per
1168 2723 1245 2783 prop.
1265 2713 1290 2767 1.
1304 2728 1446 2774 ,ΤΞ
1465 2687 1477 2722 ¹
1612 2765 1617 2775 ,

195 2777 231 2830 Ει
249 2778 311 2846 quin
329 2795 393 2847 pars
412 2781 497 2849 major
516 2787 558 2833 est
576 2777 659 2846 dupla
677 2776 801 2840 minoris,
826 2787 885 2832 tota
902 2778 984 2846 igitur
1002 2791 1057 2842 est,
1070 2783 1151 2854 tripla
1168 2786 1288 2845 minoris.
1302 2783 1445 2910 ξ’,
1522 2796 1526 2904 t

195 2857 246 2910 Est
263 2858 345 2924 igitur
363 2859 397 2912 ad
415 2861 562 2927 minorem,
587 2867 618 2911 ut
636 2855 752 2910 circulus
771 2856 806 2910 ad
824 2865 929 2924 partem
947 2860 1081 2929 trigonico
1099 2864 1184 2920 latere
1201 2884 1289 2925 resec·
1339 2834 1445 2885 „0:-
1578 2919 1586 2937 ,

195 2946 255 3000 tam,
274 2946 301 2991 ει
320 2955 479 3008 consonam,
503 2955 552 3008 per
570 2936 743 2993 corollarium
761 2938 884 2991 ultimum
911 2939 1008 3007 capitis
1026 2942 1136 3009 prioris,
1159 2956 1290 3014 quercet

195 3015 254 3083 ipsa
271 3022 330 3071 tota
348 3019 419 3085 parti
438 3019 536 3072 minori
555 3032 674 3072 consona
692 3025 743 3083 est,
762 3033 812 3085 per
824 3033 868 3070 ax.
880 3020 904 3073 5.
943 3019 1081 3077 Consonat
1092 3022 1176 3092 igitur
1187 3037 1215 3081 ει
1228 3028 1288 3095 ejus
1354 3050 1442 3062 ·-·
1532 3021 1546 3053 ²

195 3094 306 3165 duplae,
330 3113 369 3152 sc.
387 3097 510 3163 residuo,
536 3113 586 3166 per
602 3112 715 3166 propos.
732 3097 758 3150 t.
794 3097 862 3151 Tres
880 3096 964 3165 igitur
986 3100 1121 3167 perhanc
1139 3106 1287 3161 sectionem
1300 3052 1441 3168 Ξῖ

195 3177 385 3230 consonantiae
402 3178 616 3244 constituuntur,
635 3191 699 3243 ergo
718 3181 769 3229 etc.
1096 3234 1097 3237 ,
1300 3172 1437 3223 *θ’

276 3283 492 3361 Propositio
515 3285 573 3344 XI,
618 3284 717 3345 Sestio
741 3283 867 3344 chordae
890 3287 918 3341 in
944 3285 1017 3348 duas
1039 3297 1145 3366 partes,
1176 3300 1370 3380 proportionis
1393 3302 1440 3360 in·
1515 3299 1524 3331 ¹

195 3377 235 3428 ter
255 3389 287 3430 sc
311 3374 432 3450 triplae,
457 3382 502 3435 est
523 3375 714 3434 harmonica:¹

209 3475 218 3488 ’
276 3454 346 3508 Nam
365 3457 429 3523 quia
446 3465 538 3526 partes
559 3460 570 3511 1
591 3464 619 3509 ει
637 3456 652 3509 3
672 3459 736 3507 sunt
754 3453 914 3508 adinvicem
934 3463 964 3510 ut
981 3468 1045 3526 pars
1058 3458 1153 3515 circuli
1164 3459 1284 3519 consona
1295 3483 1421 3529 ’Ξῖ-,-

193 3532 224 3585 ad
241 3543 337 3604 totum,
356 3540 545 3592 consonabunt
563 3544 591 3591 ει
608 3536 685 3608 ipsae
702 3535 773 3587 inter
790 3550 833 3596 se,
856 3551 907 3604 per
925 3551 968 3588 ax.
987 3537 1011 3590 5.
1048 3535 1086 3594 Et
1104 3540 1168 3606 quia
1187 3544 1198 3595 1
1220 3550 1248 3595 et
1266 3543 1282 3597 3
1385 3541 1421 3598 k

192 3611 294 3667 iaciunt
311 3614 336 3682 4,
355 3631 419 3683 pars
436 3619 446 3670 1
468 3633 528 3671 cum
547 3620 605 3669 toto
623 3613 640 3667 4
659 3611 818 3667 consonabit
836 3628 887 3681 per
904 3613 1038 3668 axiomai
1059 3622 1088 3668 et
1103 3633 1154 3686 per
1164 3634 1242 3690 prop.
1256 3622 1281 3684 3,
1403 3628 1421 3635 ’”

276 3694 399 3763 Denique
425 3698 489 3765 quia
514 3694 650 3749 residuum
675 3694 690 3746 3
719 3699 850 3745 consonat
875 3707 937 3746 cum
962 3698 1040 3761 parte
1065 3696 1093 3764 1,
1124 3699 1284 3755 consonabit

192 3773 270 3827 etiam
289 3790 350 3828 cum
369 3774 428 3841 ejus
447 3774 599 3843 quadruplo
618 3775 643 3842 4,
662 3787 699 3826 ac.
718 3788 779 3826 cum
797 3778 856 3827 tota
869 3771 978 3832 chorda.
1015 3772 1105 3840 Quare
1123 3784 1151 3832 ει
1162 3768 1281 3834 ιίειεεε
1294 3770 1437 3883 {3

191 3859 252 3905 sunt
269 3858 469 3907 consonantiae.
1294 3838 1439 3941 -Ξξῖ

273 4031 489 4108 Propositio
512 4002 603 4087 xil(
640 4010 893 4090 Sectio‘cbordae
924 4032 954 4089 in
987 4031 1062 4091 duas
1093 4041 1205 4111 partes,
1239 4046 1436 4120 proportionis
1495 4044 1500 4150 l
1527 4082 1537 4115 r

191 4121 263 4179 inter
285 4138 317 4179 se
341 4118 537 4197 quadruplae,
560 4125 604 4175 εει
627 4117 806 4177 harmonica.

271 4204 343 4259 Nam
361 4203 426 4273 quia
442 4209 534 4271 partes
553 4206 616 4254 sunt
634 4200 662 4255 in
680 4200 832 4270 quadrupla
843 4216 934 4270 prop,
953 4209 1103 4257 consonant
1115 4203 1197 4273 igitur
1208 4206 1279 4265 inter
1292 4226 1434 4294 :51

188 4300 215 4338 se
232 4285 362 4352 identice,
392 4298 441 4352 per
458 4295 534 4350 prop.
553 4279 578 4348 3,
602 4289 629 4333 ει
647 4280 743 4348 quisi
769 4290 796 4337 ει
813 4279 947 4347 Ηεείυει
965 4282 994 4349 5,
1020 4297 1084 4349 ergo
1101 4298 1165 4351 pars
1186 4288 1196 4341 i
1217 4259 1465 4410 emh-:⁵
1524 4330 1537 4363 4

186 4371 243 4418 tota
261 4367 277 4418 5
297 4368 438 4427 consonat,
456 4376 506 4429 per
524 4360 630 4413 axioma
647 4364 672 4413 i.
691 4367 719 4414 et
737 4360 908 4415 corollarium
933 4360 1041 4415 dictum.
1079 4360 1170 4429 Quare
1186 4371 1244 4422 tota
1262 4371 1278 4425 5

186 4450 316 4497 consonat
338 4440 420 4494 etiarn
445 4454 506 4492 curn
528 4437 614 4506 partis
639 4442 651 4492 t
680 4438 880 4508 quadruplici,
906 4454 957 4508 per
980 4455 1020 4508 pr.
1039 4440 1064 4495 4.
1100 4438 1168 4495 Tres
1195 4442 1279 4514 igitur
1361 4482 1431 4490 -

185 4519 252 4575 fiunt
270 4520 471 4575 consonantiae.
508 4518 582 4587 Ergo
602 4523 652 4573 eto
1089 4559 1096 4574 .
1141 4512 1143 4516 ’
1288 4480 1432 4654 ξ

1290 4620 1356 4629 ·-
1398 4612 1410 4646 b

270 4672 488 4749 Propositio
512 4671 600 4730 XIII.
646 4669 745 4730 Sectio
777 4668 901 4730 chordas
930 4671 960 4727 in
988 4668 1061 4731 duas
1079 4670 1203 4753 partes,
1234 4688 1430 4759 proportionis
1470 4686 1496 4792 ‚l

185 4763 256 4821 inter
279 4778 311 4819 se
336 4759 525 4837 quincuplus,
549 4768 593 4819 εει
615 4758 792 4839 harmonica

267 4843 338 4897 Nam
357 4842 421 4912 quia
438 4858 502 4912 pars
521 4850 562 4903 est
583 4845 604 4908 l,
622 4839 762 4896 residuum
780 4840 809 4910 5,
828 4837 932 4905 babent
949 4838 1031 4907 igitur
1047 4845 1258 4918 proportionem,
1280 4838 1430 4920 qusm'eir.
1472 4798 1476 4900 l

183 4922 258 4977 culus
276 4928 352 4975 totus
379 4921 414 4976 ad
432 4929 537 4991 partem
560 4930 767 4990 consonantem,
790 4934 902 4989 petax.
923 4921 946 4974 i.
973 4927 1001 4973 et
1025 4920 1196 4981 corollarium
1287 4954 1377 5005 ,ΘΙ-

184 5002 288 5056 dictum.
326 5000 415 5067 Quare
435 5007 462 5053 et
478 5002 554 5068 ipsae
573 5001 644 5054 inter
662 5014 691 5052 se
710 5009 845 5053 consonae
865 5006 940 5069 sunt,
966 5013 1016 5069 per
1033 5013 1077 5053 ax.
1097 5000 1122 5054 5.
1158 5000 1196 5056 Et
1234 4967 1377 5058 ἰδ’-Τ.
1520 5041 1533 5075 ,

183 5082 242 5148 quia
260 5096 325 5150 pars
346 5083 357 5135 1
384 5096 445 5133 cum
462 5079 572 5132 residuo
592 5081 607 5132 5
631 5077 697 5131 iacit
720 5080 852 5148 titutum,
875 5079 958 5145 igitur
981 5088 1039 5149 (per
1058 5096 1101 5134 ax.
1123 5084 1147 5136 l.
1164 5086 1196 5135 et
1270 5085 1375 5131 :3
1448 5104 1484 5148 ,-

182 5161 360 5221 corollarium)
385 5161 634 5228 pars1consonat
656 5172 717 5211 cum
739 5162 797 5211 toto
816 5158 840 5213 6.
876 5158 914 5212 Ει
933 5157 996 5228 quia
1020 5156 1158 5212 residuum
1176 5160 1192 5214 5

182 5240 272 5293 estad
292 5249 417 5307 quartam
441 5243 546 5306 partem
570 5236 604 5290 de
622 5244 681 5290 toto
699 5233 800 5290 circulo
817 5236 836 5296 ,6
860 5236 977 5304 [scilicet
999 5234 1034 5290 ad
1059 5236 1091 5304 ii
1109 5235 1192 5304 hujus
1286 5266 1427 5275 ---

181 5316 330 5385 divisionis)
350 5324 379 5371 ut
398 5316 514 5370 circulus
533 5322 607 5368 totus
626 5315 659 5369 10
678 5312 711 5367 ad
729 5320 834 5383 partem
857 5329 1004 5375 consonam
1023 5312 1054 5378 3,
1081 5327 1131 5382 per
1147 5329 1191 5368 co·
1231 5267 1380 5401 Ξὲ-
1381 5338 1427 5382 “-

181 5395 329 5465 rollasium,
357 5410 440 5465 quare
468 5400 496 5449 et
521 5391 695 5447 residuumb
722 5408 783 5445 cum
809 5398 868 5446 toto
895 5392 912 5449 6
939 5389 1110 5460 consonabit,
1135 5387 1190 5459 'per
1232 5360 1426 5437 “238-

180 5492 253 5544 prop.
274 5480 298 5531 7.
333 5475 384 5529 Vel
404 5474 476 5543 quod
494 5470 590 5528 eodem
607 5470 690 5534 redit,
715 5470 779 5540 quia
796 5469 936 5525 residuum
954 5466 970 5526 5
989 5477 1031 5524 εει
1053 5468 1088 5526 sd
1105 5470 1188 5525 totius
1212 5471 1305 5531 circuli
1323 5475 1338 5530 6
1357 5474 1470 5546 duplum
1491 5473 1531 5539 12,

179 5563 208 5609 ut
234 5571 298 5624 pars
322 5569 442 5609 consona
467 5552 502 5607 ad
528 5559 632 5617 totum,
658 5566 708 5621 per
730 5548 914 5616 corollarium,
941 5562 1025 5617 quare
1048 5554 1076 5603 et
1099 5549 1152 5604 boc
1172 5551 1346 5608 residuumb
1371 5550 1531 5609 consonabit

227 5713 250 5767 θ)
263 5714 335 5756 Notae
348 5724 377 5756 ax
389 5713 476 5754 musica
489 5715 568 5754 nostn
580 5710 665 5754 usitata
680 5707 839 5761 utlctpsndse
852 5717 883 5749 cx
896 5704 1056 5759 scrumosus,
1070 5716 1140 5751 cam
1151 5710 1232 5763 captus
1245 5708 1362 5754 baruca

1234 2370 1553 2391 ῃ--ι
