<?xml version="1.0" encoding="UTF-8"?>
<!DOCTYPE html PUBLIC "-//W3C//DTD XHTML 1.0 Transitional//EN"
    "http://www.w3.org/TR/xhtml1/DTD/xhtml1-transitional.dtd">
<html xmlns="http://www.w3.org/1999/xhtml" xml:lang="en" lang="en">
 <head>
  <title>
</title>
<meta http-equiv="Content-Type" content="text/html;charset=utf-8" />
  <meta name='ocr-system' content='tesseract 3.04.00' />
  <meta name='ocr-capabilities' content='ocr_page ocr_carea ocr_par ocr_line ocrx_word'/>
</head>
<body>
  <div class='ocr_page' id='page_1' title='image "./joanniskepleria09frisgoog_0293.png"; bbox 0 0 3684 7259; ppageno 0'>
   <div class='ocr_carea' id='block_1_1' title="bbox 1525 1175 3183 1266">
    <p class='ocr_par' dir='ltr' id='par_1_1' title="bbox 1525 1175 3183 1266">
     <span class='ocr_line' id='line_1_1' title="bbox 1525 1175 3183 1266; baseline 0.005 -15"><span class='ocrx_word' id='word_1_1' title='bbox 1525 1193 1692 1251; x_wconf 76' lang='lat' dir='ltr'>Liber</span> <span class='ocrx_word' id='word_1_2' title='bbox 1725 1194 1797 1250; x_wconf 46' lang='lat' dir='ltr'>v,</span> <span class='ocrx_word' id='word_1_3' title='bbox 1852 1193 2160 1266; x_wconf 45' lang='lat' dir='ltr'>capuam</span> <span class='ocrx_word' id='word_1_4' title='bbox 2617 1234 2621 1238; x_wconf 83' lang='lat'><em>-</em></span> <span class='ocrx_word' id='word_1_5' title='bbox 2698 1175 2713 1194; x_wconf 71' lang='lat'><strong>²</strong></span> <span class='ocrx_word' id='word_1_6' title='bbox 3063 1181 3183 1260; x_wconf 76' lang='lat'>281</span> 
     </span>
    </p>
   </div>
   <div class='ocr_carea' id='block_1_2' title="bbox 444 1309 3193 3248">
    <p class='ocr_par' dir='ltr' id='par_1_2' title="bbox 444 1309 3193 2329">
     <span class='ocr_line' id='line_1_2' title="bbox 670 1309 3192 1453; baseline 0.002 -22"><span class='ocrx_word' id='word_1_7' title='bbox 670 1373 1108 1434; x_wconf 86' lang='lat' dir='ltr'>Deeimotertio.</span> <span class='ocrx_word' id='word_1_8' title='bbox 1202 1375 1288 1433; x_wconf 86' lang='lat' dir='ltr'>Ex</span> <span class='ocrx_word' id='word_1_9' title='bbox 1332 1376 1670 1452; x_wconf 77' lang='lat' dir='ltr'>praemissis</span> <span class='ocrx_word' id='word_1_10' title='bbox 1716 1309 2148 1444; x_wconf 46' lang='lat' dir='ltr'>demon-uffa</span> <span class='ocrx_word' id='word_1_11' title='bbox 2189 1373 2338 1434; x_wconf 86' lang='lat' dir='ltr'>haee</span> <span class='ocrx_word' id='word_1_12' title='bbox 2380 1375 2735 1453; x_wconf 69' lang='lat' dir='ltr'>propositio,</span> <span class='ocrx_word' id='word_1_13' title='bbox 2802 1376 2974 1436; x_wconf 83' lang='lat' dir='ltr'>nobis</span> <span class='ocrx_word' id='word_1_14' title='bbox 3015 1363 3192 1435; x_wconf 81' lang='lat' dir='ltr'>valde</span> 
     </span>
     <span class='ocr_line' id='line_1_3' title="bbox 490 1461 3190 1542; baseline 0.001 -23"><span class='ocrx_word' id='word_1_15' title='bbox 490 1464 823 1521; x_wconf 85' lang='lat' dir='ltr'>necessaria</span> <span class='ocrx_word' id='word_1_16' title='bbox 865 1463 1085 1534; x_wconf 82' lang='lat' dir='ltr'>sutura,</span> <span class='ocrx_word' id='word_1_17' title='bbox 1163 1462 1321 1539; x_wconf 91' lang='lat' dir='ltr'>quod</span> <span class='ocrx_word' id='word_1_18' title='bbox 1368 1481 1481 1540; x_wconf 88' lang='lat' dir='ltr'>que</span> <span class='ocrx_word' id='word_1_19' title='bbox 1543 1463 1860 1523; x_wconf 78' lang='lat' dir='ltr'>admodum</span> <span class='ocrx_word' id='word_1_20' title='bbox 1915 1463 2212 1542; x_wconf 81' lang='lat' dir='ltr'>proportio</span> <span class='ocrx_word' id='word_1_21' title='bbox 2257 1461 2578 1522; x_wconf 89' lang='lat' dir='ltr'>mediorum</span> <span class='ocrx_word' id='word_1_22' title='bbox 2623 1470 2887 1523; x_wconf 91' lang='lat' dir='ltr'>motuum</span> <span class='ocrx_word' id='word_1_23' title='bbox 2930 1465 2992 1522; x_wconf 92' lang='lat' dir='ltr'>in</span> <span class='ocrx_word' id='word_1_24' title='bbox 3035 1464 3190 1523; x_wconf 91' lang='lat' dir='ltr'>binis</span> 
     </span>
     <span class='ocr_line' id='line_1_4' title="bbox 491 1483 3192 1629; baseline 0.001 -22"><span class='ocrx_word' id='word_1_25' title='bbox 491 1548 745 1627; x_wconf 89' lang='lat' dir='ltr'>planetis</span> <span class='ocrx_word' id='word_1_26' title='bbox 805 1557 896 1609; x_wconf 90' lang='lat' dir='ltr'>est</span> <span class='ocrx_word' id='word_1_27' title='bbox 954 1550 1341 1625; x_wconf 84' lang='lat' dir='ltr'>sesquialtera</span> <span class='ocrx_word' id='word_1_28' title='bbox 1404 1483 1610 1618; x_wconf 50' lang='lat' dir='ltr'>evas</span> <span class='ocrx_word' id='word_1_29' title='bbox 1664 1551 2056 1629; x_wconf 85' lang='lat' dir='ltr'>proportionis</span> <span class='ocrx_word' id='word_1_30' title='bbox 2119 1551 2375 1624; x_wconf 89' lang='lat' dir='ltr'>orbium,</span> <span class='ocrx_word' id='word_1_31' title='bbox 2443 1553 2528 1610; x_wconf 87' lang='lat' dir='ltr'>sie</span> <span class='ocrx_word' id='word_1_32' title='bbox 2587 1552 2884 1627; x_wconf 86' lang='lat' dir='ltr'>proportio</span> <span class='ocrx_word' id='word_1_33' title='bbox 2947 1550 3192 1611; x_wconf 86' lang='lat' dir='ltr'>duorum</span> 
     </span>
     <span class='ocr_line' id='line_1_5' title="bbox 492 1637 3190 1715; baseline -0 -19"><span class='ocrx_word' id='word_1_34' title='bbox 492 1638 901 1714; x_wconf 87' lang='lat' dir='ltr'>apparentium</span> <span class='ocrx_word' id='word_1_35' title='bbox 969 1644 1441 1712; x_wconf 85' lang='lat' dir='ltr'>convergentium</span> <span class='ocrx_word' id='word_1_36' title='bbox 1506 1646 1893 1714; x_wconf 77' lang='lat' dir='ltr'>extremorum</span> <span class='ocrx_word' id='word_1_37' title='bbox 1951 1644 2216 1698; x_wconf 91' lang='lat' dir='ltr'>motuum</span> <span class='ocrx_word' id='word_1_38' title='bbox 2273 1655 2504 1714; x_wconf 91' lang='lat' dir='ltr'>semper</span> <span class='ocrx_word' id='word_1_39' title='bbox 2562 1637 2896 1704; x_wconf 66' lang='lat' dir='ltr'>deliciata</span> <span class='ocrx_word' id='word_1_40' title='bbox 2957 1640 3190 1715; x_wconf 85' lang='lat' dir='ltr'>sesqui-</span> 
     </span>
     <span class='ocr_line' id='line_1_6' title="bbox 491 1725 3193 1804; baseline 0.001 -20"><span class='ocrx_word' id='word_1_41' title='bbox 491 1725 678 1784; x_wconf 89' lang='lat' dir='ltr'>altera</span> <span class='ocrx_word' id='word_1_42' title='bbox 738 1727 1130 1803; x_wconf 86' lang='lat' dir='ltr'>proportionis</span> <span class='ocrx_word' id='word_1_43' title='bbox 1195 1725 1673 1800; x_wconf 77' lang='lat' dir='ltr'>intervallorum,</span> <span class='ocrx_word' id='word_1_44' title='bbox 1734 1726 1852 1801; x_wconf 71' lang='lat' dir='ltr'>inis</span> <span class='ocrx_word' id='word_1_45' title='bbox 1913 1728 2183 1786; x_wconf 78' lang='lat' dir='ltr'>extremis</span> <span class='ocrx_word' id='word_1_46' title='bbox 2243 1726 2500 1785; x_wconf 89' lang='lat' dir='ltr'>motibus</span> <span class='ocrx_word' id='word_1_47' title='bbox 2565 1725 3095 1804; x_wconf 84' lang='lat' dir='ltr'>respondentium3-</span> <span class='ocrx_word' id='word_1_48' title='bbox 3133 1734 3193 1787; x_wconf 88' lang='lat' dir='ltr'>et</span> 
     </span>
     <span class='ocr_line' id='line_1_7' title="bbox 494 1811 3192 1891; baseline 0.001 -21"><span class='ocrx_word' id='word_1_49' title='bbox 494 1814 834 1889; x_wconf 84' lang='lat' dir='ltr'>quantisper</span> <span class='ocrx_word' id='word_1_50' title='bbox 879 1811 1113 1889; x_wconf 91' lang='lat' dir='ltr'>quidem</span> <span class='ocrx_word' id='word_1_51' title='bbox 1181 1812 1331 1871; x_wconf 84' lang='lat' dir='ltr'><strong>duae</strong></span> <span class='ocrx_word' id='word_1_52' title='bbox 1376 1814 1780 1890; x_wconf 79' lang='lat' dir='ltr'>proportiones</span> <span class='ocrx_word' id='word_1_53' title='bbox 1827 1813 2073 1873; x_wconf 91' lang='lat' dir='ltr'>duorum</span> <span class='ocrx_word' id='word_1_54' title='bbox 2116 1812 2552 1874; x_wconf 81' lang='lat' dir='ltr'>intervallorum</span> <span class='ocrx_word' id='word_1_55' title='bbox 2596 1814 3070 1891; x_wconf 80' lang='lat' dir='ltr'>respondentium</span> <span class='ocrx_word' id='word_1_56' title='bbox 3116 1813 3192 1874; x_wconf 86' lang='lat' dir='ltr'>ad</span> 
     </span>
     <span class='ocr_line' id='line_1_8' title="bbox 496 1898 3192 1979; baseline 0.001 -21"><span class='ocrx_word' id='word_1_57' title='bbox 496 1900 807 1958; x_wconf 86' lang='lat' dir='ltr'>intervalla</span> <span class='ocrx_word' id='word_1_58' title='bbox 863 1898 976 1958; x_wconf 89' lang='lat' dir='ltr'>dno</span> <span class='ocrx_word' id='word_1_59' title='bbox 1041 1900 1237 1959; x_wconf 90' lang='lat' dir='ltr'>media</span> <span class='ocrx_word' id='word_1_60' title='bbox 1280 1918 1385 1959; x_wconf 84' lang='lat' dir='ltr'>seu</span> <span class='ocrx_word' id='word_1_61' title='bbox 1430 1901 1507 1959; x_wconf 87' lang='lat' dir='ltr'>ad</span> <span class='ocrx_word' id='word_1_62' title='bbox 1563 1901 2024 1968; x_wconf 88' lang='lat' dir='ltr'>semidiametros</span> <span class='ocrx_word' id='word_1_63' title='bbox 2090 1900 2334 1962; x_wconf 90' lang='lat' dir='ltr'>duorum</span> <span class='ocrx_word' id='word_1_64' title='bbox 2395 1902 2622 1961; x_wconf 90' lang='lat' dir='ltr'>orbium</span> <span class='ocrx_word' id='word_1_65' title='bbox 2680 1902 2928 1979; x_wconf 82' lang='lat' dir='ltr'>junctae</span> <span class='ocrx_word' id='word_1_66' title='bbox 2969 1903 3192 1963; x_wconf 82' lang='lat' dir='ltr'>faciunt</span> 
     </span>
     <span class='ocr_line' id='line_1_9' title="bbox 496 1987 3190 2068; baseline 0.001 -21"><span class='ocrx_word' id='word_1_67' title='bbox 496 1990 686 2048; x_wconf 86' lang='lat' dir='ltr'>minus</span> <span class='ocrx_word' id='word_1_68' title='bbox 719 2005 896 2063; x_wconf 89' lang='lat' dir='ltr'>quam</span> <span class='ocrx_word' id='word_1_69' title='bbox 941 1987 1239 2046; x_wconf 78' lang='lat' dir='ltr'>dimidiam</span> <span class='ocrx_word' id='word_1_70' title='bbox 1266 1990 1655 2065; x_wconf 87' lang='lat' dir='ltr'>proportionis</span> <span class='ocrx_word' id='word_1_71' title='bbox 1702 1990 1947 2063; x_wconf 93' lang='lat' dir='ltr'>orbium,</span> <span class='ocrx_word' id='word_1_72' title='bbox 1992 1990 2276 2068; x_wconf 85' lang='lat' dir='ltr'>tantisper</span> <span class='ocrx_word' id='word_1_73' title='bbox 2306 1991 2601 2068; x_wconf 87' lang='lat' dir='ltr'>proportio</span> <span class='ocrx_word' id='word_1_74' title='bbox 2633 1998 2897 2050; x_wconf 90' lang='lat' dir='ltr'>motuum</span> <span class='ocrx_word' id='word_1_75' title='bbox 2944 1989 3190 2051; x_wconf 89' lang='lat' dir='ltr'>duorum</span> 
     </span>
     <span class='ocr_line' id='line_1_10' title="bbox 497 2076 3192 2155; baseline 0.001 -22"><span class='ocrx_word' id='word_1_76' title='bbox 497 2084 883 2134; x_wconf 85' lang='lat' dir='ltr'>extremomm</span> <span class='ocrx_word' id='word_1_77' title='bbox 929 2078 1403 2148; x_wconf 73' lang='lat' dir='ltr'>eonvergentium</span> <span class='ocrx_word' id='word_1_78' title='bbox 1449 2085 1538 2136; x_wconf 90' lang='lat' dir='ltr'>est</span> <span class='ocrx_word' id='word_1_79' title='bbox 1581 2077 1770 2152; x_wconf 82' lang='lat' dir='ltr'>major</span> <span class='ocrx_word' id='word_1_80' title='bbox 1799 2078 2176 2155; x_wconf 85' lang='lat' dir='ltr'>proportione</span> <span class='ocrx_word' id='word_1_81' title='bbox 2216 2077 2693 2154; x_wconf 88' lang='lat' dir='ltr'>respondentium</span> <span class='ocrx_word' id='word_1_82' title='bbox 2721 2076 3192 2154; x_wconf 77' lang='lat' dir='ltr'>intervallorum3</span> 
     </span>
     <span class='ocr_line' id='line_1_11' title="bbox 444 2162 3191 2241; baseline 0.001 -19"><span class='ocrx_word' id='word_1_83' title='bbox 444 2164 545 2222; x_wconf 91' lang='lat' dir='ltr'>·si</span> <span class='ocrx_word' id='word_1_84' title='bbox 590 2180 730 2221; x_wconf 89' lang='lat' dir='ltr'>vero</span> <span class='ocrx_word' id='word_1_85' title='bbox 790 2162 893 2221; x_wconf 91' lang='lat' dir='ltr'>illa</span> <span class='ocrx_word' id='word_1_86' title='bbox 947 2181 1172 2221; x_wconf 87' lang='lat' dir='ltr'>summa</span> <span class='ocrx_word' id='word_1_87' title='bbox 1235 2172 1535 2239; x_wconf 89' lang='lat' dir='ltr'>superaret</span> <span class='ocrx_word' id='word_1_88' title='bbox 1596 2163 1893 2224; x_wconf 78' lang='lat' dir='ltr'>dimidiam</span> <span class='ocrx_word' id='word_1_89' title='bbox 1956 2166 2349 2241; x_wconf 87' lang='lat' dir='ltr'>proportionis</span> <span class='ocrx_word' id='word_1_90' title='bbox 2410 2166 2666 2240; x_wconf 89' lang='lat' dir='ltr'>orbium,</span> <span class='ocrx_word' id='word_1_91' title='bbox 2732 2173 2872 2224; x_wconf 88' lang='lat' dir='ltr'>tune</span> <span class='ocrx_word' id='word_1_92' title='bbox 2928 2174 3191 2226; x_wconf 86' lang='lat' dir='ltr'>motuum</span> 
     </span>
     <span class='ocr_line' id='line_1_12' title="bbox 495 2251 2961 2329; baseline 0.001 -19"><span class='ocrx_word' id='word_1_93' title='bbox 495 2253 975 2325; x_wconf 86' lang='lat' dir='ltr'>eouvergentium</span> <span class='ocrx_word' id='word_1_94' title='bbox 1020 2254 1318 2328; x_wconf 89' lang='lat' dir='ltr'>proportio</span> <span class='ocrx_word' id='word_1_95' title='bbox 1366 2251 1530 2311; x_wconf 89' lang='lat' dir='ltr'>fieret</span> <span class='ocrx_word' id='word_1_96' title='bbox 1574 2254 1763 2312; x_wconf 92' lang='lat' dir='ltr'>minor</span> <span class='ocrx_word' id='word_1_97' title='bbox 1805 2255 2180 2329; x_wconf 87' lang='lat' dir='ltr'>proportione</span> <span class='ocrx_word' id='word_1_98' title='bbox 2223 2269 2457 2311; x_wconf 87' lang='lat' dir='ltr'>suorum</span> <span class='ocrx_word' id='word_1_99' title='bbox 2504 2253 2961 2313; x_wconf 78' lang='lat' dir='ltr'>intervallorum.</span> 
     </span>
    </p>

    <p class='ocr_par' dir='ltr' id='par_1_3' title="bbox 489 2333 3166 3248">
     <span class='ocr_line' id='line_1_13' title="bbox 666 2333 2362 2417; baseline 0.002 -22"><span class='ocrx_word' id='word_1_100' title='bbox 666 2336 758 2395; x_wconf 90' lang='lat' dir='ltr'>Sit</span> <span class='ocrx_word' id='word_1_101' title='bbox 788 2339 1014 2397; x_wconf 92' lang='lat' dir='ltr'>orbium</span> <span class='ocrx_word' id='word_1_102' title='bbox 1057 2341 1354 2415; x_wconf 89' lang='lat' dir='ltr'>proportio</span> <span class='ocrx_word' id='word_1_103' title='bbox 1386 2338 1521 2413; x_wconf 89' lang='lat' dir='ltr'>DH,</span> <span class='ocrx_word' id='word_1_104' title='bbox 1571 2340 1697 2417; x_wconf 75' lang='grc' dir='ltr'>ΑΒ,</span> <span class='ocrx_word' id='word_1_105' title='bbox 1743 2333 2008 2399; x_wconf 89' lang='lat' dir='ltr'>motuum</span> <span class='ocrx_word' id='word_1_106' title='bbox 2038 2339 2362 2399; x_wconf 85' lang='lat' dir='ltr'>mediorum</span> 
     </span>
     <span class='ocr_line' id='line_1_14' title="bbox 502 2410 3145 2502; baseline 0.002 -18"><span class='ocrx_word' id='word_1_107' title='bbox 502 2427 804 2502; x_wconf 89' lang='lat' dir='ltr'>proportio</span> <span class='ocrx_word' id='word_1_108' title='bbox 850 2425 970 2495; x_wconf 87' lang='lat' dir='ltr'>HI,</span> <span class='ocrx_word' id='word_1_109' title='bbox 1041 2426 1190 2495; x_wconf 87' lang='lat' dir='ltr'>EM,</span> <span class='ocrx_word' id='word_1_110' title='bbox 1258 2427 1464 2501; x_wconf 80' lang='lat' dir='ltr'>prioris</span> <span class='ocrx_word' id='word_1_111' title='bbox 1526 2427 1912 2502; x_wconf 85' lang='lat' dir='ltr'>sesquialtera</span> <span class='ocrx_word' id='word_1_112' title='bbox 1958 2445 2181 2487; x_wconf 84' lang='lat' dir='ltr'>eversa.</span> <span class='ocrx_word' id='word_1_113' title='bbox 2271 2426 2363 2487; x_wconf 88' lang='lat' dir='ltr'>Sit</span> <span class='ocrx_word' id='word_1_114' title='bbox 2855 2410 2890 2464; x_wconf 78' lang='lat'>4</span> <span class='ocrx_word' id='word_1_115' title='bbox 2942 2410 2974 2464; x_wconf 86' lang='lat'>5</span> <span class='ocrx_word' id='word_1_116' title='bbox 3029 2410 3062 2464; x_wconf 77' lang='grc'>8</span> <span class='ocrx_word' id='word_1_117' title='bbox 3113 2411 3145 2465; x_wconf 83' lang='grc'>9</span> 
     </span>
     <span class='ocr_line' id='line_1_15' title="bbox 499 2513 3166 2590; baseline -0.001 -21"><span class='ocrx_word' id='word_1_118' title='bbox 499 2513 870 2571; x_wconf 86' lang='lat' dir='ltr'>intervallum</span> <span class='ocrx_word' id='word_1_119' title='bbox 915 2513 1037 2572; x_wconf 89' lang='lat' dir='ltr'>illie</span> <span class='ocrx_word' id='word_1_120' title='bbox 1081 2516 1380 2572; x_wconf 89' lang='lat' dir='ltr'>minimum</span> <span class='ocrx_word' id='word_1_121' title='bbox 1408 2515 1499 2572; x_wconf 91' lang='lat' dir='ltr'>sui</span> <span class='ocrx_word' id='word_1_122' title='bbox 1528 2515 1703 2587; x_wconf 87' lang='lat' dir='ltr'>orbis,</span> <span class='ocrx_word' id='word_1_123' title='bbox 1748 2532 1830 2575; x_wconf 86' lang='lat' dir='ltr'>se.</span> <span class='ocrx_word' id='word_1_124' title='bbox 1861 2513 1983 2590; x_wconf 83' lang='lat' dir='ltr'>CG,</span> <span class='ocrx_word' id='word_1_125' title='bbox 2029 2515 2125 2574; x_wconf 87' lang='lat' dir='ltr'>hie</span> <span class='ocrx_word' id='word_1_126' title='bbox 2168 2516 2360 2575; x_wconf 87' lang='lat' dir='ltr'>maxi·</span> <span class='ocrx_word' id='word_1_127' title='bbox 2830 2513 2894 2569; x_wconf 90' lang='lat' dir='ltr'>A.</span> <span class='ocrx_word' id='word_1_128' title='bbox 2923 2515 2984 2568; x_wconf 90' lang='lat' dir='ltr'>B.</span> <span class='ocrx_word' id='word_1_129' title='bbox 3019 2515 3076 2569; x_wconf 92' lang='lat' dir='ltr'>C.</span> <span class='ocrx_word' id='word_1_130' title='bbox 3103 2516 3166 2568; x_wconf 91' lang='lat' dir='ltr'>D.</span> 
     </span>
     <span class='ocr_line' id='line_1_16' title="bbox 493 2600 2364 2679; baseline 0.002 -21"><span class='ocrx_word' id='word_1_131' title='bbox 493 2618 650 2659; x_wconf 88' lang='lat' dir='ltr'>mum</span> <span class='ocrx_word' id='word_1_132' title='bbox 698 2602 812 2678; x_wconf 88' lang='lat' dir='ltr'>sui,</span> <span class='ocrx_word' id='word_1_133' title='bbox 858 2619 940 2662; x_wconf 86' lang='lat' dir='ltr'>sc.</span> <span class='ocrx_word' id='word_1_134' title='bbox 977 2600 1093 2674; x_wconf 96' lang='lat' dir='ltr'>BF,</span> <span class='ocrx_word' id='word_1_135' title='bbox 1142 2610 1202 2660; x_wconf 89' lang='lat' dir='ltr'>et</span> <span class='ocrx_word' id='word_1_136' title='bbox 1239 2603 1477 2677; x_wconf 86' lang='lat' dir='ltr'>junctae</span> <span class='ocrx_word' id='word_1_137' title='bbox 1520 2603 1927 2679; x_wconf 88' lang='lat' dir='ltr'>proportiones</span> <span class='ocrx_word' id='word_1_138' title='bbox 1973 2602 2091 2661; x_wconf 80' lang='grc' dir='ltr'>ΠΗ</span> <span class='ocrx_word' id='word_1_139' title='bbox 2134 2602 2211 2662; x_wconf 87' lang='lat' dir='ltr'>ad</span> <span class='ocrx_word' id='word_1_140' title='bbox 2259 2601 2364 2662; x_wconf 79' lang='lat' dir='ltr'>OG</span> 
     </span>
     <span class='ocr_line' id='line_1_17' title="bbox 494 2688 2362 2766; baseline 0.001 -19"><span class='ocrx_word' id='word_1_141' title='bbox 494 2695 553 2747; x_wconf 91' lang='lat' dir='ltr'>et</span> <span class='ocrx_word' id='word_1_142' title='bbox 616 2688 717 2745; x_wconf 86' lang='lat' dir='ltr'><strong>BF</strong></span> <span class='ocrx_word' id='word_1_143' title='bbox 783 2688 858 2745; x_wconf 88' lang='lat' dir='ltr'>ad</span> <span class='ocrx_word' id='word_1_144' title='bbox 925 2689 1030 2747; x_wconf 87' lang='grc' dir='ltr'>ΑΕ</span> <span class='ocrx_word' id='word_1_145' title='bbox 1096 2690 1211 2746; x_wconf 89' lang='lat' dir='ltr'>sint</span> <span class='ocrx_word' id='word_1_146' title='bbox 1282 2689 1467 2764; x_wconf 91' lang='lat' dir='ltr'>primo</span> <span class='ocrx_word' id='word_1_147' title='bbox 1532 2692 1784 2749; x_wconf 90' lang='lat' dir='ltr'>minores</span> <span class='ocrx_word' id='word_1_148' title='bbox 1868 2690 2109 2749; x_wconf 87' lang='lat' dir='ltr'>dimidia</span> <span class='ocrx_word' id='word_1_149' title='bbox 2178 2691 2362 2766; x_wconf 89' lang='lat' dir='ltr'>ipsius</span> 
     </span>
     <span class='ocr_line' id='line_1_18' title="bbox 490 2774 2362 2855; baseline 0.002 -22"><span class='ocrx_word' id='word_1_150' title='bbox 490 2774 609 2833; x_wconf 81' lang='grc' dir='ltr'>ΒΗ</span> <span class='ocrx_word' id='word_1_151' title='bbox 656 2775 733 2833; x_wconf 83' lang='lat' dir='ltr'>ad</span> <span class='ocrx_word' id='word_1_152' title='bbox 781 2776 902 2834; x_wconf 80' lang='grc' dir='ltr'>ΑΕ.</span> <span class='ocrx_word' id='word_1_153' title='bbox 995 2775 1201 2850; x_wconf 88' lang='lat' dir='ltr'>Sitque</span> <span class='ocrx_word' id='word_1_154' title='bbox 1263 2783 1455 2834; x_wconf 89' lang='lat' dir='ltr'>motus</span> <span class='ocrx_word' id='word_1_155' title='bbox 1516 2778 1829 2854; x_wconf 89' lang='lat' dir='ltr'>superioris</span> <span class='ocrx_word' id='word_1_156' title='bbox 1888 2777 2204 2854; x_wconf 89' lang='lat' dir='ltr'>perihelius</span> <span class='ocrx_word' id='word_1_157' title='bbox 2251 2796 2362 2855; x_wconf 87' lang='lat' dir='ltr'>ap-</span> 
     </span>
     <span class='ocr_line' id='line_1_19' title="bbox 489 2860 2362 2946; baseline 0 -23"><span class='ocrx_word' id='word_1_158' title='bbox 489 2881 699 2941; x_wconf 84' lang='lat' dir='ltr'>parens</span> <span class='ocrx_word' id='word_1_159' title='bbox 748 2860 894 2935; x_wconf 87' lang='lat' dir='ltr'>GK,</span> <span class='ocrx_word' id='word_1_160' title='bbox 967 2864 1249 2946; x_wconf 77' lang='lat' dir='ltr'>inferioris</span> <span class='ocrx_word' id='word_1_161' title='bbox 1313 2863 1583 2939; x_wconf 88' lang='lat' dir='ltr'>aphelius</span> <span class='ocrx_word' id='word_1_162' title='bbox 1629 2864 1766 2939; x_wconf 89' lang='lat' dir='ltr'>FL,</span> <span class='ocrx_word' id='word_1_163' title='bbox 1830 2872 1900 2925; x_wconf 90' lang='lat' dir='ltr'>ut</span> <span class='ocrx_word' id='word_1_164' title='bbox 1960 2867 2076 2924; x_wconf 90' lang='lat' dir='ltr'>sint</span> <span class='ocrx_word' id='word_1_165' title='bbox 2119 2868 2362 2925; x_wconf 83' lang='lat' dir='ltr'>extremi</span> 
     </span>
     <span class='ocr_line' id='line_1_20' title="bbox 491 2950 2359 3028; baseline 0.002 -18"><span class='ocrx_word' id='word_1_166' title='bbox 491 2959 930 3026; x_wconf 86' lang='lat' dir='ltr'>convergentes.</span> <span class='ocrx_word' id='word_1_167' title='bbox 1038 2950 1189 3009; x_wconf 86' lang='lat' dir='ltr'>Dico</span> <span class='ocrx_word' id='word_1_168' title='bbox 1254 2954 1687 3028; x_wconf 87' lang='lat' dir='ltr'>proportionem</span> <span class='ocrx_word' id='word_1_169' title='bbox 1752 2950 1868 3011; x_wconf 87' lang='lat' dir='ltr'>GK</span> <span class='ocrx_word' id='word_1_170' title='bbox 1925 2952 2002 3011; x_wconf 91' lang='lat' dir='ltr'>ad</span> <span class='ocrx_word' id='word_1_171' title='bbox 2064 2952 2166 3011; x_wconf 89' lang='lat' dir='ltr'><strong>FL</strong></span> <span class='ocrx_word' id='word_1_172' title='bbox 2229 2969 2359 3013; x_wconf 87' lang='lat' dir='ltr'>esse</span> 
     </span>
     <span class='ocr_line' id='line_1_21' title="bbox 489 3034 2359 3115; baseline 0.002 -19"><span class='ocrx_word' id='word_1_173' title='bbox 489 3040 769 3113; x_wconf 88' lang='lat' dir='ltr'>majorem</span> <span class='ocrx_word' id='word_1_174' title='bbox 841 3040 1213 3115; x_wconf 89' lang='lat' dir='ltr'>proportione</span> <span class='ocrx_word' id='word_1_175' title='bbox 1281 3037 1385 3097; x_wconf 90' lang='lat' dir='ltr'>CG</span> <span class='ocrx_word' id='word_1_176' title='bbox 1456 3034 1534 3097; x_wconf 82' lang='lat' dir='ltr'>ad</span> <span class='ocrx_word' id='word_1_177' title='bbox 1596 3040 1696 3097; x_wconf 88' lang='lat' dir='ltr'>BF</span> <span class='ocrx_word' id='word_1_178' title='bbox 1763 3057 1999 3112; x_wconf 88' lang='lat' dir='ltr'>eversa,</span> <span class='ocrx_word' id='word_1_179' title='bbox 2075 3042 2359 3099; x_wconf 90' lang='lat' dir='ltr'>minorem</span> 
     </span>
     <span class='ocr_line' id='line_1_22' title="bbox 492 3057 2873 3248; baseline 0.001 -63"><span class='ocrx_word' id='word_1_180' title='bbox 492 3133 686 3185; x_wconf 88' lang='lat' dir='ltr'>tamen</span> <span class='ocrx_word' id='word_1_181' title='bbox 746 3126 873 3200; x_wconf 87' lang='lat' dir='ltr'>ejus</span> <span class='ocrx_word' id='word_1_182' title='bbox 927 3125 1329 3201; x_wconf 87' lang='lat' dir='ltr'>sesquialtera.</span> <span class='ocrx_word' id='word_1_183' title='bbox 1420 3127 1569 3186; x_wconf 90' lang='lat' dir='ltr'>Nam</span> <span class='ocrx_word' id='word_1_184' title='bbox 1630 3129 1930 3204; x_wconf 90' lang='lat' dir='ltr'>proportio</span> <span class='ocrx_word' id='word_1_185' title='bbox 1987 3126 2077 3185; x_wconf 87' lang='lat' dir='ltr'>HI</span> <span class='ocrx_word' id='word_1_186' title='bbox 2121 3127 2196 3186; x_wconf 88' lang='lat' dir='ltr'>ad</span> <span class='ocrx_word' id='word_1_187' title='bbox 2244 3127 2358 3195; x_wconf 76' lang='lat' dir='ltr'>GK</span> <span class='ocrx_word' id='word_1_188' title='bbox 2869 3057 2873 3248; x_wconf 85' lang='grc' dir='ltr'>Ι</span> 
     </span>
    </p>
   </div>
   <div class='ocr_carea' id='block_1_3' title="bbox 2865 2621 2873 3037">
    <p class='ocr_par' dir='ltr' id='par_1_4' title="bbox 2865 2621 2873 3037">
     <span class='ocr_line' id='line_1_23' title="bbox 2865 2621 2873 3037; baseline 0 4222"><span class='ocrx_word' id='word_1_189' title='bbox 2865 2621 2873 3037; x_wconf 95' lang='lat' dir='ltr'> </span> 
     </span>
    </p>
   </div>
   <div class='ocr_carea' id='block_1_4' title="bbox 2452 3251 2653 3259">
    <p class='ocr_par' dir='ltr' id='par_1_5' title="bbox 2452 3251 2653 3259">
     <span class='ocr_line' id='line_1_24' title="bbox 2452 3251 2653 3259; baseline 0 4000"><span class='ocrx_word' id='word_1_190' title='bbox 2452 3251 2653 3259; x_wconf 95' lang='lat' dir='ltr'> </span> 
     </span>
    </p>
   </div>
   <div class='ocr_carea' id='block_1_5' title="bbox 2673 3253 2861 3261">
    <p class='ocr_par' dir='ltr' id='par_1_6' title="bbox 2673 3253 2861 3261">
     <span class='ocr_line' id='line_1_25' title="bbox 2673 3253 2861 3261; baseline 0 3998"><span class='ocrx_word' id='word_1_191' title='bbox 2673 3253 2861 3261; x_wconf 95' lang='lat' dir='ltr'> </span> 
     </span>
    </p>
   </div>
   <div class='ocr_carea' id='block_1_6' title="bbox 491 3212 3046 3353">
    <p class='ocr_par' dir='ltr' id='par_1_7' title="bbox 491 3212 3046 3353">
     <span class='ocr_line' id='line_1_26' title="bbox 491 3212 3046 3353; baseline 0.002 -80"><span class='ocrx_word' id='word_1_192' title='bbox 491 3224 581 3273; x_wconf 86' lang='lat' dir='ltr'>est</span> <span class='ocrx_word' id='word_1_193' title='bbox 626 3213 806 3288; x_wconf 86' lang='lat' dir='ltr'>dupla</span> <span class='ocrx_word' id='word_1_194' title='bbox 864 3215 1254 3289; x_wconf 90' lang='lat' dir='ltr'>proportionis</span> <span class='ocrx_word' id='word_1_195' title='bbox 1302 3212 1407 3272; x_wconf 90' lang='lat' dir='ltr'>CG</span> <span class='ocrx_word' id='word_1_196' title='bbox 1464 3213 1539 3273; x_wconf 89' lang='lat' dir='ltr'>ad</span> <span class='ocrx_word' id='word_1_197' title='bbox 1586 3213 1731 3286; x_wconf 83' lang='grc' dir='ltr'>ΒΗ,</span> <span class='ocrx_word' id='word_1_198' title='bbox 1794 3221 1855 3274; x_wconf 87' lang='lat' dir='ltr'>et</span> <span class='ocrx_word' id='word_1_199' title='bbox 1915 3218 2210 3291; x_wconf 87' lang='lat' dir='ltr'>proportio</span> <span class='ocrx_word' id='word_1_200' title='bbox 2259 3216 2358 3274; x_wconf 83' lang='lat' dir='ltr'><strong>FL</strong></span> <span class='ocrx_word' id='word_1_201' title='bbox 2387 3230 2445 3283; x_wconf 85' lang='lat' dir='ltr'><strong>M</strong></span> <span class='ocrx_word' id='word_1_202' title='bbox 2713 3273 2717 3277; x_wconf 90' lang='lat'>.</span> <span class='ocrx_word' id='word_1_203' title='bbox 3038 3249 3046 3353; x_wconf 81' lang='grc' dir='ltr'>Ι</span> 
     </span>
    </p>
   </div>
   <div class='ocr_carea' id='block_1_7' title="bbox 461 3285 3135 3726">
    <p class='ocr_par' dir='ltr' id='par_1_8' title="bbox 493 3285 2873 3405">
     <span class='ocr_line' id='line_1_27' title="bbox 493 3285 2873 3405; baseline 0.001 -45"><span class='ocrx_word' id='word_1_204' title='bbox 493 3300 571 3361; x_wconf 86' lang='lat' dir='ltr'>ad</span> <span class='ocrx_word' id='word_1_205' title='bbox 616 3301 733 3359; x_wconf 97' lang='lat' dir='ltr'>EM</span> <span class='ocrx_word' id='word_1_206' title='bbox 780 3299 959 3378; x_wconf 88' lang='lat' dir='ltr'>dupla</span> <span class='ocrx_word' id='word_1_207' title='bbox 1004 3303 1394 3378; x_wconf 89' lang='lat' dir='ltr'>proportionis</span> <span class='ocrx_word' id='word_1_208' title='bbox 1442 3301 1546 3360; x_wconf 86' lang='grc' dir='ltr'>ΑΕ</span> <span class='ocrx_word' id='word_1_209' title='bbox 1592 3302 1668 3361; x_wconf 90' lang='lat' dir='ltr'>ad</span> <span class='ocrx_word' id='word_1_210' title='bbox 1712 3302 1845 3376; x_wconf 82' lang='lat' dir='ltr'><strong>BF3</strong></span> <span class='ocrx_word' id='word_1_211' title='bbox 1876 3302 2138 3377; x_wconf 75' lang='lat' dir='ltr'>·Junoiae</span> <span class='ocrx_word' id='word_1_212' title='bbox 2184 3304 2360 3378; x_wconf 86' lang='lat' dir='ltr'>igitur</span> <span class='ocrx_word' id='word_1_213' title='bbox 2557 3285 2873 3405; x_wconf 40' lang='grc' dir='ltr'>[ΙᾸἛΠΗΨΕ</span> 
     </span>
    </p>

    <p class='ocr_par' dir='ltr' id='par_1_9' title="bbox 492 3356 3050 3557">
     <span class='ocr_line' id='line_1_28' title="bbox 492 3356 3050 3533; baseline 0.001 -86"><span class='ocrx_word' id='word_1_214' title='bbox 492 3388 644 3448; x_wconf 87' lang='lat' dir='ltr'>dnae</span> <span class='ocrx_word' id='word_1_215' title='bbox 689 3390 1122 3465; x_wconf 88' lang='lat' dir='ltr'>proportiones,</span> <span class='ocrx_word' id='word_1_216' title='bbox 1170 3388 1258 3447; x_wconf 90' lang='lat' dir='ltr'>HI</span> <span class='ocrx_word' id='word_1_217' title='bbox 1304 3388 1379 3447; x_wconf 88' lang='lat' dir='ltr'>ad</span> <span class='ocrx_word' id='word_1_218' title='bbox 1428 3387 1539 3454; x_wconf 87' lang='lat' dir='ltr'>GK</span> <span class='ocrx_word' id='word_1_219' title='bbox 1586 3396 1648 3449; x_wconf 89' lang='lat' dir='ltr'>et</span> <span class='ocrx_word' id='word_1_220' title='bbox 1690 3389 1791 3449; x_wconf 91' lang='lat' dir='ltr'><strong>FL</strong></span> <span class='ocrx_word' id='word_1_221' title='bbox 1836 3389 1911 3447; x_wconf 86' lang='lat' dir='ltr'>ad</span> <span class='ocrx_word' id='word_1_222' title='bbox 1959 3389 2073 3447; x_wconf 87' lang='lat' dir='ltr'>EM</span> <span class='ocrx_word' id='word_1_223' title='bbox 2119 3389 2359 3468; x_wconf 88' lang='lat' dir='ltr'>duplum</span> <span class='ocrx_word' id='word_1_224' title='bbox 2711 3409 2849 3463; x_wconf 66' lang='lat'>3455</span> <span class='ocrx_word' id='word_1_225' title='bbox 2926 3409 2966 3457; x_wconf 78' lang='lat' dir='ltr'><strong>F</strong></span> <span class='ocrx_word' id='word_1_226' title='bbox 3042 3356 3050 3533; x_wconf 64' lang='lat' dir='ltr'>l</span> 
     </span>
     <span class='ocr_line' id='line_1_29' title="bbox 495 3475 3050 3557; baseline 0 -21"><span class='ocrx_word' id='word_1_227' title='bbox 495 3476 752 3536; x_wconf 79' lang='lat' dir='ltr'>efficiunt</span> <span class='ocrx_word' id='word_1_228' title='bbox 806 3476 1140 3550; x_wconf 85' lang='lat' dir='ltr'>junctarum</span> <span class='ocrx_word' id='word_1_229' title='bbox 1206 3475 1313 3535; x_wconf 84' lang='lat' dir='ltr'>CG</span> <span class='ocrx_word' id='word_1_230' title='bbox 1374 3476 1449 3535; x_wconf 87' lang='lat' dir='ltr'>ad</span> <span class='ocrx_word' id='word_1_231' title='bbox 1495 3476 1613 3537; x_wconf 80' lang='grc' dir='ltr'>ΒΗ</span> <span class='ocrx_word' id='word_1_232' title='bbox 1658 3484 1718 3535; x_wconf 91' lang='lat' dir='ltr'>et</span> <span class='ocrx_word' id='word_1_233' title='bbox 1761 3477 1866 3534; x_wconf 84' lang='grc' dir='ltr'>ΑΕ</span> <span class='ocrx_word' id='word_1_234' title='bbox 1912 3476 1986 3535; x_wconf 86' lang='lat' dir='ltr'>ad</span> <span class='ocrx_word' id='word_1_235' title='bbox 2032 3477 2151 3535; x_wconf 90' lang='lat' dir='ltr'><strong>BF.</strong></span> <span class='ocrx_word' id='word_1_236' title='bbox 2240 3477 2357 3539; x_wconf 87' lang='lat' dir='ltr'>Sed</span> <span class='ocrx_word' id='word_1_237' title='bbox 3038 3533 3050 3557; x_wconf 32' lang='lat' dir='ltr'><em>k</em></span> 
     </span>
    </p>

    <p class='ocr_par' dir='ltr' id='par_1_10' title="bbox 461 3477 3135 3726">
     <span class='ocr_line' id='line_1_30' title="bbox 461 3477 3135 3678; baseline 0.001 -57"><span class='ocrx_word' id='word_1_238' title='bbox 461 3609 465 3614; x_wconf 23' lang='grc' dir='ltr'><strong>Δ</strong></span> <span class='ocrx_word' id='word_1_239' title='bbox 489 3564 732 3638; x_wconf 80' lang='lat' dir='ltr'>junctae</span> <span class='ocrx_word' id='word_1_240' title='bbox 781 3562 884 3622; x_wconf 90' lang='lat' dir='ltr'>CG</span> <span class='ocrx_word' id='word_1_241' title='bbox 946 3563 1018 3621; x_wconf 85' lang='lat' dir='ltr'>ad</span> <span class='ocrx_word' id='word_1_242' title='bbox 1070 3564 1180 3621; x_wconf 77' lang='grc' dir='ltr'>ΠΗ</span> <span class='ocrx_word' id='word_1_243' title='bbox 1241 3571 1300 3622; x_wconf 91' lang='lat' dir='ltr'>et</span> <span class='ocrx_word' id='word_1_244' title='bbox 1347 3564 1448 3620; x_wconf 81' lang='grc' dir='ltr'>ΑΕ</span> <span class='ocrx_word' id='word_1_245' title='bbox 1506 3564 1580 3622; x_wconf 83' lang='lat' dir='ltr'>ad</span> <span class='ocrx_word' id='word_1_246' title='bbox 1628 3564 1728 3622; x_wconf 83' lang='lat' dir='ltr'><strong>BF</strong></span> <span class='ocrx_word' id='word_1_247' title='bbox 1784 3570 1918 3621; x_wconf 85' lang='lat' dir='ltr'>sunt</span> <span class='ocrx_word' id='word_1_248' title='bbox 1973 3566 2221 3623; x_wconf 90' lang='lat' dir='ltr'>minores</span> <span class='ocrx_word' id='word_1_249' title='bbox 2267 3566 2360 3623; x_wconf 89' lang='lat' dir='ltr'>di·-</span> <span class='ocrx_word' id='word_1_250' title='bbox 2690 3477 3135 3678; x_wconf 49' lang='lat' dir='ltr'>K—&#39;ffff—G]</span> 
     </span>
     <span class='ocr_line' id='line_1_31' title="bbox 497 3650 2967 3726; baseline 0 -16"><span class='ocrx_word' id='word_1_251' title='bbox 497 3651 689 3720; x_wconf 91' lang='lat' dir='ltr'>midio</span> <span class='ocrx_word' id='word_1_252' title='bbox 726 3652 1113 3726; x_wconf 89' lang='lat' dir='ltr'>proportionis</span> <span class='ocrx_word' id='word_1_253' title='bbox 1160 3652 1265 3709; x_wconf 87' lang='lat' dir='ltr'>AE</span> <span class='ocrx_word' id='word_1_254' title='bbox 1313 3651 1389 3709; x_wconf 89' lang='lat' dir='ltr'>ad</span> <span class='ocrx_word' id='word_1_255' title='bbox 1433 3651 1582 3724; x_wconf 88' lang='lat' dir='ltr'>DH,</span> <span class='ocrx_word' id='word_1_256' title='bbox 1638 3650 1868 3710; x_wconf 86' lang='lat' dir='ltr'>defectu</span> <span class='ocrx_word' id='word_1_257' title='bbox 1915 3659 2102 3725; x_wconf 79' lang='lat' dir='ltr'>certo,</span> <span class='ocrx_word' id='word_1_258' title='bbox 2169 3662 2232 3710; x_wconf 90' lang='lat' dir='ltr'>ut</span> <span class='ocrx_word' id='word_1_259' title='bbox 2274 3659 2364 3713; x_wconf 87' lang='lat' dir='ltr'>est</span> <span class='ocrx_word' id='word_1_260' title='bbox 2836 3651 2967 3704; x_wconf 70' lang='lat'>1--</span> 
     </span>
    </p>
   </div>
   <div class='ocr_carea' id='block_1_8' title="bbox 488 3737 3191 4427">
    <p class='ocr_par' dir='ltr' id='par_1_11' title="bbox 488 3737 3191 4427">
     <span class='ocr_line' id='line_1_32' title="bbox 488 3737 2358 3815; baseline 0.001 -18"><span class='ocrx_word' id='word_1_261' title='bbox 488 3742 546 3797; x_wconf 90' lang='lat' dir='ltr'>in</span> <span class='ocrx_word' id='word_1_262' title='bbox 594 3742 941 3815; x_wconf 88' lang='lat' dir='ltr'>suppositis,</span> <span class='ocrx_word' id='word_1_263' title='bbox 1005 3755 1141 3814; x_wconf 88' lang='lat' dir='ltr'>ergo</span> <span class='ocrx_word' id='word_1_264' title='bbox 1205 3746 1262 3796; x_wconf 90' lang='lat' dir='ltr'>et</span> <span class='ocrx_word' id='word_1_265' title='bbox 1324 3739 1561 3813; x_wconf 87' lang='lat' dir='ltr'>junctae</span> <span class='ocrx_word' id='word_1_266' title='bbox 1613 3738 1705 3797; x_wconf 86' lang='lat' dir='ltr'>HI</span> <span class='ocrx_word' id='word_1_267' title='bbox 1748 3737 1824 3797; x_wconf 88' lang='lat' dir='ltr'>ad</span> <span class='ocrx_word' id='word_1_268' title='bbox 1873 3737 1987 3797; x_wconf 85' lang='lat' dir='ltr'>GK</span> <span class='ocrx_word' id='word_1_269' title='bbox 2033 3747 2091 3798; x_wconf 93' lang='lat' dir='ltr'>et</span> <span class='ocrx_word' id='word_1_270' title='bbox 2140 3739 2238 3798; x_wconf 86' lang='lat' dir='ltr'><strong>FL</strong></span> <span class='ocrx_word' id='word_1_271' title='bbox 2283 3739 2358 3799; x_wconf 89' lang='lat' dir='ltr'>ad</span> 
     </span>
     <span class='ocr_line' id='line_1_33' title="bbox 492 3821 3184 3903; baseline -0.002 -18"><span class='ocrx_word' id='word_1_272' title='bbox 492 3827 606 3885; x_wconf 87' lang='lat' dir='ltr'>EM</span> <span class='ocrx_word' id='word_1_273' title='bbox 652 3835 787 3884; x_wconf 91' lang='lat' dir='ltr'>sunt</span> <span class='ocrx_word' id='word_1_274' title='bbox 833 3827 1082 3884; x_wconf 89' lang='lat' dir='ltr'>minores</span> <span class='ocrx_word' id='word_1_275' title='bbox 1130 3825 1307 3902; x_wconf 91' lang='lat' dir='ltr'>duplo</span> <span class='ocrx_word' id='word_1_276' title='bbox 1356 3825 1602 3903; x_wconf 88' lang='lat' dir='ltr'>dimidii,</span> <span class='ocrx_word' id='word_1_277' title='bbox 1645 3825 1705 3883; x_wconf 89' lang='lat' dir='ltr'>id</span> <span class='ocrx_word' id='word_1_278' title='bbox 1752 3835 1843 3884; x_wconf 89' lang='lat' dir='ltr'>est</span> <span class='ocrx_word' id='word_1_279' title='bbox 1886 3829 2145 3887; x_wconf 89' lang='lat' dir='ltr'>minores</span> <span class='ocrx_word' id='word_1_280' title='bbox 2190 3833 2314 3886; x_wconf 88' lang='lat' dir='ltr'>tota</span> <span class='ocrx_word' id='word_1_281' title='bbox 2356 3827 2731 3903; x_wconf 87' lang='lat' dir='ltr'>proportione</span> <span class='ocrx_word' id='word_1_282' title='bbox 2778 3824 2883 3882; x_wconf 82' lang='grc' dir='ltr'>ΑΕ</span> <span class='ocrx_word' id='word_1_283' title='bbox 2928 3822 3006 3882; x_wconf 89' lang='lat' dir='ltr'>ad</span> <span class='ocrx_word' id='word_1_284' title='bbox 3048 3821 3184 3892; x_wconf 91' lang='lat' dir='ltr'>DH,</span> 
     </span>
     <span class='ocr_line' id='line_1_34' title="bbox 492 3908 3190 3990; baseline -0.001 -20"><span class='ocrx_word' id='word_1_285' title='bbox 492 3913 723 3973; x_wconf 84' lang='lat' dir='ltr'>defectu</span> <span class='ocrx_word' id='word_1_286' title='bbox 785 3915 994 3990; x_wconf 89' lang='lat' dir='ltr'>prioris</span> <span class='ocrx_word' id='word_1_287' title='bbox 1058 3912 1254 3990; x_wconf 87' lang='lat' dir='ltr'>duplo.</span> <span class='ocrx_word' id='word_1_288' title='bbox 1345 3912 1461 3973; x_wconf 88' lang='lat' dir='ltr'>Sed</span> <span class='ocrx_word' id='word_1_289' title='bbox 1506 3913 1596 3973; x_wconf 89' lang='lat' dir='ltr'>HI</span> <span class='ocrx_word' id='word_1_290' title='bbox 1642 3912 1718 3972; x_wconf 88' lang='lat' dir='ltr'>ad</span> <span class='ocrx_word' id='word_1_291' title='bbox 1761 3912 1878 3970; x_wconf 88' lang='lat' dir='ltr'>EM</span> <span class='ocrx_word' id='word_1_292' title='bbox 1925 3921 2012 3973; x_wconf 89' lang='lat' dir='ltr'>est</span> <span class='ocrx_word' id='word_1_293' title='bbox 2075 3913 2461 3990; x_wconf 88' lang='lat' dir='ltr'>sesquialtera</span> <span class='ocrx_word' id='word_1_294' title='bbox 2524 3913 2917 3989; x_wconf 90' lang='lat' dir='ltr'>proportionis</span> <span class='ocrx_word' id='word_1_295' title='bbox 2965 3909 3068 3969; x_wconf 84' lang='grc' dir='ltr'>ΑΕ</span> <span class='ocrx_word' id='word_1_296' title='bbox 3113 3908 3190 3968; x_wconf 82' lang='lat' dir='ltr'>ad</span> 
     </span>
     <span class='ocr_line' id='line_1_35' title="bbox 491 3998 3190 4079; baseline -0.001 -21"><span class='ocrx_word' id='word_1_297' title='bbox 491 4001 631 4079; x_wconf 73' lang='grc' dir='ltr'>ΒΗ,</span> <span class='ocrx_word' id='word_1_298' title='bbox 677 4019 779 4076; x_wconf 90' lang='lat' dir='ltr'>per</span> <span class='ocrx_word' id='word_1_299' title='bbox 826 4002 882 4058; x_wconf 80' lang='lat'>8.</span> <span class='ocrx_word' id='word_1_300' title='bbox 929 4004 1330 4075; x_wconf 85' lang='lat' dir='ltr'>praemissum.</span> <span class='ocrx_word' id='word_1_301' title='bbox 1419 4000 1574 4075; x_wconf 87' lang='lat' dir='ltr'>Ergo</span> <span class='ocrx_word' id='word_1_302' title='bbox 1621 4003 1813 4059; x_wconf 86' lang='lat' dir='ltr'>minus</span> <span class='ocrx_word' id='word_1_303' title='bbox 1875 4007 1999 4059; x_wconf 88' lang='lat' dir='ltr'>toto</span> <span class='ocrx_word' id='word_1_304' title='bbox 2052 4001 2281 4061; x_wconf 77' lang='lat' dir='ltr'>defectu</span> <span class='ocrx_word' id='word_1_305' title='bbox 2329 4001 2627 4079; x_wconf 86' lang='lat' dir='ltr'>duplicato</span> <span class='ocrx_word' id='word_1_306' title='bbox 2676 3998 2935 4059; x_wconf 88' lang='lat' dir='ltr'>ablatum</span> <span class='ocrx_word' id='word_1_307' title='bbox 2983 4015 3020 4056; x_wconf 87' lang='lat' dir='ltr'>a</span> <span class='ocrx_word' id='word_1_308' title='bbox 3061 4013 3190 4055; x_wconf 87' lang='lat' dir='ltr'>ses-</span> 
     </span>
     <span class='ocr_line' id='line_1_36' title="bbox 491 4083 3191 4164; baseline -0.002 -18"><span class='ocrx_word' id='word_1_309' title='bbox 491 4089 807 4163; x_wconf 83' lang='lat' dir='ltr'>quialtero,</span> <span class='ocrx_word' id='word_1_310' title='bbox 877 4087 1101 4147; x_wconf 87' lang='lat' dir='ltr'>seilicet</span> <span class='ocrx_word' id='word_1_311' title='bbox 1154 4090 1561 4163; x_wconf 79' lang='lat' dir='ltr'>proportiones·</span> <span class='ocrx_word' id='word_1_312' title='bbox 1620 4088 1708 4146; x_wconf 89' lang='lat' dir='ltr'>HI</span> <span class='ocrx_word' id='word_1_313' title='bbox 1754 4087 1831 4146; x_wconf 90' lang='lat' dir='ltr'>ad</span> <span class='ocrx_word' id='word_1_314' title='bbox 1879 4087 1991 4146; x_wconf 85' lang='lat' dir='ltr'>GK</span> <span class='ocrx_word' id='word_1_315' title='bbox 2055 4097 2113 4148; x_wconf 91' lang='lat' dir='ltr'>et</span> <span class='ocrx_word' id='word_1_316' title='bbox 2160 4090 2259 4148; x_wconf 90' lang='lat' dir='ltr'><strong>FL</strong></span> <span class='ocrx_word' id='word_1_317' title='bbox 2305 4089 2378 4148; x_wconf 84' lang='lat' dir='ltr'>ad</span> <span class='ocrx_word' id='word_1_318' title='bbox 2428 4087 2543 4147; x_wconf 86' lang='lat' dir='ltr'>EM</span> <span class='ocrx_word' id='word_1_319' title='bbox 2587 4105 2624 4147; x_wconf 87' lang='lat' dir='ltr'>a</span> <span class='ocrx_word' id='word_1_320' title='bbox 2680 4087 3052 4164; x_wconf 90' lang='lat' dir='ltr'>proportione</span> <span class='ocrx_word' id='word_1_321' title='bbox 3099 4083 3191 4141; x_wconf 84' lang='lat' dir='ltr'>HI</span> 
     </span>
     <span class='ocr_line' id='line_1_37' title="bbox 494 4169 3190 4251; baseline -0.003 -16"><span class='ocrx_word' id='word_1_322' title='bbox 494 4175 572 4235; x_wconf 88' lang='lat' dir='ltr'>ad</span> <span class='ocrx_word' id='word_1_323' title='bbox 620 4175 734 4233; x_wconf 87' lang='lat' dir='ltr'>EM</span> <span class='ocrx_word' id='word_1_324' title='bbox 780 4176 1114 4250; x_wconf 85' lang='lat' dir='ltr'>relinquunt</span> <span class='ocrx_word' id='word_1_325' title='bbox 1157 4176 1291 4250; x_wconf 84' lang='lat' dir='ltr'>plus</span> <span class='ocrx_word' id='word_1_326' title='bbox 1337 4192 1512 4249; x_wconf 87' lang='lat' dir='ltr'>qnam</span> <span class='ocrx_word' id='word_1_327' title='bbox 1558 4178 1734 4234; x_wconf 89' lang='lat' dir='ltr'>semis</span> <span class='ocrx_word' id='word_1_328' title='bbox 1777 4178 2171 4251; x_wconf 89' lang='lat' dir='ltr'>proportionis</span> <span class='ocrx_word' id='word_1_329' title='bbox 2216 4176 2321 4235; x_wconf 84' lang='grc' dir='ltr'>ΑΕ</span> <span class='ocrx_word' id='word_1_330' title='bbox 2367 4176 2452 4234; x_wconf 81' lang='lat' dir='ltr'>ad&#39;</span> <span class='ocrx_word' id='word_1_331' title='bbox 2488 4175 2639 4248; x_wconf 91' lang='lat' dir='ltr'>DH,</span> <span class='ocrx_word' id='word_1_332' title='bbox 2694 4191 2948 4237; x_wconf 76' lang='lat' dir='ltr'>excessu</span> <span class='ocrx_word' id='word_1_333' title='bbox 2994 4169 3190 4247; x_wconf 87' lang='lat' dir='ltr'>dupli-</span> 
     </span>
     <span class='ocr_line' id='line_1_38' title="bbox 491 4256 3186 4340; baseline -0.003 -17"><span class='ocrx_word' id='word_1_334' title='bbox 491 4271 660 4337; x_wconf 83' lang='lat' dir='ltr'>cat03</span> <span class='ocrx_word' id='word_1_335' title='bbox 726 4263 1062 4338; x_wconf 87' lang='lat' dir='ltr'>relinquunt</span> <span class='ocrx_word' id='word_1_336' title='bbox 1119 4281 1260 4322; x_wconf 89' lang='lat' dir='ltr'>vero</span> <span class='ocrx_word' id='word_1_337' title='bbox 1317 4264 1748 4340; x_wconf 89' lang='lat' dir='ltr'>proportionem</span> <span class='ocrx_word' id='word_1_338' title='bbox 1797 4261 1911 4321; x_wconf 89' lang='lat' dir='ltr'>GK</span> <span class='ocrx_word' id='word_1_339' title='bbox 1957 4262 2033 4321; x_wconf 88' lang='lat' dir='ltr'>ad</span> <span class='ocrx_word' id='word_1_340' title='bbox 2080 4262 2209 4336; x_wconf 86' lang='lat' dir='ltr'>FL,</span> <span class='ocrx_word' id='word_1_341' title='bbox 2277 4281 2413 4340; x_wconf 89' lang='lat' dir='ltr'>ergo</span> <span class='ocrx_word' id='word_1_342' title='bbox 2460 4264 2756 4340; x_wconf 90' lang='lat' dir='ltr'>proportio</span> <span class='ocrx_word' id='word_1_343' title='bbox 2805 4261 2918 4321; x_wconf 79' lang='lat' dir='ltr'>GK</span> <span class='ocrx_word' id='word_1_344' title='bbox 2963 4258 3041 4319; x_wconf 88' lang='lat' dir='ltr'>ad</span> <span class='ocrx_word' id='word_1_345' title='bbox 3085 4256 3186 4316; x_wconf 86' lang='lat' dir='ltr'><strong>FL</strong></span> 
     </span>
     <span class='ocr_line' id='line_1_39' title="bbox 491 4343 3191 4427; baseline -0.003 -16"><span class='ocrx_word' id='word_1_346' title='bbox 491 4358 581 4411; x_wconf 88' lang='lat' dir='ltr'>est</span> <span class='ocrx_word' id='word_1_347' title='bbox 624 4350 757 4427; x_wconf 90' lang='lat' dir='ltr'>plus</span> <span class='ocrx_word' id='word_1_348' title='bbox 804 4365 979 4425; x_wconf 86' lang='lat' dir='ltr'>quam</span> <span class='ocrx_word' id='word_1_349' title='bbox 1026 4350 1266 4409; x_wconf 86' lang='lat' dir='ltr'>dimidia</span> <span class='ocrx_word' id='word_1_350' title='bbox 1309 4351 1700 4426; x_wconf 86' lang='lat' dir='ltr'>proportionis</span> <span class='ocrx_word' id='word_1_351' title='bbox 1747 4349 1852 4408; x_wconf 84' lang='grc' dir='ltr'>ΑΕ</span> <span class='ocrx_word' id='word_1_352' title='bbox 1896 4350 1972 4410; x_wconf 88' lang='lat' dir='ltr'>ad</span> <span class='ocrx_word' id='word_1_353' title='bbox 2018 4350 2162 4424; x_wconf 88' lang='lat' dir='ltr'>DH,</span> <span class='ocrx_word' id='word_1_354' title='bbox 2233 4368 2475 4411; x_wconf 85' lang='lat' dir='ltr'>excessu</span> <span class='ocrx_word' id='word_1_355' title='bbox 2519 4343 2836 4426; x_wconf 56' lang='lat' dir='ltr'>duplicato.</span> <span class='ocrx_word' id='word_1_356' title='bbox 2930 4347 3010 4406; x_wconf 83' lang='lat' dir='ltr'>At</span> <span class='ocrx_word' id='word_1_357' title='bbox 3051 4362 3191 4422; x_wconf 87' lang='lat' dir='ltr'>pro-</span> 
     </span>
    </p>
   </div>
   <div class='ocr_carea' id='block_1_9' title="bbox 488 4432 3286 4515">
    <p class='ocr_par' dir='ltr' id='par_1_12' title="bbox 488 4432 3286 4515">
     <span class='ocr_line' id='line_1_40' title="bbox 488 4432 3286 4515; baseline -0.002 -18"><span class='ocrx_word' id='word_1_358' title='bbox 488 4441 682 4515; x_wconf 90' lang='lat' dir='ltr'>portio</span> <span class='ocrx_word' id='word_1_359' title='bbox 729 4438 831 4495; x_wconf 83' lang='grc' dir='ltr'>ΑΕ</span> <span class='ocrx_word' id='word_1_360' title='bbox 877 4437 953 4497; x_wconf 88' lang='lat' dir='ltr'>ad</span> <span class='ocrx_word' id='word_1_361' title='bbox 1001 4438 1115 4495; x_wconf 88' lang='lat' dir='ltr'>DH</span> <span class='ocrx_word' id='word_1_362' title='bbox 1163 4446 1252 4496; x_wconf 88' lang='lat' dir='ltr'>est</span> <span class='ocrx_word' id='word_1_363' title='bbox 1295 4439 1622 4512; x_wconf 83' lang='lat' dir='ltr'>composita</span> <span class='ocrx_word' id='word_1_364' title='bbox 1667 4455 1738 4496; x_wconf 85' lang='lat' dir='ltr'>ex</span> <span class='ocrx_word' id='word_1_365' title='bbox 1783 4438 1999 4497; x_wconf 84' lang='lat' dir='ltr'>tribus:</span> <span class='ocrx_word' id='word_1_366' title='bbox 2048 4456 2118 4497; x_wconf 87' lang='lat' dir='ltr'>ex</span> <span class='ocrx_word' id='word_1_367' title='bbox 2169 4437 2272 4501; x_wconf 86' lang='grc' dir='ltr'>ΑΕ</span> <span class='ocrx_word' id='word_1_368' title='bbox 2317 4439 2393 4499; x_wconf 88' lang='lat' dir='ltr'>ad</span> <span class='ocrx_word' id='word_1_369' title='bbox 2438 4438 2560 4510; x_wconf 92' lang='lat' dir='ltr'>BF,</span> <span class='ocrx_word' id='word_1_370' title='bbox 2606 4456 2679 4496; x_wconf 87' lang='lat' dir='ltr'>ex</span> <span class='ocrx_word' id='word_1_371' title='bbox 2727 4437 2827 4495; x_wconf 88' lang='lat' dir='ltr'>BF</span> <span class='ocrx_word' id='word_1_372' title='bbox 2875 4435 2951 4494; x_wconf 88' lang='lat' dir='ltr'>ad</span> <span class='ocrx_word' id='word_1_373' title='bbox 2983 4432 3088 4493; x_wconf 80' lang='lat' dir='ltr'>OG</span> <span class='ocrx_word' id='word_1_374' title='bbox 3133 4438 3194 4491; x_wconf 89' lang='lat' dir='ltr'>et</span> <span class='ocrx_word' id='word_1_375' title='bbox 3279 4503 3286 4510; x_wconf 26' lang='lat'>⁸</span> 
     </span>
    </p>
   </div>
   <div class='ocr_carea' id='block_1_10' title="bbox 485 4522 3193 5744">
    <p class='ocr_par' dir='ltr' id='par_1_13' title="bbox 489 4522 3192 5037">
     <span class='ocr_line' id='line_1_41' title="bbox 491 4522 3192 4597; baseline -0.003 -11"><span class='ocrx_word' id='word_1_376' title='bbox 491 4543 562 4586; x_wconf 85' lang='lat' dir='ltr'>ex</span> <span class='ocrx_word' id='word_1_377' title='bbox 610 4524 714 4584; x_wconf 87' lang='lat' dir='ltr'>CG</span> <span class='ocrx_word' id='word_1_378' title='bbox 760 4524 836 4583; x_wconf 89' lang='lat' dir='ltr'>ad</span> <span class='ocrx_word' id='word_1_379' title='bbox 882 4524 1017 4583; x_wconf 83' lang='grc' dir='ltr'>ΒΗ.</span> <span class='ocrx_word' id='word_1_380' title='bbox 1108 4522 1334 4583; x_wconf 26' lang='grc' dir='ltr'><strong>ΕῐψΟΘ</strong></span> <span class='ocrx_word' id='word_1_381' title='bbox 1378 4524 1452 4583; x_wconf 86' lang='lat' dir='ltr'>ad</span> <span class='ocrx_word' id='word_1_382' title='bbox 1501 4524 1618 4582; x_wconf 90' lang='lat' dir='ltr'>DH</span> <span class='ocrx_word' id='word_1_383' title='bbox 1682 4542 1814 4584; x_wconf 89' lang='lat' dir='ltr'>cum</span> <span class='ocrx_word' id='word_1_384' title='bbox 1860 4523 1965 4583; x_wconf 84' lang='grc' dir='ltr'>ΑΕ</span> <span class='ocrx_word' id='word_1_385' title='bbox 2012 4526 2087 4584; x_wconf 89' lang='lat' dir='ltr'>ad</span> <span class='ocrx_word' id='word_1_386' title='bbox 2130 4526 2233 4584; x_wconf 91' lang='lat' dir='ltr'><strong>BF</strong></span> <span class='ocrx_word' id='word_1_387' title='bbox 2293 4534 2386 4586; x_wconf 90' lang='lat' dir='ltr'>est</span> <span class='ocrx_word' id='word_1_388' title='bbox 2443 4527 2635 4584; x_wconf 89' lang='lat' dir='ltr'>minus</span> <span class='ocrx_word' id='word_1_389' title='bbox 2702 4523 2943 4585; x_wconf 90' lang='lat' dir='ltr'>dimidio</span> <span class='ocrx_word' id='word_1_390' title='bbox 3006 4522 3192 4597; x_wconf 84' lang='lat' dir='ltr'>ipsius</span> 
     </span>
     <span class='ocr_line' id='line_1_42' title="bbox 495 4607 3190 4691; baseline -0.002 -20"><span class='ocrx_word' id='word_1_391' title='bbox 495 4614 596 4671; x_wconf 84' lang='grc' dir='ltr'>ΑΕ</span> <span class='ocrx_word' id='word_1_392' title='bbox 643 4613 718 4671; x_wconf 85' lang='lat' dir='ltr'>ad</span> <span class='ocrx_word' id='word_1_393' title='bbox 765 4611 898 4685; x_wconf 82' lang='grc' dir='ltr'>ΒΗ,</span> <span class='ocrx_word' id='word_1_394' title='bbox 949 4612 1175 4671; x_wconf 78' lang='lat' dir='ltr'>defectu</span> <span class='ocrx_word' id='word_1_395' title='bbox 1224 4612 1469 4688; x_wconf 84' lang='lat' dir='ltr'>simplo,</span> <span class='ocrx_word' id='word_1_396' title='bbox 1520 4628 1660 4687; x_wconf 87' lang='lat' dir='ltr'>ergo</span> <span class='ocrx_word' id='word_1_397' title='bbox 1706 4612 1807 4670; x_wconf 84' lang='lat' dir='ltr'><strong>BF</strong></span> <span class='ocrx_word' id='word_1_398' title='bbox 1856 4611 1932 4670; x_wconf 84' lang='lat' dir='ltr'>ad</span> <span class='ocrx_word' id='word_1_399' title='bbox 1978 4611 2083 4672; x_wconf 84' lang='lat' dir='ltr'>CG</span> <span class='ocrx_word' id='word_1_400' title='bbox 2127 4621 2217 4672; x_wconf 88' lang='lat' dir='ltr'>est</span> <span class='ocrx_word' id='word_1_401' title='bbox 2259 4615 2394 4691; x_wconf 91' lang='lat' dir='ltr'>plus</span> <span class='ocrx_word' id='word_1_402' title='bbox 2440 4612 2679 4672; x_wconf 90' lang='lat' dir='ltr'>dimidio</span> <span class='ocrx_word' id='word_1_403' title='bbox 2725 4613 2910 4690; x_wconf 87' lang='lat' dir='ltr'>ipsius</span> <span class='ocrx_word' id='word_1_404' title='bbox 2965 4608 3066 4667; x_wconf 84' lang='grc' dir='ltr'>ΑΕ</span> <span class='ocrx_word' id='word_1_405' title='bbox 3112 4607 3190 4668; x_wconf 90' lang='lat' dir='ltr'>ad</span> 
     </span>
     <span class='ocr_line' id='line_1_43' title="bbox 490 4695 3192 4776; baseline -0.003 -17"><span class='ocrx_word' id='word_1_406' title='bbox 490 4700 624 4774; x_wconf 93' lang='lat' dir='ltr'>DH,</span> <span class='ocrx_word' id='word_1_407' title='bbox 675 4718 914 4760; x_wconf 86' lang='lat' dir='ltr'>excessu</span> <span class='ocrx_word' id='word_1_408' title='bbox 962 4700 1190 4775; x_wconf 89' lang='lat' dir='ltr'>simplo.</span> <span class='ocrx_word' id='word_1_409' title='bbox 1281 4698 1398 4759; x_wconf 92' lang='lat' dir='ltr'>Sed</span> <span class='ocrx_word' id='word_1_410' title='bbox 1444 4700 1740 4776; x_wconf 86' lang='lat' dir='ltr'>proportio</span> <span class='ocrx_word' id='word_1_411' title='bbox 1788 4696 1904 4758; x_wconf 86' lang='lat' dir='ltr'>GK</span> <span class='ocrx_word' id='word_1_412' title='bbox 1947 4700 2024 4759; x_wconf 91' lang='lat' dir='ltr'>ad</span> <span class='ocrx_word' id='word_1_413' title='bbox 2069 4700 2168 4760; x_wconf 90' lang='lat' dir='ltr'><strong>FL</strong></span> <span class='ocrx_word' id='word_1_414' title='bbox 2217 4711 2341 4763; x_wconf 90' lang='lat' dir='ltr'>erat</span> <span class='ocrx_word' id='word_1_415' title='bbox 2386 4703 2563 4762; x_wconf 84' lang='lat' dir='ltr'>etiam</span> <span class='ocrx_word' id='word_1_416' title='bbox 2607 4698 2743 4775; x_wconf 86' lang='lat' dir='ltr'>plus</span> <span class='ocrx_word' id='word_1_417' title='bbox 2789 4709 2970 4775; x_wconf 86' lang='lat' dir='ltr'>quam</span> <span class='ocrx_word' id='word_1_418' title='bbox 3016 4695 3192 4755; x_wconf 87' lang='lat' dir='ltr'>dimi-</span> 
     </span>
     <span class='ocr_line' id='line_1_44' title="bbox 491 4786 3192 4872; baseline -0.002 -24"><span class='ocrx_word' id='word_1_419' title='bbox 491 4788 589 4848; x_wconf 86' lang='lat' dir='ltr'>dia</span> <span class='ocrx_word' id='word_1_420' title='bbox 636 4788 901 4864; x_wconf 86' lang='lat' dir='ltr'>ejusdem</span> <span class='ocrx_word' id='word_1_421' title='bbox 950 4788 1053 4845; x_wconf 89' lang='grc' dir='ltr'>ΑΕ</span> <span class='ocrx_word' id='word_1_422' title='bbox 1099 4786 1175 4845; x_wconf 87' lang='lat' dir='ltr'>ad</span> <span class='ocrx_word' id='word_1_423' title='bbox 1221 4786 1356 4861; x_wconf 90' lang='lat' dir='ltr'>DH,</span> <span class='ocrx_word' id='word_1_424' title='bbox 1397 4804 1611 4872; x_wconf 31' lang='lat' dir='ltr'>‘verum</span> <span class='ocrx_word' id='word_1_425' title='bbox 1655 4804 1901 4847; x_wconf 81' lang='lat' dir='ltr'>excessu</span> <span class='ocrx_word' id='word_1_426' title='bbox 1947 4786 2275 4865; x_wconf 82' lang='lat' dir='ltr'>duplicat03</span> <span class='ocrx_word' id='word_1_427' title='bbox 2347 4788 2680 4865; x_wconf 79' lang='lat' dir='ltr'>duplicatus</span> <span class='ocrx_word' id='word_1_428' title='bbox 2727 4802 2868 4847; x_wconf 92' lang='lat' dir='ltr'>vero</span> <span class='ocrx_word' id='word_1_429' title='bbox 2914 4801 3192 4844; x_wconf 85' lang='lat' dir='ltr'>excessus</span> 
     </span>
     <span class='ocr_line' id='line_1_45' title="bbox 490 4873 3192 4951; baseline -0.002 -15"><span class='ocrx_word' id='word_1_430' title='bbox 490 4884 579 4936; x_wconf 83' lang='lat' dir='ltr'>est</span> <span class='ocrx_word' id='word_1_431' title='bbox 620 4876 814 4950; x_wconf 84' lang='lat' dir='ltr'>major</span> <span class='ocrx_word' id='word_1_432' title='bbox 858 4874 1104 4951; x_wconf 90' lang='lat' dir='ltr'>simplo,</span> <span class='ocrx_word' id='word_1_433' title='bbox 1175 4891 1314 4950; x_wconf 85' lang='lat' dir='ltr'>ergo</span> <span class='ocrx_word' id='word_1_434' title='bbox 1358 4876 1657 4950; x_wconf 90' lang='lat' dir='ltr'>proportio</span> <span class='ocrx_word' id='word_1_435' title='bbox 1715 4882 1980 4934; x_wconf 90' lang='lat' dir='ltr'>motuum</span> <span class='ocrx_word' id='word_1_436' title='bbox 2025 4874 2139 4935; x_wconf 87' lang='lat' dir='ltr'>GK</span> <span class='ocrx_word' id='word_1_437' title='bbox 2183 4875 2258 4936; x_wconf 91' lang='lat' dir='ltr'>ad</span> <span class='ocrx_word' id='word_1_438' title='bbox 2307 4876 2407 4935; x_wconf 89' lang='lat' dir='ltr'><strong>FL</strong></span> <span class='ocrx_word' id='word_1_439' title='bbox 2453 4882 2544 4936; x_wconf 85' lang='lat' dir='ltr'>est</span> <span class='ocrx_word' id='word_1_440' title='bbox 2586 4876 2774 4950; x_wconf 89' lang='lat' dir='ltr'>major</span> <span class='ocrx_word' id='word_1_441' title='bbox 2815 4873 3192 4951; x_wconf 83' lang='lat' dir='ltr'>proportione</span> 
     </span>
     <span class='ocr_line' id='line_1_46' title="bbox 489 4961 2557 5037; baseline -0 -15"><span class='ocrx_word' id='word_1_442' title='bbox 489 4962 931 5024; x_wconf 83' lang='lat' dir='ltr'>intervallorum</span> <span class='ocrx_word' id='word_1_443' title='bbox 976 4962 1450 5037; x_wconf 87' lang='lat' dir='ltr'>respondentium</span> <span class='ocrx_word' id='word_1_444' title='bbox 1497 4962 1597 5020; x_wconf 93' lang='lat' dir='ltr'><strong>BF</strong></span> <span class='ocrx_word' id='word_1_445' title='bbox 1643 4961 1721 5020; x_wconf 89' lang='lat' dir='ltr'>ad</span> <span class='ocrx_word' id='word_1_446' title='bbox 1765 4961 1889 5022; x_wconf 80' lang='lat' dir='ltr'>OG.</span> <span class='ocrx_word' id='word_1_447' title='bbox 2555 5003 2557 5007; x_wconf 28' lang='grc' dir='ltr'><strong><em>ι</em></strong></span> 
     </span>
    </p>

    <p class='ocr_par' dir='ltr' id='par_1_14' title="bbox 486 5046 3192 5565">
     <span class='ocr_line' id='line_1_47' title="bbox 662 5046 3192 5128; baseline -0.002 -20"><span class='ocrx_word' id='word_1_448' title='bbox 662 5048 884 5109; x_wconf 90' lang='lat' dir='ltr'>Eodem</span> <span class='ocrx_word' id='word_1_449' title='bbox 947 5049 1122 5125; x_wconf 92' lang='lat' dir='ltr'>plane</span> <span class='ocrx_word' id='word_1_450' title='bbox 1184 5048 1361 5109; x_wconf 90' lang='lat' dir='ltr'>modo</span> <span class='ocrx_word' id='word_1_451' title='bbox 1408 5048 1834 5109; x_wconf 90' lang='lat' dir='ltr'>demonstratur</span> <span class='ocrx_word' id='word_1_452' title='bbox 1880 5052 2055 5111; x_wconf 90' lang='lat' dir='ltr'>etiam</span> <span class='ocrx_word' id='word_1_453' title='bbox 2101 5067 2133 5110; x_wconf 90' lang='lat' dir='ltr'>e</span> <span class='ocrx_word' id='word_1_454' title='bbox 2179 5051 2500 5128; x_wconf 75' lang='lat' dir='ltr'>contrario,</span> <span class='ocrx_word' id='word_1_455' title='bbox 2563 5051 2615 5108; x_wconf 90' lang='lat' dir='ltr'>si</span> <span class='ocrx_word' id='word_1_456' title='bbox 2658 5046 2930 5125; x_wconf 81' lang='lat' dir='ltr'>planetae</span> <span class='ocrx_word' id='word_1_457' title='bbox 2974 5062 3192 5122; x_wconf 88' lang='lat' dir='ltr'>appro-</span> 
     </span>
     <span class='ocr_line' id='line_1_48' title="bbox 486 5135 3192 5216; baseline -0.002 -19"><span class='ocrx_word' id='word_1_458' title='bbox 486 5141 777 5216; x_wconf 85' lang='lat' dir='ltr'>pinquent</span> <span class='ocrx_word' id='word_1_459' title='bbox 820 5138 1071 5196; x_wconf 86' lang='lat' dir='ltr'>invicem</span> <span class='ocrx_word' id='word_1_460' title='bbox 1115 5138 1173 5193; x_wconf 92' lang='lat' dir='ltr'>in</span> <span class='ocrx_word' id='word_1_461' title='bbox 1222 5135 1308 5211; x_wconf 88' lang='lat' dir='ltr'>G,</span> <span class='ocrx_word' id='word_1_462' title='bbox 1354 5137 1404 5195; x_wconf 91' lang='lat' dir='ltr'><strong>F</strong></span> <span class='ocrx_word' id='word_1_463' title='bbox 1449 5136 1604 5196; x_wconf 91' lang='lat' dir='ltr'>ultra</span> <span class='ocrx_word' id='word_1_464' title='bbox 1648 5136 1958 5198; x_wconf 81' lang='lat' dir='ltr'>distantias</span> <span class='ocrx_word' id='word_1_465' title='bbox 2004 5138 2227 5199; x_wconf 89' lang='lat' dir='ltr'>medias</span> <span class='ocrx_word' id='word_1_466' title='bbox 2272 5141 2331 5196; x_wconf 91' lang='lat' dir='ltr'>in</span> <span class='ocrx_word' id='word_1_467' title='bbox 2375 5138 2472 5211; x_wconf 88' lang='lat' dir='ltr'>H,</span> <span class='ocrx_word' id='word_1_468' title='bbox 2519 5137 2603 5210; x_wconf 91' lang='lat' dir='ltr'>E,</span> <span class='ocrx_word' id='word_1_469' title='bbox 2653 5137 2740 5196; x_wconf 86' lang='lat' dir='ltr'>sie</span> <span class='ocrx_word' id='word_1_470' title='bbox 2784 5145 2850 5194; x_wconf 87' lang='lat' dir='ltr'>ut</span> <span class='ocrx_word' id='word_1_471' title='bbox 2891 5135 3192 5211; x_wconf 90' lang='lat' dir='ltr'>proportio</span> 
     </span>
     <span class='ocr_line' id='line_1_49' title="bbox 489 5219 3191 5300; baseline -0.002 -14"><span class='ocrx_word' id='word_1_472' title='bbox 489 5226 813 5287; x_wconf 87' lang='lat' dir='ltr'>mediarum</span> <span class='ocrx_word' id='word_1_473' title='bbox 877 5224 1280 5283; x_wconf 84' lang='lat' dir='ltr'>distantiarum</span> <span class='ocrx_word' id='word_1_474' title='bbox 1326 5223 1444 5282; x_wconf 93' lang='lat' dir='ltr'>DH</span> <span class='ocrx_word' id='word_1_475' title='bbox 1488 5224 1562 5281; x_wconf 90' lang='lat' dir='ltr'>ad</span> <span class='ocrx_word' id='word_1_476' title='bbox 1612 5223 1716 5283; x_wconf 83' lang='grc' dir='ltr'>ΑΕ</span> <span class='ocrx_word' id='word_1_477' title='bbox 1761 5228 1990 5285; x_wconf 87' lang='lat' dir='ltr'>amittat</span> <span class='ocrx_word' id='word_1_478' title='bbox 2049 5226 2178 5300; x_wconf 86' lang='lat' dir='ltr'>plus</span> <span class='ocrx_word' id='word_1_479' title='bbox 2225 5223 2496 5296; x_wconf 90' lang='lat' dir='ltr'>dimidio,</span> <span class='ocrx_word' id='word_1_480' title='bbox 2565 5230 2706 5283; x_wconf 86' lang='lat' dir='ltr'>tune</span> <span class='ocrx_word' id='word_1_481' title='bbox 2765 5229 3029 5282; x_wconf 90' lang='lat' dir='ltr'>motuum</span> <span class='ocrx_word' id='word_1_482' title='bbox 3076 5219 3191 5281; x_wconf 87' lang='lat' dir='ltr'>GK</span> 
     </span>
     <span class='ocr_line' id='line_1_50' title="bbox 486 5308 3191 5389; baseline -0.002 -15"><span class='ocrx_word' id='word_1_483' title='bbox 486 5314 560 5374; x_wconf 88' lang='lat' dir='ltr'>ad</span> <span class='ocrx_word' id='word_1_484' title='bbox 607 5314 710 5373; x_wconf 83' lang='lat' dir='ltr'><strong>FL</strong></span> <span class='ocrx_word' id='word_1_485' title='bbox 758 5315 1189 5389; x_wconf 90' lang='lat' dir='ltr'>proportionem</span> <span class='ocrx_word' id='word_1_486' title='bbox 1235 5312 1357 5373; x_wconf 89' lang='lat' dir='ltr'>fieri</span> <span class='ocrx_word' id='word_1_487' title='bbox 1420 5313 1698 5375; x_wconf 89' lang='lat' dir='ltr'>minorem</span> <span class='ocrx_word' id='word_1_488' title='bbox 1761 5314 2134 5388; x_wconf 88' lang='lat' dir='ltr'>proportione</span> <span class='ocrx_word' id='word_1_489' title='bbox 2178 5328 2432 5376; x_wconf 80' lang='lat' dir='ltr'>suorum</span> <span class='ocrx_word' id='word_1_490' title='bbox 2477 5309 2919 5371; x_wconf 84' lang='lat' dir='ltr'>intervallorum</span> <span class='ocrx_word' id='word_1_491' title='bbox 2966 5309 3068 5369; x_wconf 91' lang='lat' dir='ltr'><strong>BF</strong></span> <span class='ocrx_word' id='word_1_492' title='bbox 3114 5308 3191 5368; x_wconf 86' lang='lat' dir='ltr'>ad</span> 
     </span>
     <span class='ocr_line' id='line_1_51' title="bbox 488 5397 3191 5475; baseline -0.002 -13"><span class='ocrx_word' id='word_1_493' title='bbox 488 5400 608 5462; x_wconf 79' lang='lat' dir='ltr'>OG.</span> <span class='ocrx_word' id='word_1_494' title='bbox 700 5400 858 5459; x_wconf 87' lang='lat' dir='ltr'>Nihil</span> <span class='ocrx_word' id='word_1_495' title='bbox 908 5401 1059 5459; x_wconf 89' lang='lat' dir='ltr'>enim</span> <span class='ocrx_word' id='word_1_496' title='bbox 1106 5398 1260 5457; x_wconf 86' lang='lat' dir='ltr'>ultra</span> <span class='ocrx_word' id='word_1_497' title='bbox 1306 5397 1670 5473; x_wconf 83' lang='lat' dir='ltr'>faciendum,</span> <span class='ocrx_word' id='word_1_498' title='bbox 1730 5417 1907 5475; x_wconf 88' lang='lat' dir='ltr'>qnam</span> <span class='ocrx_word' id='word_1_499' title='bbox 1965 5407 2030 5458; x_wconf 91' lang='lat' dir='ltr'>ut</span> <span class='ocrx_word' id='word_1_500' title='bbox 2072 5406 2262 5460; x_wconf 89' lang='lat' dir='ltr'>mutes</span> <span class='ocrx_word' id='word_1_501' title='bbox 2320 5416 2530 5473; x_wconf 81' lang='lat' dir='ltr'>voees,</span> <span class='ocrx_word' id='word_1_502' title='bbox 2590 5400 2795 5473; x_wconf 69' lang='lat' dir='ltr'>major</span> <span class='ocrx_word' id='word_1_503' title='bbox 2847 5399 2906 5456; x_wconf 91' lang='lat' dir='ltr'>in</span> <span class='ocrx_word' id='word_1_504' title='bbox 2965 5400 3191 5471; x_wconf 74' lang='lat' dir='ltr'>minor,</span> 
     </span>
     <span class='ocr_line' id='line_1_52' title="bbox 486 5486 2142 5565; baseline -0.002 -15"><span class='ocrx_word' id='word_1_505' title='bbox 486 5491 623 5565; x_wconf 75' lang='lat' dir='ltr'>plus</span> <span class='ocrx_word' id='word_1_506' title='bbox 670 5490 732 5546; x_wconf 91' lang='lat' dir='ltr'>in</span> <span class='ocrx_word' id='word_1_507' title='bbox 775 5491 999 5556; x_wconf 77' lang='lat' dir='ltr'>minus,</span> <span class='ocrx_word' id='word_1_508' title='bbox 1048 5504 1310 5545; x_wconf 74' lang='lat' dir='ltr'>excessus</span> <span class='ocrx_word' id='word_1_509' title='bbox 1353 5489 1413 5542; x_wconf 90' lang='lat' dir='ltr'>in</span> <span class='ocrx_word' id='word_1_510' title='bbox 1458 5486 1718 5563; x_wconf 77' lang='lat' dir='ltr'>defectus</span> <span class='ocrx_word' id='word_1_511' title='bbox 1763 5492 1821 5545; x_wconf 86' lang='lat' dir='ltr'>et</span> <span class='ocrx_word' id='word_1_512' title='bbox 1865 5487 2142 5547; x_wconf 83' lang='lat' dir='ltr'>vicissim.</span> 
     </span>
    </p>

    <p class='ocr_par' dir='ltr' id='par_1_15' title="bbox 485 5568 3193 5744">
     <span class='ocr_line' id='line_1_53' title="bbox 654 5568 3193 5656; baseline -0.002 -21"><span class='ocrx_word' id='word_1_513' title='bbox 654 5575 727 5635; x_wconf 91' lang='lat' dir='ltr'>In</span> <span class='ocrx_word' id='word_1_514' title='bbox 772 5576 1056 5652; x_wconf 88' lang='lat' dir='ltr'>appositis</span> <span class='ocrx_word' id='word_1_515' title='bbox 1100 5575 1370 5645; x_wconf 87' lang='lat' dir='ltr'>numeris,</span> <span class='ocrx_word' id='word_1_516' title='bbox 1419 5576 1559 5650; x_wconf 87' lang='lat' dir='ltr'>quia</span> <span class='ocrx_word' id='word_1_517' title='bbox 1604 5572 1845 5634; x_wconf 89' lang='lat' dir='ltr'>dimidia</span> <span class='ocrx_word' id='word_1_518' title='bbox 1888 5571 1962 5634; x_wconf 90' lang='lat' dir='ltr'>de</span> <span class='ocrx_word' id='word_1_519' title='bbox 2011 5569 2086 5656; x_wconf 73' lang='lat' dir='ltr'>⁴l9</span> <span class='ocrx_word' id='word_1_520' title='bbox 2131 5579 2222 5633; x_wconf 89' lang='lat' dir='ltr'>est</span> <span class='ocrx_word' id='word_1_521' title='bbox 2265 5568 2364 5655; x_wconf 65' lang='lat' dir='ltr'>²l3,</span> <span class='ocrx_word' id='word_1_522' title='bbox 2410 5579 2470 5633; x_wconf 90' lang='lat' dir='ltr'>et</span> <span class='ocrx_word' id='word_1_523' title='bbox 2513 5569 2591 5654; x_wconf 63' lang='lat'>²¹78</span> <span class='ocrx_word' id='word_1_524' title='bbox 2635 5580 2725 5633; x_wconf 85' lang='lat' dir='ltr'>est</span> <span class='ocrx_word' id='word_1_525' title='bbox 2769 5571 2963 5634; x_wconf 82' lang='lat' dir='ltr'>adhue</span> <span class='ocrx_word' id='word_1_526' title='bbox 3004 5571 3193 5652; x_wconf 80' lang='lat' dir='ltr'>major</span> 
     </span>
     <span class='ocr_line' id='line_1_54' title="bbox 485 5656 3191 5744; baseline -0.002 -20"><span class='ocrx_word' id='word_1_527' title='bbox 485 5682 664 5741; x_wconf 85' lang='lat' dir='ltr'>qnam</span> <span class='ocrx_word' id='word_1_528' title='bbox 708 5659 785 5744; x_wconf 59' lang='lat'>²),</span> <span class='ocrx_word' id='word_1_529' title='bbox 835 5664 1161 5740; x_wconf 88' lang='lat' dir='ltr'>quantitate</span> <span class='ocrx_word' id='word_1_530' title='bbox 1207 5678 1483 5726; x_wconf 81' lang='lat' dir='ltr'>excessus</span> <span class='ocrx_word' id='word_1_531' title='bbox 1535 5656 1694 5743; x_wconf 64' lang='lat' dir='ltr'>¹⁵s10,</span> <span class='ocrx_word' id='word_1_532' title='bbox 1760 5668 1821 5723; x_wconf 88' lang='lat' dir='ltr'>et</span> <span class='ocrx_word' id='word_1_533' title='bbox 1871 5678 2014 5722; x_wconf 89' lang='lat' dir='ltr'>vero</span> <span class='ocrx_word' id='word_1_534' title='bbox 2077 5662 2473 5741; x_wconf 86' lang='lat' dir='ltr'>proportionis</span> <span class='ocrx_word' id='word_1_535' title='bbox 2519 5662 2557 5721; x_wconf 85' lang='lat'>8</span> <span class='ocrx_word' id='word_1_536' title='bbox 2602 5659 2680 5720; x_wconf 88' lang='lat' dir='ltr'>ad</span> <span class='ocrx_word' id='word_1_537' title='bbox 2726 5664 2762 5721; x_wconf 84' lang='grc'><strong>9</strong></span> <span class='ocrx_word' id='word_1_538' title='bbox 2811 5659 2994 5739; x_wconf 85' lang='lat' dir='ltr'>dupla</span> <span class='ocrx_word' id='word_1_539' title='bbox 3034 5660 3191 5720; x_wconf 75' lang='lat' dir='ltr'>faeta</span> 
     </span>
    </p>
   </div>
  </div>
 </body>
</html>
