3684 7259
671 1243 673 1248 -
758 1207 902 1264 ῙιίδαΠ.
920 1208 1010 1278 capet
1026 1209 1049 1264 1.
1504 1197 1566 1285 ,gp

221 1378 352 1449 insius,
369 1388 438 1449 pute
454 1387 558 1437 rectum
574 1388 603 1435 et
619 1397 739 1448 currum,
756 1390 900 1451 floretque
917 1382 1048 1453 circulos,
1065 1383 1119 1453 qai
1137 1391 1204 1440 suut
1219 1384 1248 1439 iu
1263 1385 1327 1455 ipsa
1342 1386 1568 1448 intellectualiter.

222 1457 318 1514 Omnia
335 1474 400 1528 ergo
422 1460 611 1516 mathematica
633 1461 748 1528 primum
772 1469 836 1519 suut
859 1462 887 1517 in
904 1461 1011 1531 anima,
1031 1469 1064 1517 et
1087 1468 1151 1517 aute
1168 1479 1293 1520 numeros
1316 1469 1420 1524 numeri
1443 1485 1472 1525 ss
1493 1470 1568 1541 ipsos

221 1546 374 1608 moventes,
399 1547 427 1595 et
444 1549 507 1595 aute
523 1540 625 1607 figuras
644 1549 807 1609 apparentes
824 1539 928 1610 tigrim
945 1540 1056 1609 uitales,
1084 1546 1112 1596 et
1129 1548 1193 1596 aute
1211 1542 1375 1599 combinata
1399 1547 1442 1602 sel
1460 1550 1568 1608 conom-

222 1626 286 1672 uate
303 1617 380 1687 ipsae
397 1619 517 1674 ratiorms
535 1619 787 1674 concordnntimum
806 1636 856 1675 seu
873 1620 1058 1688 harmonicae,
1076 1627 1104 1678 et
1120 1627 1183 1676 ente
1202 1634 1324 1689 corpora,
1342 1639 1413 1692 qnae
1430 1634 1570 1694 morentur

221 1696 249 1750 iu
266 1689 403 1761 circulum,
420 1695 473 1765 ipsi
491 1696 660 1766 inconspicui
678 1696 745 1767 cycli
764 1695 864 1752 conditi
882 1707 956 1757 sunt:
976 1707 1071 1770 estque
1089 1696 1178 1752 anima
1200 1699 1318 1754 omnium
1335 1698 1432 1758 rerum¹
1445 1720 1568 1762 cousum-
1643 1720 1647 1728 '

221 1776 304 1830 mutio
326 1781 353 1827 et
372 1775 439 1830 haec
458 1784 500 1830 cst
518 1776 659 1831 exornatio
682 1775 814 1847 quaedam
836 1774 890 1831 alia
908 1772 1027 1847 (praeter
1044 1774 1197 1842 sensilem),
1222 1792 1292 1846 quae
1311 1785 1339 1834 et
1356 1780 1417 1849 ipsa
1434 1791 1464 1837 sc
1481 1783 1568 1852 ipsam

221 1852 331 1908 adducit
348 1854 392 1918 (ad
409 1858 473 1925 res),
491 1861 519 1908 ct
536 1869 553 1908 a
570 1853 693 1909 familiari
712 1862 740 1910 et
758 1861 872 1923 cognato
891 1854 1024 1925 principio
1043 1853 1198 1924 adducitur,
1222 1872 1346 1930 quaeque
1363 1860 1420 1916 uite
1436 1869 1512 1918 etse
1529 1863 1569 1934 ip·

220 1946 278 1987 sam
295 1931 390 2001 implet
407 1940 436 1987 et
453 1948 470 1986 a
487 1934 615 1988 Creatore
632 1932 760 2002 impletur
779 1933 939 2001 incorporeo
958 1942 986 1989 et
1002 1932 1143 1989 indistanti
1168 1931 1257 1989 modo.
1302 1933 1568 2015 („‘Nonlongeah-

221 2026 266 2074 eet
288 2016 326 2073 ab
348 2032 542 2092 unoquoque3
565 2018 595 2073 in
618 2017 682 2093 ipso
706 2009 850 2088 vivimus,
878 2016 1029 2077 movemur
1051 2026 1080 2080 et
1102 2018 1246 2098 sumus.“)
1281 2017 1319 2072 Et
1335 2034 1394 2073 curn
1406 2019 1512 2088 profert
1523 2035 1569 2075 ex-

222 2097 360 2166 plicatque
378 2099 498 2153 rabones
515 2099 588 2167 ejus,
611 2105 676 2153 tunc
694 2106 723 2153 et
740 2100 867 2154 scientias
886 2095 988 2168 detegit
1006 2117 1099 2156 omnes
1124 2108 1153 2154 et
1171 2101 1294 2157 'virtutes
1331 2098 1505 2153 Essentletur
1522 2099 1569 2169 lgi-

222 2185 268 2231 tur
284 2178 312 2231 in
329 2177 405 2232 hisce
422 2177 565 2247 speciebus
583 2179 685 2245 enims,
709 2192 760 2232 nec
778 2178 1000 2245 existimandum,
1028 2196 1182 2250 numerum,
1210 2180 1256 2249 qui
1274 2181 1302 2235 in
1318 2179 1378 2248 ipsa
1400 2178 1482 2246 inest,
1509 2181 1569 2235 esse

221 2253 419 2311 multitudinem
437 2257 580 2321 unitatum,
599 2271 688 2324 neque
705 2255 791 2310 forma
808 2263 836 2311 et
852 2256 915 2311 idea
933 2272 1035 2327 eorum,
1055 2274 1124 2329 quse
1143 2259 1211 2332 locis
1229 2267 1294 2314 suut
1311 2256 1488 2325 dislocabilia,
1506 2258 1569 2313 sub·

220 2333 354 2390 audienda
376 2344 419 2392 est
442 2351 585 2404 corporea,
614 2333 663 2390 sed
680 2334 770 2389 omnia
787 2334 904 2390 vitaliter
931 2343 958 2391 et
983 2338 1207 2395 intellectualiter
1229 2335 1408 2408 supponenda
1432 2343 1460 2390 et
1482 2328 1569 2404 prima'

225 2412 351 2482 exempla
368 2415 556 2484 apparentium
574 2429 746 2469 numerorum
763 2422 792 2468 et
808 2412 956 2484 figurarum
973 2423 1003 2471 et
1020 2417 1154 2476 rationum
1173 2424 1200 2473 et
1217 2425 1351 2484 motuum3
1371 2422 1399 2469 et
1416 2412 1569 2486 sequendus

221 2489 269 2545 hic
287 2490 424 2557 Timaeus,
443 2494 489 2561 qui
507 2508 612 2547 omnem
629 2492 715 2562 ipsius
733 2500 823 2549 ortum
840 2500 869 2549 et
885 2493 1016 2550 fabricam
1039 2495 1215 2566 ugeneribus
1233 2493 1429 2549 mathematicis
1447 2487 1569 2564 'consum
1599 2527 1601 2531 ⁴
1668 2547 1671 2552 ,

221 2577 282 2623 mat
299 2576 327 2624 et
345 2570 453 2639 perficit
474 2572 556 2640 inque
573 2573 633 2641 ipsa
655 2587 744 2627 rerum
770 2572 889 2629 omnium
913 2589 1011 2630 causas
1034 2575 1149 2644 reponit.
1186 2574 1295 2644 Septem
1313 2572 1382 2628 euim
1405 2569 1445 2625 illi
1463 2570 1568 2626 termini

222 2663 395 2704 numerorum
423 2649 541 2704 omnium
563 2645 645 2725 (puto
672 2650 698 2719 l,
722 2649 751 2720 2,
776 2649 806 2721 4,
831 2647 868 2723 83
892 2647 921 2719 3,
943 2651 972 2721 9,
995 2645 1048 2731 tu)
1066 2655 1214 2710 secundnm
1236 2667 1346 2709 causam
1370 2651 1472 2721 inipso
1491 2665 1568 2719 prae·

224 2730 394 2783 exstiterunt.
431 2730 547 2783 Rursum
573 2729 721 2797 figurarum
738 2728 871 2798 principia
893 2731 1104 2788 architectonico
1130 2747 1179 2789 eeu
1196 2731 1286 2788 fabrili
1303 2727 1383 2785 modo
1406 2729 1434 2786 in
1451 2728 1510 2798 ipsa
1527 2743 1568 2784 re·

222 2806 311 2874 posita
329 2816 401 2878 sunt,
420 2815 448 2863 et
464 2817 584 2861 motuum
603 2808 719 2861 omnium
737 2808 840 2876 primus
858 2813 886 2862 et
904 2809 1154 2881 principalissimus,
1174 2809 1220 2879 qni
1231 2817 1321 2864 motus
1339 2807 1458 2876 reliquos
1476 2819 1568 2863 omues

195 2885 197 2890 '
222 2885 372 2941 circumdet
388 2888 544 2954 incitatque,
563 2903 618 2940 una
636 2902 696 2941 cum
714 2887 775 2956 ipsa
793 2887 911 2957 exstitit3
939 2890 1056 2943 omnium
1075 2889 1145 2944 euim
1164 2904 1234 2958 quae
1251 2894 1392 2943 moveatur
1408 2885 1567 2955 principium

222 2973 264 3019 est
279 2964 398 3021 circulus
416 2973 444 3019 et
461 2976 549 3020 motus
568 2966 714 3020 circularis.
756 2965 927 3036 Sunt-igitur
946 2968 1106 3023 essentiales
1125 2974 1153 3022 et
1170 2982 1200 3022 ee
1217 2967 1293 3035 ipsae
1311 2974 1448 3023 meternes
1466 2963 1568 3026 matbe-

221 3044 379 3099 maticorum
396 3060 487 3099 rerum
504 3046 636 3115 rationes,
662 3061 734 3114 quae
751 3052 939 3101 consummant
957 3047 1077 3101 animas:
1100 3062 1168 3117 quas
1192 3045 1282 3101 anima
1304 3043 1445 3114 proferens
1463 3045 1568 3114 etpre-

222 3138 325 3192 pagaus
353 3124 532 3200 evehensque
558 3139 665 3180 omnem
683 3123 839 3179 uarietatem
867 3124 1041 3180 scientiarum
1059 3124 1310 3198 mathematicarum
1332 3121 1398 3177 iacit
1415 3121 1567 3178 subsistere

222 3194 318 3272 Neque
336 3203 388 3257 erit
405 3217 538 3271 unquam,
564 3209 594 3257 ut
611 3204 717 3258 desinat
733 3203 782 3258 illa
798 3204 960 3273 progignere
978 3212 1007 3256 et
1026 3218 1121 3259 eruere
1138 3215 1246 3272 semper
1262 3200 1316 3258 alia
1332 3204 1396 3271 post
1413 3199 1480 3267 alia,
1505 3198 1568 3255 dum

222 3281 339 3335 rationes
359 3296 423 3336 suas
440 3279 616 3351 impartibiles
640 3280 813 3350 simplicitate
837 3283 922 3337 exuit.
958 3281 1054 3336 Omnia
1078 3282 1149 3338 euim
1171 3281 1247 3349 prins
1269 3278 1391 3348 accepit,
1418 3278 1568 3346 specierum

200 3360 374 3431 principum
402 3368 430 3416 et
453 3361 650 3432 primncrarum
679 3362 707 3414 in
731 3360 840 3416 modum
866 3369 894 3416 et
924 3357 1072 3414 secundnm
1100 3358 1231 3422 infinitam
1255 3373 1332 3413 suam
1357 3355 1512 3413 facultatem
1534 3370 1569 3412 ex

224 3440 364 3509 principiis
383 3442 537 3511 anticipatis
562 3440 648 3497 omnis
667 3438 773 3507 generis
791 3438 1006 3509 speculationum
1029 3437 1238 3510 propagationes
1257 3436 1456 3493 architectatur.
1486 3429 1568 3506 Hac-

223 3532 309 3582 tenus
331 3521 462 3585 Proclue.
934 3533 938 3538 “
1320 3518 1322 3522 ’

310 3610 416 3671 Totum
436 3599 535 3672 locum
558 3613 719 3672 exscribere
743 3610 838 3683 volni,
869 3607 1023 3686 quis'non
1047 3618 1159 3670 tanturn
1189 3611 1332 3687 genuinos
1354 3607 1568 3668 harmoniarum

224 3700 370 3772 terminos,
394 3700 516 3759 circulos
539 3709 568 3758 et
590 3717 675 3760 arcum
690 3719 709 3757 a
722 3699 823 3775 figuris
839 3700 987 3771 rescissos,
1004 3702 1079 3757 inter
1094 3708 1189 3758 cetera
1204 3697 1410 3756 mathematica
1428 3699 1455 3754 in
1471 3695 1569 3756 anima

224 3786 312 3861 inque
335 3797 431 3846 monte
454 3788 557 3846 statuit
579 3785 784 3859 essentialiter,
815 3787 858 3845 sic
880 3793 913 3844 ut
941 3786 1016 3845 haec
1037 3785 1244 3845 mathematica
1266 3785 1337 3844 fiant
1366 3787 1421 3863 ipsi
1453 3786 1568 3844 animae

224 3875 411 3950 vicissimque
439 3876 537 3933 anima
566 3875 638 3952 ipsis
659 3871 700 3954 (in
729 3880 870 3951 quantum
897 3881 967 3932 sunt
997 3865 1109 3932 secr'eta
1141 3892 1161 3934 a
1189 3870 1396 3951 singularibus)
1423 3867 1568 3947 quaedam

226 3960 305 4020 velut
326 3963 468 4035 essentia,
497 3960 550 4021 sed
573 3963 665 4039 etiarn¹
684 3962 754 4038 quia
776 3949 847 4020 mihi
869 3959 978 4019 similia
1005 3960 1161 4042 proferenti
1185 3959 1282 4026 'demit
1304 3959 1444 4019 invidiam
1468 3958 1567 4034 reJecti
1684 3981 1687 3986 ·
1749 3976 1755 3987 ·

224 4045 380 4107 hincinde
403 4046 577 4123 Aristotelis,
601 4059 754 4125 totamque
778 4048 854 4128 hanc
877 4047 1093 4127 philosophiam
1116 4049 1220 4107 eximie
1243 4045 1434 4108 commendat.

311 4149 360 4210 De
377 4154 503 4213 numeris
525 4151 642 4229 quidem
665 4152 743 4234 haud
768 4152 982 4227 contenderim,
1000 4137 1080 4230 'quin
1105 4150 1277 4214 Aristotelea
1299 4158 1376 4211 recte
1403 4148 1569 4210 refutaverit

223 4236 448 4315 Pythagoricum
471 4247 540 4300 suut
562 4243 638 4308 enirn
660 4240 704 4298 illi
726 4239 871 4300 secundae
894 4239 1110 4318 quodammodo
1134 4240 1311 4312 intentionis,
1335 4240 1392 4298 imo
1415 4247 1445 4300 et
1466 4239 1568 4314 tertias

223 4336 252 4386 at
273 4335 394 4403 quartae
416 4336 446 4386 et
468 4327 551 4404 cujus
580 4345 638 4387 non
668 4336 712 4388 eat
742 4327 838 4388 dicere
867 4330 1035 4402 terminum
1064 4345 1118 4388 uec
1148 4327 1258 4404 hebent
1287 4327 1315 4384 in
1338 4327 1372 4387 se
1402 4327 1567 4408 quicquam,

223 4413 301 4490 quod
323 4430 381 4472 nou
405 4413 453 4474 vel
474 4433 493 4472 a
516 4416 738 4491 quantitatibus,
764 4414 809 4474 vei
831 4415 870 4474 ab
894 4414 961 4474 aliis
978 4417 1054 4475 veris
1078 4423 1107 4476 et
1127 4414 1254 4475 realibus
1269 4412 1393 4486 entibus,
1418 4412 1569 4474 ueletiam

223 4514 241 4558 a
264 4503 352 4560 variis
373 4503 479 4562 mentis
501 4503 710 4562 intentionibus
733 4502 914 4580 acceperint,
944 4504 1042 4578 itaque
1064 4519 1119 4562 nec
1141 4501 1302 4568 Platonicis
1325 4502 1467 4574 numeris,
1496 4507 1569 4559 con·-

223 4588 348 4656 reratuni
372 4589 649 4665 rerumpublicarum
672 4590 796 4660 tributis,
820 4604 894 4665 qnos
911 4588 1043 4650 Bodinus
1065 4591 1095 4648 in
1118 4589 1256 4652 methodo
1275 4589 1458 4654 historiarum
1482 4603 1569 4648 usur·

221 4682 281 4752 pat,
302 4692 358 4735 uec
380 4676 580 4737 climactericis
603 4676 687 4736 dietis
709 4688 827 4753 propter
849 4676 966 4752 quidem
988 4694 1021 4750 se
1043 4678 1124 4755 ipsos
1147 4682 1306 4755 quicquam
1326 4674 1432 4749 tribuo,
1459 4675 1515 4734 nisi
1538 4674 1567 4734 in
1665 4707 1667 4712 -
1708 4720 1712 4728 .

223 4773 365 4850 quantum
394 4766 414 4821 ii
437 4764 634 4842 revolutiones¹
664 4772 807 4826 astrorum
835 4763 1154 4842 configurationumque
1177 4774 1350 4839 numerant;
1373 4772 1404 4823 ut
1426 4779 1518 4840 nuper
1539 4763 1568 4822 lu

222 4849 434 4929 prolegomenis
460 4849 681 4928 Ephemeridum
702 4868 761 4911 nou
784 4852 907 4913 obscure
929 4850 1102 4929 significavi.
1646 4863 1648 4867 “

309 4955 351 5014 At
377 4954 456 5031 quod
487 4957 593 5015 attinet
619 4957 798 5031 quantitates
829 4957 999 5030 continuas,
1037 4960 1155 5018 omnino
1184 4962 1328 5017 aeserrtior
1356 4933 1479 5029 Pretio,
1513 4957 1567 5023 etad

222 5046 315 5102 oratio
338 5042 402 5101 fluit
423 5044 478 5118 ipsi
502 5046 637 5103 tonantis
660 5045 765 5117 instar,
794 5044 874 5120 ripas
895 5044 1042 5104 inundans
1072 5053 1102 5106 et
1133 5062 1221 5106 caece
1243 5043 1460 5106 dubitationum
1492 5039 1569 5108 rade

221 5131 409 5207 gurgitesque
432 5130 591 5204 occultans,
616 5130 685 5189 dum
706 5148 788 5191 meus
809 5132 898 5207 pleae
918 5132 1082 5209 majestatis
1103 5139 1249 5193 tantarum
1271 5149 1366 5191 rerum
1391 5131 1518 5192 luctatur
1537 5131 1569 5194 la

222 5219 363 5293 angustiis
379 5217 503 5293 linguae,
528 5227 557 5278 et
579 5217 738 5291 conclusio,
762 5234 910 5295 nunquam
933 5220 989 5278 sibi
1012 5221 1068 5297 ipsi
1091 5219 1247 5280 verborum
1268 5221 1354 5295 copia
1375 5219 1568 5292 satisfaciu,

220 5306 450 5383 propositionum
473 5305 690 5381 simplicitatem
712 5303 835 5365 excedit.
882 5303 993 5381 Opinor
1016 5308 1112 5382 iutur,
1134 5308 1161 5364 si
1176 5324 1257 5368 meas
1281 5323 1336 5383 ego
1355 5308 1492 5392 rationes,
1518 5322 1568 5366 cnr

154 5395 157 5400 '
221 5392 380 5451 humoniis
409 5393 596 5453 insensilibus
624 5390 763 5452 circulum
791 5391 1018 5456 intellectualem
1048 5392 1170 5469 eiusque
1199 5400 1299 5470 parms
1327 5395 1569 5456 terminos-oea»
1673 5459 1677 5467 ,

222 5482 358 5553 stituam,
383 5479 445 5554 jam
468 5481 645 5555 subJunxero
673 5477 840 5561 (conceptas
870 5480 952 5555 prius
974 5478 1220 5556 quamProclnm
1245 5477 1407 5561 legissem),
1438 5497 1567 5541 menon

222 5575 335 5627 tantum
366 5577 564 5627 consentanea
582 5567 689 5626 Proclo
720 5563 877 5640 dicturum,
906 5563 958 5627 ssd
987 5569 1076 5628 edam
1105 5568 1309 5645 compendium
1329 5568 1478 5645 quoddam
1504 5567 1568 5630 loct

223 5653 360 5732 descripti
382 5654 539 5729 iacturum,
564 5662 707 5731 quantum
729 5652 848 5731 quidem
869 5652 920 5714 lile
942 5669 1008 5714 meo
1031 5657 1122 5715 enuit
1142 5656 1286 5716 instituto.
1506 5669 1509 5676 ·
