3684 7259
263 1165 327 1227 ris
674 1162 1196 1233 heumanmus-rumaren

262 1340 438 1487 gazaque,
469 1359 547 1488 qsqp
574 1344 692 1418 ignem
714 1343 891 1420 quidmst,
921 1347 1100 1423 progenitas
1144 1341 1457 1419 VideOptieanea,
1486 1341 1538 1401 inl
1561 1341 1615 1412 25,

309 1472 317 1500 ,
364 1433 393 1486 i.
428 1437 504 1488 titt
560 1451 590 1498 st

350 1515 434 1574 Hane
461 1521 576 1576 animae
599 1517 725 1577 Telluris
753 1519 845 1577 reluti
874 1522 1025 1576 materiam
1056 1520 1287 1592 assignabimus.
1318 1522 1345 1573 in
1374 1536 1465 1589 quam
1489 1516 1555 1590 jam
1576 1516 1617 1571 sit

264 1604 404 1679 impressa
429 1603 494 1661 loeo
517 1606 627 1664 ismae
651 1609 748 1682 imago
781 1607 879 1663 rultus
902 1606 1005 1677 divini,
1027 1623 1093 1663 curn
1115 1606 1188 1663 ruet<
1204 1619 1264 1663 tarn
1288 1604 1387 1663 circuli
1409 1608 1616 1677 anuumque

262 1691 326 1764 ejus
348 1694 487 1764 omnium,
509 1710 598 1767 qnam
620 1697 750 1769 corporis
772 1698 817 1753 sni
840 1693 967 1762 sensilis,
988 1697 1034 1751 eui
1059 1693 1186 1768 regendo
1209 1694 1355 1770 praelecta
1377 1707 1431 1752 est.
1454 1690 1614 1764 mundique

262 1777 339 1836 adeo
362 1783 461 1849 rodus,
486 1782 514 1836 iu
537 1798 598 1855 quo
620 1799 726 1856 eorpus
749 1782 812 1856 ejus
835 1782 963 1838 laturum
986 1797 1058 1838 erar.
1105 1781 1202 1838 Habet
1232 1784 1308 1839 enirn
1333 1781 1413 1838 nem
1436 1799 1494 1837 non
1514 1796 1615 1837 exem·

261 1864 357 1940 plaria
379 1879 491 1924 uatum
513 1871 692 1942 geometrica
713 1887 822 1938 secum,
844 1869 896 1926 sed
920 1873 1009 1926 etiarn
1024 1883 1181 1943 conseptus
1204 1865 1392 1927 creandarum
1414 1870 1547 1925 uranium
1567 1882 1616 1924 re·

262 1970 326 2021 ¹rum
351 1954 514 2013 sensilium.
544 1972 621 2029 qnae
644 1960 743 2013 omnia
765 1956 851 2013 simul
875 1969 1024 2013 transeunt
1049 1960 1076 2011 in
1101 1960 1227 2014 animas.
1260 1956 1316 2014 Dei
1338 1956 1533 2031 exemplaria,
1561 1969 1615 2028 pro

263 2040 406 2116 cujusque
429 2041 476 2100 rel
499 2055 588 2118 captu
611 2043 658 2100 rel
684 2062 748 2101 ssu.
771 2043 893 2101 ltelusm
917 2047 1004 2118 igitur
1027 2046 1175 2101 inanima
1198 2043 1324 2100 Telluris
1349 2048 1447 2117 imrgo
1469 2040 1615 2117 quaedam

263 2129 362 2185 circuli
384 2128 497 2187 audiui
519 2131 667 2188 sensibilis
681 2134 831 2206 totiusque
846 2131 922 2189 adeo
938 2131 1120 2201 firmamenti,
1144 2130 1290 2188 rintulnm
1313 2130 1497 2206 sympathiae
1519 2144 1615 2186 rerum

264 2216 434 2274 scelestium
457 2227 487 2275 et
507 2220 703 2290 terrestmum;
732 2219 860 2277 relucent
888 2219 981 2276 multo
1011 2223 1136 2276 maxime
1167 2221 1197 2274 in
1226 2220 1278 2275 iiia
1307 2218 1457 2293 smmrypr
1485 2218 1616 2274 omniu

264 2304 354 2379 ipsius
378 2307 543 2363 munierum
566 2308 754 2381 omniumque
776 2320 921 2375 motuum,
951 2307 1057 2380 quibus
1087 2324 1194 2381 eorpus
1222 2325 1305 2363 suum
1328 2323 1503 2380 quoeunque
1526 2320 1614 2362 scum

263 2401 395 2461 moreat,
423 2410 511 2467 quam
534 2392 585 2450 alii
607 2401 741 2462 dtnumr,
772 2411 828 2468 ego
851 2392 993 2470 {ramerus
1021 2392 1169 2451 lubentius
1198 2396 1418 2453 nominaverim.
1465 2393 1516 2450 [st
1536 2392 1614 2450 enlm

263 2481 424 2537 animarum
446 2483 574 2538 esoentia
595 2481 682 2553 baec,
712 2492 758 2539 ert
780 2482 872 2539 relnti
894 2476 973 2557 alma,-
994 2480 1137 2555 quaedam
1167 2481 1255 2555 bujns
1278 2482 1411 2538 dammae
1434 2483 1507 2550 ista,
1534 2477 1615 2554 quod

263 2582 377 2641 semper
399 2570 440 2625 ita
461 2579 530 2625 sunt
552 2578 738 2644 comparatae
760 2586 859 2627 secum
881 2571 998 2626 animae
1021 2572 1103 2643 ipsae
1126 2572 1216 2639 intus,
1247 2587 1282 2627 ac
1304 2574 1329 2626 si
1351 2579 1472 2644 agerent
1493 2566 1539 2638 id,
1568 2566 1615 2624 eui

264 2653 430 2729 peragendo
453 2655 547 2713 sactae
569 2647 656 2726 sunt,
684 2658 748 2713 sire
770 2667 838 2714 actu
861 2660 1007 2731 potiantur
1039 2659 1236 2714 instrumentis
1259 2660 1403 2732 corporis,
1432 2658 1498 2713 sire
1520 2657 1616 2729 irnpe-

263 2739 388 2799 diautnr.
434 2741 517 2801 Deus
538 2746 646 2819 quippe
675 2754 722 2801 est
748 2744 952 2802 substamialis
982 2747 1101 2819 energia
1122 2755 1152 2801 et
1174 2747 1239 2818 ipsa
1261 2744 1316 2801 bac
1339 2745 1459 2817 energia
1480 2742 1616 2800 subsistit

264 2832 312 2892 tat
333 2828 370 2887 de
393 2826 502 2887 divinis
523 2829 651 2888 hnmano
675 2848 755 2888 more
777 2828 973 2911 balbutiam),
1004 2844 1033 2888 et
1063 2834 1199 2904 imaginis
1228 2833 1317 2905 igitur
1346 2831 1464 2889 divinae
1486 2829 1615 2888 essenus

263 2914 294 2974 ἐν
308 2908 356 2991 ’τῳ
378 2914 499 2994 s'repysrs
520 2921 664 2993 comittit,
687 2929 720 2975 ut
742 2918 876 2976 flammae
898 2917 928 2978 ἐν
941 2941 985 2993 rtp
1006 2914 1100 2996 prun:
1124 2931 1154 2975 ut
1178 2921 1233 2975 nisi
1257 2919 1338 2977 Deus
1360 2930 1510 2976 aeternum
1533 2916 1615 2974 illam

263 3013 458 3063 suettrrtasset
480 3004 645 3062 irradiando
669 3005 734 3079 ejus
757 3006 848 3063 relnti
870 3009 1036 3074 materiam,
1068 3006 1167 3063 subito
1189 3005 1318 3063 desitura
1344 3003 1616 3079 exstinguendaqne

263 3089 358 3151 inerit.
402 3089 577 3167 Quanquam
600 3092 638 3150 ad
661 3093 901 3151 individuatiunis
923 3112 996 3152 snae
1018 3096 1191 3169 principium
1214 3111 1272 3150 non
1295 3106 1407 3151 tantum
1430 3110 1545 3167 corpus,
1568 3094 1615 3149 cni

263 3176 391 3253 regendo
414 3179 587 3255 praeficitur,
610 3179 663 3239 sed
686 3184 773 3238 etiam
790 3180 864 3238 baec
886 3185 951 3256 ipsu
967 3180 1127 3239 materialis
1149 3176 1254 3259 (quam
1269 3184 1349 3256 prius
1365 3176 1522 3259 descripsi)
1545 3196 1615 3256 par·

194 3296 197 3301 ,
262 3265 354 3324 ricula
375 3270 420 3323 sni
443 3271 615 3342 requiratur,
638 3267 821 3343 distinguens
844 3268 924 3325 illam
947 3287 965 3325 a
988 3270 1092 3327 uetans
1115 3269 1279 3325 animabus.

352 3351 503 3427 Quatenus
525 3356 615 3430 igitur
635 3355 708 3413 baec
730 3358 829 3415 anima
850 3354 950 3413 circuli
974 3356 1087 3414 zodiaci
1109 3372 1162 3413 seu
1184 3358 1280 3432 potius
1303 3356 1367 3429 ejas
1400 3356 1489 3413 centri
1518 3359 1616 3427 gestat

266 3438 370 3513 ideam
392 3444 575 3518 persentiscit
596 3444 704 3521 etiarn,
725 3445 775 3517 qui
799 3442 918 3520 planeta
940 3447 1046 3519 quovis
1070 3453 1199 3517 tempore
1222 3443 1278 3500 sub
1301 3460 1361 3518 quo
1382 3440 1497 3500 zodiaci
1519 3438 1613 3514 gradu

265 3535 395 3587 versetur
415 3530 597 3605 angulosque
621 3530 829 3602 radisbonam,
853 3533 1021 3588 coeuntium
1044 3534 1072 3587 in
1095 3530 1197 3606 Terra,
1218 3532 1350 3603 metitnr3
1373 3540 1519 3603 qnatenus
1544 3543 1614 3586 rero

264 3615 448 3675 callisinus
477 3619 621 3677 essentiae
650 3616 835 3676 irradiatione
866 3621 994 3677 rationes
1024 3617 1122 3675 circuli
1151 3621 1342 3693 geometricas
1373 3627 1402 3674 et
1424 3613 1493 3697 (per
1514 3614 1615 3673 circuli

264 3706 509 3778 comparationem
533 3723 598 3763 curn
621 3708 708 3763 certis
730 3708 791 3763 suis
813 3701 960 3787 partibus)
981 3706 1148 3763 harmonias
1170 3704 1374 3781 archetypsles
1395 3705 1533 3777 suscepit,
1556 3717 1615 3760 non

264 3806 334 3865 pure
356 3791 475 3866 quidem
497 3795 705 3868 geometricas,
736 3792 788 3851 sed
819 3793 1015 3851 radiationnm
1044 3791 1208 3850 lucidarum
1231 3793 1322 3850 veluti
1343 3808 1463 3849 saccaro
1486 3788 1615 3865 quodam

263 3876 415 3947 inductas,
438 3883 497 3938 imo
520 3884 637 3954 penitus
660 3882 802 3953 imbutas,
834 3897 986 3939 mensuras
1008 3883 1097 3939 etiarn
1119 3880 1292 3955 angulorum
1313 3881 1373 3954 jam
1397 3881 1528 3952 agnitas,
1561 3876 1615 3935 bas

265 3980 408 4039 congruas
429 3985 481 4026 seu
505 3966 703 4040 harmonicas,
735 3966 801 4024 illas
828 3970 1002 4042 incongruas
1026 3967 1155 4043 judicat,
1183 3982 1327 4041 qnatenus
1357 3966 1483 4041 denique
1511 3963 1615 4023 eadem

265 4055 363 4111 anima
385 4054 537 4131 complexa
559 4065 603 4114 cst
626 4055 708 4113 ideas
729 4072 848 4112 suornm
877 4073 997 4130 operum
1028 4061 1165 4130 (quorum
1195 4055 1423 4130 uniuscnjusque
1452 4069 1543 4111 causa
1564 4050 1616 4109 illa

263 4147 308 4199 est
332 4140 423 4200 veluti
445 4142 571 4202 euentus
593 4141 713 4217 qnidam
736 4142 930 4218 operatirus),
955 4144 983 4199 in
1008 4141 1058 4199 illa
1080 4145 1169 4200 etiam
1192 4160 1246 4200 sna
1270 4160 1358 4218 opcra
1382 4153 1495 4216 semper
1516 4140 1614 4205 tetur,

263 4228 406 4304 insignius
429 4237 527 4288 umen
551 4240 629 4301 tunc,
652 4232 677 4287 si
700 4239 759 4289 tres
782 4230 811 4287 lri
827 4228 924 4288 circuli
948 4231 1143 4288 concurrerint
1163 4237 1194 4287 et
1210 4231 1440 4306 conspiraverint
1462 4231 1491 4284 in
1515 4243 1614 4298 unum,

264 4314 320 4374 hoc
342 4325 388 4374 est
408 4319 434 4373 si
456 4319 563 4391 anima,
587 4334 638 4394 per
652 4324 789 4393 aspectus
812 4321 858 4375 sui
880 4319 973 4395 ipsius
989 4316 1147 4386 admonita,
1171 4320 1250 4391 operi
1274 4334 1328 4374 sno
1351 4334 1417 4374 cnm
1438 4315 1539 4390 aliquo
1561 4331 1615 4372 ex-

266 4419 350 4461 cessu
375 4406 520 4466 institerit.
564 4404 721 4480 Nunquam
745 4404 861 4480 quidem
886 4405 937 4462 illa
960 4414 1096 4464 cessata
1119 4404 1289 4479 coquendo,
1313 4421 1366 4462 nec
1389 4419 1518 4478 unquam
1541 4402 1620 4459 haec·

265 4499 384 4550 coctura
406 4500 450 4550 est
471 4495 535 4551 sine
556 4492 636 4571 fumo
659 4501 689 4552 et
706 4510 822 4567 sapore,
846 4494 917 4567 quin
933 4509 967 4550 ex
990 4492 1070 4551 furno
1086 4491 1198 4549 fossilis
1220 4492 1291 4548 finnt
1314 4487 1364 4571 (ut
1386 4509 1420 4549 cx
1444 4492 1530 4548 sumis
1554 4489 1614 4546 sor-

268 4594 372 4638 nacum
394 4580 606 4639 metallicarmn
627 4582 761 4638 consistit
783 4574 974 4660 arsenicum),
997 4598 1033 4637 er
1056 4597 1164 4656 vapore
1190 4597 1258 4637 vero
1281 4578 1390 4655 tepido,
1415 4580 1492 4635 intus
1516 4579 1545 4632 in
1568 4575 1613 4632 la—

265 4664 376 4741 pidosis
398 4666 506 4727 Terrae
527 4669 629 4727 crustis
650 4668 819 4742 refrigerato
842 4671 929 4742 inque
953 4674 1051 4741 guttas
1074 4677 1192 4739 coacto,
1217 4667 1337 4724 flumina
1359 4665 1397 4723 ad
1418 4684 1488 4723 suas
1510 4662 1613 4722 destil-

265 4753 328 4812 lant
349 4756 484 4829 origines,
509 4773 543 4814 ex
566 4754 678 4827 eodem,
702 4755 780 4811 toras
802 4773 891 4831 supra
913 4753 1021 4813 Terrae
1044 4755 1225 4830 superficiem
1249 4757 1422 4829 exspirante,
1447 4758 1497 4812 aer
1519 4753 1614 4826 spira-

266 4840 342 4912 bilis,
366 4846 416 4917 qui
439 4851 626 4920 pernoctem
649 4844 678 4898 in
699 4859 780 4900 rores
802 4844 900 4902 coiens
924 4841 1082 4914 deciderat,
1106 4841 1237 4916 qnotidie
1260 4854 1425 4900 renovatur.
1455 4840 1522 4898 Hoc
1546 4854 1613 4896 vero

265 4931 378 4987 animae
402 4930 508 4989 Tenue
532 4947 605 5006 opus
629 4932 682 4988 etsi
705 4939 877 5007 perpetuum
901 4937 961 5002 est,
985 4946 1058 5005 opus
1082 4938 1177 4987 tamen
1201 4931 1255 4986 luit
1278 4929 1445 4987 excessibus
1468 4927 1613 5001 aliquibus

265 5016 295 5073 in
319 5017 516 5092 evaporando,
540 5034 597 5075 non
614 5019 760 5075 continuis
784 5027 846 5076 toto
862 5016 962 5090 aliquo
985 5027 1124 5092 tempore,
1148 5017 1199 5073 sed
1222 5016 1260 5074 ad
1284 5025 1378 5075 certos
1395 5015 1456 5073 dies
1479 5014 1613 5085 redactis,

265 5111 296 5161 nt
319 5122 355 5162 ex
378 5107 465 5180 copia
487 5123 627 5180 vaporum
649 5108 726 5163 ionas
749 5107 871 5163 emissas
900 5103 1018 5180 pluviae
1044 5106 1244 5179 tempestivae,
1267 5104 1379 5163 solibus
1403 5111 1499 5161 tamen
1524 5105 1614 5159 inter-

265 5193 461 5266 currentibus,
491 5194 760 5271 suppeditarentur,
795 5192 959 5267 supcrficici
982 5190 1088 5249 Terrae
1115 5190 1321 5249 refocillandae
1344 5188 1613 5263 humectandaeque

263 5291 363 5353 mss,
387 5279 464 5362 unde
486 5280 583 5356 fruges
607 5290 635 5338 et
656 5280 768 5355 pabula
790 5281 990 5339 animantibus
1012 5295 1192 5337 succrescere
1215 5287 1344 5354 possent.

350 5365 487 5443 Objicere
509 5372 575 5443 quis
597 5368 667 5425 mihi
691 5376 791 5445 posset
815 5367 931 5427 Africae
953 5376 982 5427 et
1005 5366 1156 5425 Peruanae
1180 5368 1370 5442 penitissima,
1393 5364 1487 5422 lineae
1511 5362 1612 5437 aequi-

263 5453 383 5513 noctiali
405 5456 548 5530 subjecta,
572 5457 679 5531 quibus
703 5455 776 5513 locis
791 5458 947 5514 continuas
967 5455 1087 5532 pluviae
1110 5472 1162 5529 per
1181 5462 1273 5511 totam
1296 5462 1436 5511 aestatem
1459 5449 1613 5522 decidunt,

263 5540 314 5600 nbi
337 5543 426 5619 igitur
448 5543 495 5602 hic
518 5542 665 5603 distinctio
693 5551 865 5618 aspectuum
896 5541 1213 5616 aconfigurstionibus
1241 5537 1462 5599 inefficacibus?
1493 5538 1544 5596 nbi
1568 5536 1613 5592 ri·
1657 5548 1665 5558 ·

263 5628 450 5691 multudines
476 5630 584 5691 solium
606 5640 637 5692 et
658 5630 819 5690 imbrium?
848 5637 879 5690 et
908 5647 947 5689 au
975 5645 1033 5690 nou
1062 5645 1164 5688 cursus
1196 5629 1292 5703 Solis,
1321 5627 1458 5704 planetas
1479 5624 1612 5697 solitarii,
1678 5620 1680 5625 ’
