3684 7259
754 1198 1045 1269 aetnaeos
1509 1209 1572 1271 on
1614 1162 1619 1173 ’

225 1386 353 1445 munieras
375 1334 615 1462 symphoniarum
637 1380 742 1441 artilex
764 1382 841 1438 intus
864 1381 893 1436 in
916 1380 1014 1438 auimo
1035 1396 1089 1440 suo
1111 1379 1243 1441 meditari
1259 1381 1475 1443 harmoniarum
1492 1372 1573 1445 'oae-

225 1490 287 1532 mm
309 1472 474 1550 pluriumve
497 1486 618 1544 vocum,
649 1485 724 1544 quas
753 1476 849 1527 tamm
879 1468 1034 1526 introrsum
1064 1484 1122 1527 uon
1145 1472 1263 1546 recipit,
1295 1477 1327 1528 at
1349 1470 1400 1530 illa
1421 1469 1574 1534 humenis
1619 1511 1626 1542 ,

225 1575 283 1621 non
306 1574 353 1620 est
374 1559 426 1619 illo
450 1564 520 1619 acto
540 1555 674 1629 sensilis,
697 1572 752 1613 nos
774 1571 844 1614 vero
867 1552 903 1613 de
927 1554 1042 1614 sensilis
1064 1558 1192 1615 essentia
1214 1556 1368 1633 loquimur.
1583 1631 1585 1638 Ι

252 1665 260 1676 ·
313 1645 416 1721 Qualis
439 1663 509 1705 vero
532 1653 578 1704 est
599 1644 651 1703 ills
673 1641 825 1719 receptio?
855 1658 951 1700 nonne
973 1644 1053 1715 soni,
1078 1649 1111 1701 ut
1132 1644 1266 1719 exemplo
1290 1647 1396 1705 notiori
1421 1653 1486 1703 utar
1506 1644 1573 1707 looo

227 1737 374 1816 omnium,¹
402 1741 532 1810 perstant
552 1733 624 1792 ioris
646 1738 728 1790 extra
759 1741 844 1788 aures
866 1730 895 1785 io
919 1732 1003 1801 abre,
1034 1736 1063 1788 et
1084 1737 1152 1789 ante
1174 1747 1263 1791 sonos
1291 1739 1388 1792 motus
1410 1744 1573 1808 corporum,

227 1817 264 1880 sd
289 1837 411 1897 quorum
433 1822 628 1897 quantitatem
651 1820 721 1876 soni·
737 1815 920 1896 sequuntur?
942 1832 1038 1875 noane
1061 1819 1081 1874 ii
1104 1827 1223 1877 manent
1245 1821 1273 1877 in
1296 1822 1357 1877 suis
1381 1820 1573 1896 corporibus?

226 1907 374 1984 quomodo
404 1923 475 1984 ergo
503 1904 727 1983 ingrediantur?
772 1901 962 1980 Respondeo,
993 1908 1099 1981 partim
1130 1905 1259 1982 agendo,
1286 1908 1392 1983 partim
1413 1903 1554 1983 patiendo
1564 1927 1577 1983 ς·
1705 1892 1713 1916 '

227 1996 356 2073 agendo,
388 1996 456 2054 dum
479 1997 592 2072 speeies
614 1994 767 2065 emittunt,
796 1990 914 2068 pulsata
936 1999 1033 2051 motus
1055 1994 1119 2071 sui,
1146 2008 1249 2063 sonos,
1283 1993 1381 2054 lucida
1403 1994 1522 2054 luminis
1544 2003 1574 2056 st

226 2082 330 2143 coloris
351 2085 412 2156 sul,
443 2082 560 2151 radios,
590 2088 620 2140 et
640 2082 717 2139 sicut
738 2076 899 2154 loquimur,
931 2096 996 2137 cum
1021 2079 1136 2155 obJecta
1160 2079 1281 2141 dicimus
1310 2098 1430 2142 morere
1453 2093 1573 2159 sensat3

226 2183 343 2230 merere
366 2188 435 2230 vero
459 2176 504 2229 est
525 2185 627 2244 egere,
658 2165 797 2243 patiendo
827 2182 896 2225 vero
927 2183 985 2224 non
1018 2168 1101 2242 ipsae
1127 2183 1173 2227 res
1194 2186 1247 2245 per
1267 2187 1315 2238 se,
1344 2168 1396 2228 sed
1419 2169 1573 2246 speciebus

226 2261 300 2332 sois,
330 2274 407 2334 quae
437 2256 504 2315 dam
528 2249 706 2326 sentiuntur,
738 2261 951 2325 memorantur,
981 2262 1200 2332 comparantur,
1230 2273 1344 2333 semper
1368 2256 1479 2332 aliquid
1509 2258 1573 2333 peti

227 2345 392 2405 debentes
414 2361 470 2404 usu
493 2343 641 2419 loquendi.
686 2342 724 2399 Et
746 2343 863 2400 omuino
890 2339 964 2400 baec
985 2342 1050 2417 ipsa
1072 2342 1196 2401 duorum
1223 2346 1411 2403 terminorum
1432 2343 1573 2415 adunatio

229 2436 257 2490 io
280 2436 396 2507 auimo,
420 2450 473 2511 per
494 2448 583 2507 qoam
605 2427 728 2490 resultat
749 2429 875 2488 essentia
897 2426 1066 2487 barmoniae
1088 2429 1251 2509 sensibilis,
1277 2432 1372 2507 ipsum
1393 2431 1506 2491 scillcet
1526 2439 1573 2492 re‘-

226 2520 291 2579 ierrl
321 2529 351 2579 et
382 2520 548 2597 comparari·
572 2526 617 2577 est
643 2517 736 2577 rebus·
755 2515 879 2591 iunctim
901 2517 1005 2573 sumtis
1035 2513 1094 2575 tale
1115 2519 1282 2593 quippiam,
1312 2517 1400 2593 quale
1423 2520 1573 2597 quippiam

226 2616 269 2666 est
289 2608 377 2668 rebus
399 2606 521 2682 singulis
543 2604 644 2675 videri,
668 2602 771 2676 audiri,
795 2619 889 2678 eoque
911 2603 1006 2660 minus
1022 2604 1118 2663 etiam.
1164 2603 1238 2663 Sunt
1259 2607 1366 2684 qnippe
1387 2601 1461 2666 baec
1475 2608 1573 2667 omnia

161 2690 163 2694 ⁴
227 2697 379 2773 passiones
402 2694 562 2770 quaedam,
585 2691 638 2752 ssd
660 2692 822 2767 aequivoce
845 2688 955 2760 dietae,
978 2707 1085 2766 magno
1107 2691 1327 2767 significationis
1350 2693 1469 2756 ambitu.

311 2781 371 2842 Sed
395 2784 605 2840 constituamus
627 2778 735 2855 gradus
758 2779 935 2856 passionom.
979 2775 1108 2836 Primum
1138 2781 1248 2856 patitur
1270 2780 1352 2840 verbi
1375 2796 1464 2842 cauea
1484 2793 1592 2863 aqua,¹

227 2887 292 2928 cum
321 2868 437 2944 egelida
467 2872 594 2927 existens
623 2866 741 2942 ignibus
768 2863 895 2924 admotis
926 2866 1058 2942 tepescit
1104 2866 1186 2925 Alter
1207 2866 1389 2942 significatus
1417 2869 1479 2945 pati
1501 2865 1574 2941 dicit

227 2957 385 3027 bumorem,
409 2973 483 3016 eum·
496 2951 608 3031 aliquid
638 2954 705 3030 egit·
723 2955 798 3029 ipre,
823 2949 885 3010 scii.
908 2950 1103 3012 humectando
1130 2952 1225 3027 arida,
1256 2971 1325 3013 nam
1347 2972 1415 3032 pars
1437 2954 1500 3031 ejus
1522 2971 1572 3018 ra·

227 3047 303 3120 pitur
324 3047 353 3102 in
367 3053 491 3110 ssmeatns
514 3045 651 3101 exsiccati
676 3042 762 3115 eique
783 3041 936 3112 miscetur,
967 3038 1047 3114 qnod
1075 3048 1121 3099 est
1142 3042 1217 3116 pati3
1248 3042 1291 3101 sic
1312 3049 1343 3101 et
1365 3043 1475 3119 patitur
1495 3057 1574 3118 aqua

227 3148 291 3189 cum
314 3139 463 3207 gustatur,
492 3138 606 3207 partem
630 3130 705 3187 anim
729 3125 854 3203 deglutit
875 3127 1043 3186 siticulosus
1067 3125 1238 3203 digeritque.
1285 3128 1343 3188 Sed
1373 3131 1458 3190 tertio
1484 3132 1573 3191 etism

227 3219 389 3294 significatu
413 3220 521 3294 patitur
543 3233 621 3291 aqua
643 3218 672 3273 in
695 3222 821 3290 gustatu,
845 3230 910 3271 cam
933 3231 951 3272 a
973 3212 1074 3289 lingna
1095 3215 1199 3274 saltem
1222 3216 1406 3290 contingitur,
1430 3233 1490 3276 uon
1505 3221 1576 3278 tana
1605 3255 1607 3259 >

227 3314 287 3364 tom
310 3309 380 3382 quia
401 3303 640 3382 linguae-calore
663 3302 768 3372 caleiit,
791 3318 857 3360 oum
879 3303 943 3377 ipsa
964 3318 1018 3360 suo
1041 3301 1146 3378 frigore
1168 3301 1299 3378 linguam
1320 3304 1495 3380 irig'eiaciat,
1517 3320 1573 3365 aso

227 3401 339 3452 tantum
360 3392 437 3464 ideo,
461 3393 532 3468 qnia
546 3390 646 3449 bearet
668 3387 778 3464 aliquid
801 3404 896 3464 aquae
919 3391 948 3446 in
970 3388 1078 3465 lingua,
1102 3389 1153 3448 sed
1168 3390 1338 3467 simpliciter
1360 3393 1436 3467 qnia·
1444 3394 1574 3469 tangitur
1703 3415 1705 3422 ,

227 3481 381 3557 elingua,
412 3479 491 3555 quod
513 3485 558 3538 est
585 3479 669 3553 quasi
692 3477 840 3535 lenissime
869 3476 946 3535 feriri
975 3484 1026 3534 aut
1056 3476 1165 3553 pulsari
1194 3486 1245 3536 aut
1268 3477 1392 3555 impelli,
1422 3477 1499 3540 unde
1527 3487 1574 3540 est

228 3576 322 3627 motos
345 3566 447 3638 localis
469 3568 595 3644 partium
624 3567 652 3621 in
675 3573 756 3637 toto;
778 3567 889 3621 moveri
911 3579 981 3624 vero
1004 3571 1049 3621 est
1070 3566 1142 3640 pati.
1187 3562 1315 3637 Questus
1337 3573 1400 3625 esto
1423 3566 1573 3644 sigolies-

227 3664 290 3728 tus,
322 3671 383 3732 qno
404 3656 465 3731 pati
491 3652 596 3712 dicitur
618 3668 708 3727 aqua,
739 3667 804 3708 cnm
831 3653 938 3709 emisso
962 3665 1070 3727 vapore
1096 3645 1161 3720 serii
1186 3667 1271 3712 nares
1302 3652 1483 3731 odoratuque
1506 3666 1573 3733 pet·-

229 3745 341 3819 cipitur,
363 3743 473 3819 percipi
496 3748 594 3799 autem
617 3747 662 3798 est
682 3741 760 3814 psti;
791 3746 819 3797 et
841 3737 889 3796 bic
911 3737 1031 3813 quidem
1051 3740 1161 3815 patitur
1185 3756 1243 3798 non
1267 3741 1344 3816 ipsa,
1375 3740 1428 3799 sed
1451 3741 1573 3802 effluxae

226 3830 289 3905 ejus
313 3845 483 3907 corporeus,
513 3844 572 3903 qua
593 3828 731 3901 passione
753 3829 841 3884 etiarn
863 3824 1026 3884 absumitur
1055 3825 1119 3900 ejus
1140 3825 1260 3901 aliquid.
1307 3827 1433 3903 Quintus
1455 3827 1572 3905 gradus,

227 3933 284 3992 quo
297 3920 369 3995 »pati
393 3915 567 3991 intelligitur
588 3931 674 3989 aqua,
697 3929 763 3972 cum
785 3915 923 3989 strepitus
946 3912 1011 3988 ejus
1031 3912 1162 3972 auditur:
1186 3915 1309 3990 primum
1325 3918 1401 3975 enim
1416 3917 1481 3992 ipsa
1495 3927 1574 3992 aqua

227 4003 255 4061 i'u
280 4012 444 4076 rnotueet,
477 4001 581 4061 deinde
607 4002 719 4078 species
743 4002 936 4059 immateriata
963 4016 1074 4075 aquae,
1107 4010 1140 4060 ut
1165 4010 1315 4076 moretur,
1345 4002 1513 4061 diffunditur
1535 4004 1573 4066 ab

227 4095 292 4169 ipsa
320 4094 350 4149 in
381 4106 496 4150 omnem
524 4089 664 4148 ambitum
693 4089 886 4164 recipiturqne
917 4090 947 4144 in
969 4094 1082 4147 mestos
1111 4089 1242 4164 aurium3
1270 4089 1344 4150 baec
1372 4094 1501 4167 receptio
1530 4080 1574 4150 sit

228 4182 327 4256 passio
349 4194 407 4238 non
430 4180 523 4254 ipsius
545 4193 659 4253 aquae,
689 4175 741 4234 sed
762 4177 869 4251 speciei
892 4173 970 4250 ejus,
993 4191 1045 4233 seu
1069 4173 1202 4234 defluxus
1224 4177 1288 4252 ejus
1311 4169 1512 4249 immuteriati,
1544 4185 1573 4237 et
1672 4241 1675 4252 ,

226 4269 255 4324 in
285 4267 342 4325 bac
371 4267 536 4342 receptione
567 4261 734 4339 deperditur
754 4262 874 4337 aliquid
901 4269 1031 4340 tempore
1068 4270 1098 4322 et
1124 4263 1338 4341 multiplicitate
1364 4266 1572 4342 receptionum.

225 4354 301 4412 Nam
323 4353 454 4412 obtusior
477 4358 521 4411 est
544 4347 649 4424 sonus,
677 4352 728 4427 qui
749 4356 873 4425 magnae
895 4347 1090 4410 multitudinis
1118 4351 1237 4410 auribus
1267 4359 1318 4411 aut
1339 4352 1472 4412 vestibus
1493 4353 1572 4412 scci-

226 4441 277 4511 dit,
301 4448 352 4499 aut
374 4441 425 4515 qni
449 4441 523 4497 inter
546 4440 629 4497 nives
652 4436 819 4497 decidentes
842 4438 991 4496 emittitur.
1037 4434 1139 4510 Sexto,
1163 4439 1250 4497 etiam
1274 4439 1574 4520 cumrideturaqna,

225 4529 335 4587 datitur
355 4525 482 4602 aliquid:
506 4526 612 4585 emittit
634 4541 662 4583 n.
686 4542 704 4582 a
726 4523 877 4601 superficie
902 4521 949 4581 rel
963 4524 1066 4598 quusi,
1089 4526 1222 4583 nimirum
1246 4524 1428 4587 acoloribus
1449 4528 1519 4600 sois,
1543 4528 1572 4586 in

227 4623 367 4693 pusntum
391 4615 534 4684 colorata,
557 4613 655 4671 radios
677 4611 715 4671 ad
739 4609 869 4683 oculum,
892 4612 943 4686 qui
965 4607 1038 4669 radii
1061 4617 1233 4688 tanguntur,
1258 4606 1501 4690 repercutiuntur,
1525 4630 1573 4675 re·

225 4705 412 4780 qringuutor,
437 4709 579 4775 eoguntur
600 4700 637 4758 ad
661 4706 808 4774 punctum,
831 4700 1015 4775 excipiantur
1035 4715 1054 4757 a
1073 4700 1213 4759 retiiormi
1235 4703 1334 4761 tunica
1357 4704 1465 4774 coacti,
1498 4713 1574 4777 quae

224 4791 334 4851 iomnia
347 4796 416 4848 eunt
429 4789 581 4866 passiones
604 4802 661 4845 uon
677 4788 769 4863 ipsius
791 4801 895 4862 aquae,
918 4784 970 4843 sed
991 4787 1099 4862 speciei
1119 4788 1330 4848 immateristae
1351 4806 1402 4848 sen
1418 4787 1572 4849 'radiorum

229 4879 266 4937 Et
288 4877 318 4936 bi
340 4874 415 4936 radii
433 4876 496 4951 jam
519 4877 546 4931 in
571 4873 625 4933 bac
648 4876 813 4951 receptione
834 4873 907 4932 nibil
930 4872 1068 4952 perdunt,
1096 4890 1191 4951 nequa
1213 4874 1285 4935 locis
1307 4892 1402 4951 neque
1425 4881 1573 4954 tempore,

226 4972 338 5025 remoto
361 4964 438 5021 enim
465 4961 543 5037 quod
567 4963 677 5036 tangit,
708 4969 832 5039 pergunt
861 4960 983 5020 ulterim
1014 4963 1130 5038 penitus
1162 4961 1281 5035 illibati,
1312 4962 1390 5039 qnod
1423 4980 1482 5023 noo
1504 4964 1574 5024 iacit

225 5069 325 5112 sonus
370 5049 511 5127 Septimo,
536 5056 690 5126 postquam
706 5048 769 5108 ‘bae
791 5049 1084 5127 speciesipsnmque
1107 5048 1180 5108 adeo
1210 5066 1314 5126 corpus
1336 5066 1431 5126 aquae
1453 5053 1483 5109 ln
1502 5059 1574 5113 'oot-

225 5156 316 5219 porea
337 5154 474 5197 sensuum
498 5140 690 5195 instromenta
711 5140 791 5214 prius
813 5133 926 5212 aliquid
948 5142 1084 5211 egerunt,
1108 5133 1158 5194 ilia
1178 5152 1218 5195 ec
1242 5137 1299 5195 sibi
1321 5138 1505 5198 conformiter
1526 5137 1576 5200 si·

225 5228 356 5289 iecerunt
383 5226 498 5299 sibique
521 5221 737 5296 assimilaruut,
768 5230 800 5281 ut
827 5229 859 5281 et
880 5222 999 5297 linguae
1029 5229 1058 5281 et
1081 5224 1155 5281 cutis
1184 5224 1401 5284 membranulae
1431 5225 1575 5302 tuamet

225 5330 368 5392 saporem,
390 5314 503 5372 narium
525 5310 644 5386 spiritns
667 5309 785 5369 odorem
809 5311 997 5386 perceperint,
1020 5310 1138 5385 spiritus
1154 5309 1289 5370 auditorii
1306 5312 1370 5386 oJus
1391 5313 1491 5371 sonim
1505 5329 1574 5389 per·

226 5408 371 5477 scopant,
401 5402 500 5458 visorii
533 5399 597 5473 ejus
624 5396 688 5456 loce
713 5394 890 5468 colluceant,
920 5397 1022 5469 itaque
1044 5402 1132 5473 typus
1160 5404 1189 5457 et
1217 5399 1327 5475 species
1351 5399 1414 5475 ejus
1443 5402 1575 5461 sensoria

227 5490 313 5548 inerit
333 5488 466 5557 iormata,
491 5503 577 5561 qoam
601 5485 679 5543 oculi
701 5490 778 5543 certe
802 5485 1035 5559 oboamgestant,
1058 5484 1147 5543 etiam
1169 5481 1345 5558 ableta'illa,
1368 5503 1456 5564 saepe
1480 5488 1572 5549 inuito

228 5576 362 5637 bomine:
382 5574 445 5650 ianr
468 5573 523 5632 bae
545 5574 659 5650 speeies
681 5571 803 5632 cenulas
821 5557 1024 5644 &sensuum
1046 5571 1200 5631 vestibulis
1222 5589 1274 5633 een
1298 5572 1414 5634 orificiis
1429 5576 1574 5652 recipiun-

232 5665 459 5723 turinuorsum
485 5662 625 5738 pervim
647 5657 924 5739 repraesentativum
956 5674 1008 5717 seu
1029 5657 1257 5737 phantasticam,
1290 5670 1504 5739 cognoscuntur
1522 5677 1576 5746 per
