3684 7259
275 1187 337 1251 862
784 1183 936 1243 Ptolemaei
952 1184 1107 1242 Harmoffl.

272 1361 424 1430 sonantius)
442 1376 516 1431 esse,
542 1365 570 1416 et
586 1363 731 1418 coelestem
750 1364 880 1431 animam,
906 1378 960 1431 qna
979 1363 1112 1417 animatur
1130 1361 1303 1432 omrerdtas,
1321 1363 1451 1431 originem
1470 1378 1503 1418 sx
1521 1360 1624 1418 nasica

271 1457 408 1497 sumsisse.

358 1523 402 1577 lta
421 1523 501 1577 etiam
520 1523 630 1576 Timaeo
647 1522 804 1577 harmoniae
822 1532 849 1577 et
867 1524 956 1577 anima
975 1521 1067 1575 mundi
1086 1536 1119 1574 ex
1138 1520 1234 1575 eadem
1248 1537 1420 1576 numerorum
1430 1520 1535 1589 origine
1552 1529 1623 1577 snut

197 1605 199 1612 '
272 1602 313 1655 De
336 1602 432 1657 animis
455 1619 517 1657 sero
537 1603 634 1657 ceteris
653 1602 780 1656 Timaeus
802 1603 854 1656 iste
873 1619 927 1655 nou
947 1601 1035 1656 minus
1054 1616 1114 1653 cum
1133 1600 1261 1654 Hermete
1286 1601 1391 1655 ridetur
1408 1600 1525 1669 antire,
1550 1599 1623 1669 qnod

271 1688 418 1752 creatorem
437 1682 523 1735 Deum
541 1680 703 1750 introduxit,
731 1682 852 1737 infinitos
871 1682 1020 1736 animarum
1039 1680 1186 1746 exercitus,
1210 1696 1244 1733 ex
1261 1681 1311 1734 ills
1327 1695 1500 1736 numerem
1516 1680 1631 1750 bauer

271 1758 393 1813 nieorum
410 1775 500 1814 massa
516 1759 618 1826 iactos,
642 1756 848 1815 ‹fistribuentem
867 1761 938 1813 inter
955 1760 1080 1827 planetas
1105 1767 1132 1813 et
1151 1758 1245 1814 stellas
1262 1760 1345 1828 fixas,
1369 1760 1445 1816 reim
1458 1761 1524 1830 inq
1563 1821 1567 1828 ,
1623 1825 1626 1830 ,

268 1837 464 1905 reconditorio,
492 1837 564 1892 unde
580 1836 644 1908 illae
671 1837 728 1891 suis
747 1838 871 1909 singulae
889 1838 1059 1907 temporibus
1076 1837 1104 1890 in
1123 1854 1239 1906 corpora
1257 1841 1433 1895 animantium
1450 1759 1639 1986 &ff

269 1927 321 1974 tur.
359 1920 413 1973 Cur
430 1920 469 1990 ita
486 1932 619 1984 censeam,
638 1917 706 1970 haec
721 1933 786 1971 cum
804 1918 966 1972 Hermeticis
985 1918 1138 1985 convenire,
1158 1931 1240 1973 eausa
1258 1928 1307 1986 est,
1325 1921 1398 1988 qnod
1417 1936 1515 1989 cnmp
1588 1981 1602 1990 ,,
1635 1942 1642 1952 „

270 2003 374 2066 septem
394 1996 609 2067 celebrarentur,
635 1997 750 2051 fixarum
770 1998 886 2065 sphaera
904 2004 1013 2055 octava.
1036 1995 1163 2049 Timaeus
1180 1997 1268 2065 igitur
1292 1998 1460 2051 octonarium
1479 1996 1622 2064 queck

269 2090 323 2131 non
342 2077 518 2146 abstractum,
536 2076 585 2132 sed
604 2084 760 2130 concretum
779 2077 903 2146 sphaeris
925 2076 1067 2130 mundanis
1087 2074 1211 2143 designat
1224 2076 1372 2129 animarum
1383 2075 1546 2129 habitaculis
1559 2082 1624 2129 no

203 2193 207 2202 .
270 2155 467 2209 immersionem
484 2170 577 2211 aarum
594 2156 621 2208 in
641 2169 771 2222 corpora,
788 2157 844 2223 jam
863 2171 927 2209 sero
947 2161 975 2208 et
993 2153 1127 2207 Hermetis
1146 2151 1296 2221 discipulus
1313 2152 1469 2224 profitetur,
1488 2168 1518 2205 se
1536 2153 1623 2221 prius·

274 2246 355 2299 qnam
381 2240 541 2288 nasceretur
565 2234 650 2289 fuisse
677 2238 705 2291 in
731 2235 878 2288 octonario.
915 2232 1072 2287 Macrobius
1099 2231 1221 2301 quidem,
1248 2232 1387 2300 explicans
1405 2231 1471 2286 illud
1491 2232 1624 2301 Scipionis

270 2311 440 2370 ciceroniani
464 2313 543 2369 »hinc
567 2315 698 2385 proiecti,
724 2312 780 2368 hnc
802 2320 1008 2377 revertuntur«,
1035 2310 1104 2363 haec
1128 2310 1218 2366 omnia
1243 2310 1342 2366 clarius
1370 2320 1398 2365 et
1423 2311 1511 2365 insius
1538 2309 1622 2379 expli·

269 2399 322 2444 cat
357 2389 395 2446 Et
417 2392 510 2446 mnndi
534 2394 644 2460 quidem
667 2396 783 2451 animam
806 2393 909 2447 iontem
934 2390 1055 2459 appellat
1082 2389 1230 2443 animarum
1254 2396 1283 2442 et
1306 2390 1442 2457 quomodo
1467 2390 1504 2442 sit
1527 2387 1621 2441 animis

202 2517 206 2524 .
269 2469 453 2526 habitaculum
475 2472 502 2526 in
521 2474 564 2526 via
582 2472 684 2543 lactan,
706 2482 853 2541 antequam
878 2471 905 2523 in
931 2484 1046 2537 corpora
1071 2467 1142 2523 selle
1164 2468 1262 2522 reverti
1281 2469 1425 2538 incipiant,
1449 2468 1621 2537 explicatas

269 2548 436 2618 Pythagora,
454 2559 482 2606 et
499 2567 569 2619 quae
588 2552 673 2609 series
691 2552 727 2607 sit
748 2551 899 2605 descensus
919 2565 1011 2602 earum
1030 2562 1080 2616 per
1098 2546 1187 2613 signa,
1205 2546 1280 2600 initio
1297 2546 1371 2601 iacto
1390 2563 1406 2601 a
1424 2548 1543 2614 Cancro,
1562 2561 1621 2615 per·

270 2642 322 2693 que
346 2627 477 2695 sphaeras
502 2643 608 2699 omnes,
634 2638 663 2685 et
686 2628 821 2699 quomodo
844 2642 893 2695 per
915 2642 1042 2681 numeros
1066 2623 1237 2679 harmonieos
1260 2626 1375 2679 innexae
1394 2627 1567 2694 corporibus,
1590 2624 1623 2680 iis

269 2706 388 2759 numeris
411 2706 570 2765 disturbatis
595 2711 735 2765 solvantur
757 2706 907 2773 eodemque
925 2706 1050 2772 redeant,
1073 2704 1144 2757 uude
1168 2703 1306 2773 proiectae
1324 2713 1396 2759 sunt.
1433 2704 1509 2759 Idem
1532 2714 1623 2759 umen

269 2782 404 2839 Hermetis
422 2802 477 2839 uon
494 2789 622 2855 meminit,
642 2805 703 2844 eum
721 2786 822 2841 Plotini
841 2794 868 2839 et
886 2785 1013 2839 Numenii
1030 2794 1058 2838 et
1074 2783 1217 2852 Porphyrii
1235 2792 1442 2853 ceterorumque
1460 2784 1622 2847 meminerim

269 2859 396 2917 sidentur
412 2863 495 2930 igitur
512 2868 652 2923 coaetanei
670 2868 764 2921 tuisse.
800 2866 861 2933 Ego
874 2865 926 2919 nisi
937 2873 1033 2919 auctor
1051 2879 1140 2920 essem
1157 2864 1216 2932 ipse
1229 2864 1325 2933 capitis
1339 2866 1380 2930 to,
1400 2863 1472 2932 quod
1486 2865 1623 2935 epilogum

268 2941 334 2995 facit
350 2941 412 2997 iibri
429 2946 483 2998 mei
501 2946 533 2999 V.
552 2947 785 3012 Harmonieorum,
805 2954 832 2996 et
850 2944 902 2997 nisi
921 2958 964 2997 me
983 2944 1059 3011 prius
1072 2942 1138 2996 illud
1151 2943 1292 3010 scripsisse
1302 2943 1405 3011 liquido
1419 2944 1525 3011 schem,
1543 2960 1622 3012 quam

168 3031 178 3040 ··
268 3019 347 3074 istam
365 3020 590 3092 pbilosophorum
607 3026 677 3079 inter
696 3041 726 3079 se
745 3022 917 3079 collationem
936 3021 1114 3087 instituerem,
1130 3020 1267 3090 jurassim,
1286 3022 1324 3077 ibi
1337 3021 1435 3089 corrigi
1452 3022 1524 3075 hane
1536 3022 1621 3089 philo·

268 3099 391 3167 sophiam
415 3102 573 3172 animasque
596 3122 650 3159 non
669 3102 883 3159 disseminandas
908 3103 979 3155 inter
1004 3101 1128 3170 planetas
1151 3107 1179 3154 et
1197 3100 1290 3156 stellas
1311 3102 1394 3169 fixas,
1417 3101 1465 3155 sed
1485 3103 1621 3167 cogendas

208 3177 215 3190 “
235 3184 237 3189 “
267 3177 295 3231 iu
314 3178 398 3233 lirum
417 3181 443 3233 in
462 3184 563 3248 gremio
581 3184 674 3239 mundi
692 3183 763 3240 Solis
782 3181 906 3249 globum,
931 3180 1092 3247 interimque
1111 3179 1174 3233 dum
1193 3189 1372 3250 corporentur
1389 3181 1541 3251 pascendas
1560 3180 1625 3234 bare

192 3287 196 3304 .-
268 3256 364 3310 moniis
382 3267 510 3329 motuum,
535 3278 569 3315 er
593 3262 710 3332 planetis
736 3262 860 3317 omnibus
884 3261 911 3314 in
931 3260 1021 3314 Solem
1044 3259 1227 3326 illabentium,
1254 3261 1360 3314 occulte
1382 3258 1522 3316 insinuari.
1561 3259 1621 3317 Huc

268 3335 339 3388 enim
357 3337 435 3391 valde
453 3340 633 3406 plausibiliter
651 3343 805 3397 traheretur
823 3340 939 3409 hymnus
957 3339 1004 3392 ille
1021 3338 1119 3404 Procli,
1139 3353 1173 3391 ex
1192 3338 1286 3393 eodem
1306 3357 1343 3395 sc.
1363 3358 1436 3410 penu
1453 3345 1620 3414 depromens,

269 3431 330 3468 cum
348 3415 503 3471 Platonicus
528 3426 555 3472 et
575 3420 770 3488 Pythagoricus
789 3419 872 3472 fuerit
890 3418 1083 3487 philosophus,
1109 3417 1137 3470 iu
1155 3434 1209 3485 quo
1228 3418 1339 3487 hymno,
1366 3429 1512 3491 postquam
1532 3423 1620 3477 Solem

268 3493 447 3564 philosophus
466 3497 614 3552 salutasset
631 3515 723 3569 regem
741 3502 813 3571 ipah
831 3500 958 3553 mentalis
975 3506 1002 3551 et
1020 3497 1158 3551 dominum
1176 3499 1276 3566 vivifici
1292 3500 1389 3567 fontis,
1410 3501 1551 3572 eidemque
1570 3502 1620 3558 ols-

270 3590 316 3627 ves
335 3574 369 3627 ad
387 3574 502 3629 mundos
521 3577 688 3645 materiales,
716 3578 787 3632 vitae
806 3595 843 3633 sc.
863 3579 979 3646 indigos,
998 3576 1173 3641 credidisset,
1200 3576 1291 3630 subdit
1310 3576 1381 3632 branc
1405 3596 1526 3636 tersum:
1549 3583 1621 3647 'Tpa-

268 3660 318 3707 θεν
330 3654 456 3718 honustae
473 3655 543 3725 ρὐμα
555 3658 679 3711 mauros
697 3660 864 3726 e'iozetsvos,
884 3657 1048 3725 intelligens,
1068 3656 1095 3709 ni
1110 3656 1205 3723 fallor,
1224 3658 1373 3711 animarum
1386 3660 1488 3713 rivulos
1500 3676 1550 3730 per
1561 3661 1621 3715 liar·

269 3733 385 3787 monum
412 3733 439 3788 in
462 3734 620 3791 sublunaria
643 3736 810 3803 defluentes,
836 3738 870 3791 de
893 3738 991 3806 quihus
1010 3736 1155 3804 Virgilius,
1185 3750 1219 3790 ex
1243 3736 1619 3810 eademsc.1tulicaphilo·

269 3812 377 3882 sophia,
397 3820 427 3867 ut
445 3812 606 3870 Aristoteles
625 3816 760 3885 appellat,

832 3935 1015 3949 .....
1051 3912 1127 3950 meas
1143 3896 1232 3966 agitat
1250 3896 1345 3949 orclem

509 3973 581 4027 Iade
597 3973 739 4028 bominum
752 3975 940 4045 pecudumque
956 3991 1055 4044 persas,
1073 3976 1197 4043 vitaeque
1215 3974 1354 4028 comatum

509 4051 613 4120 Igneus
631 4058 670 4106 est
687 4053 743 4107 illis
760 4054 838 4124 sigor
855 4059 881 4108 st
898 4054 1021 4108 eoelestis
1040 4053 1117 4121 oripo

512 4128 677 4184 Seminibus.

355 4222 460 4277 Eodem
478 4223 579 4278 referet
595 4224 756 4295 Apollinem,
775 4225 888 4294 cythara
905 4224 1070 4281 mulcentem
1088 4227 1240 4280 saevientes
1258 4230 1460 4295 tempestuosae
1482 4232 1636 4302 geniturae¹

268 4299 378 4367 ductus,
396 4309 424 4358 et
436 4319 540 4372 paeana
553 4320 587 4358 ex
600 4304 695 4359 eodem
706 4305 812 4358 Titanis
825 4313 853 4358 et
865 4305 969 4359 Phoebi
982 4305 1117 4373 sodalitio,
1132 4306 1177 4373 qui
1190 4307 1289 4360 viribus
1307 4316 1335 4361 et
1347 4308 1620 4375 victorisexsultans,
1645 4312 1648 4320 ’

268 4382 380 4449 inspleot
396 4382 557 4437 semoniae
574 4391 682 4439 cadam
700 4384 842 4442 dulcedine
860 4386 1005 4453 meadum,
1026 4402 1104 4453 quae,
1124 4387 1246 4453 quamvis
1264 4388 1380 4455 poetica,
1401 4388 1514 4442 Procius
1533 4398 1621 4443 tarsen

268 4459 447 4529 philosophus
471 4463 506 4517 ad
525 4463 664 4516 victoriam
682 4463 853 4532 animationis
877 4464 976 4531 trahit,
1003 4481 1058 4532 qua
1075 4465 1189 4532 factum,
1214 4474 1244 4519 ut
1268 4467 1419 4520 contumaci
1441 4469 1555 4521 materia
1572 4467 1621 4523 sub

264 4540 361 4610 jugum
380 4541 551 4596 informantis
569 4542 674 4596 animae
692 4543 786 4610 missa,
806 4552 953 4598 concentus
973 4544 1104 4599 existeret
1119 4545 1261 4599 suasitatis
1278 4546 1432 4609 ineffabilis,
1459 4563 1492 4600 ex
1512 4556 1622 4613 nsnrrae

268 4620 373 4675 scilicet
389 4637 470 4676 cursu
488 4638 543 4676 nou
560 4621 698 4691 impedito.
736 4623 806 4676 Sunt
824 4630 914 4676 autem
934 4623 1023 4677 omnia
1040 4624 1202 4678 Hermetica.
1238 4624 1307 4677 Natu
1320 4624 1491 4679 Poemander
1512 4628 1621 4684 eandem

270 4701 432 4754 suavitatem
449 4700 666 4769 repraesentavit
683 4700 799 4766 imagine
818 4701 907 4756 coitus
927 4702 1025 4755 mentis
1044 4720 1104 4757 cum
1117 4711 1224 4757 natura.
1261 4702 1325 4756 Fuit
1344 4712 1372 4756 et
1385 4705 1541 4761 Aristotelis
1559 4716 1623 4763 tem·

268 4794 335 4845 pore
353 4787 429 4833 secta
446 4779 688 4849 philosophorum,
713 4796 783 4847 quae
802 4779 918 4833 animam
939 4778 1006 4834 dixit
1024 4796 1084 4835 esse
1102 4783 1278 4850 harmoniam,
1304 4782 1434 4838 definiens
1458 4784 1621 4843 harmoniam

271 4859 548 4927 contemperationem
567 4866 594 4913 et
613 4860 837 4927 compositionem
856 4857 1068 4926 contrariorum,
1087 4868 1119 4913 ut
1137 4868 1180 4914 est
1197 4861 1267 4915 libro
1286 4863 1306 4916 Ι.
1325 4860 1358 4914 de
1376 4863 1481 4918 Anima.

356 4936 431 4991 Haec
455 4938 539 5004 igitur
564 4938 746 5008 Pythagorica
769 4935 946 5006 philosophia
971 4935 1004 4990 de
1029 4939 1118 4992 anima
1143 4957 1204 4994 cum
1227 4956 1281 4993 non
1307 4938 1445 4996 videretur
1468 4941 1622 4998 Ptolemaeo

268 5015 398 5083 causalis,
426 5014 574 5071 absurdum
597 5015 649 5069 hoc
668 5016 786 5081 hahens,
813 5015 886 5081 quod
909 5014 1014 5068 numeri
1036 5016 1166 5072 abstracti
1191 5025 1220 5072 et
1246 5018 1402 5073 harmoniae
1429 5019 1624 5089 subjicerentur

270 5096 377 5149 animae
395 5112 445 5163 pro
463 5096 595 5163 essentia,
614 5110 674 5150 cnm
692 5104 785 5149 tamen
803 5094 945 5147 harmonia
963 5094 999 5147 sit
1016 5094 1077 5164 ipsa
1095 5096 1208 5152 aliorum
1227 5097 1391 5168 aliquorum,
1414 5107 1483 5168 puta
1501 5103 1623 5157 termino·

268 5190 328 5228 rum
346 5174 499 5244 quantitate
523 5175 719 5242 inaequalium,
751 5188 843 5226 eorum
862 5188 898 5226 sc
918 5172 1036 5227 interae
1054 5177 1265 5244 compositorum
1288 5175 1384 5232 ranae
1408 5192 1457 5234 aen
1477 5180 1622 5250 proportio,

269 5252 359 5305 anima
385 5269 449 5306 vero
472 5252 560 5322 utque
582 5253 643 5322 ipsa
671 5251 848 5306 terminorum
872 5249 1077 5318 (elementorum
1101 5257 1239 5324 corporis)
1264 5256 1422 5326 compositio
1445 5259 1534 5326 possit
1558 5274 1622 5333 esse,

269 5344 357 5398 neque
374 5330 484 5385 illorum
502 5330 651 5400 proportio,
670 5327 860 5396 essentialiter,
879 5329 999 5398 iuquam,
1019 5333 1058 5388 sie
1077 5343 1107 5387 ut
1125 5334 1280 5389 differentes
1294 5350 1337 5388 res
1354 5335 1409 5391 siut
1428 5338 1499 5391 etah
1513 5338 1621 5394 invicem

270 5408 414 5486 discretae,
438 5410 502 5466 hinc
519 5410 626 5465 termini
644 5409 803 5477 comparati,
821 5408 884 5462 inde
903 5409 1000 5464 anima.
1037 5411 1209 5467 Ptolemaeus
1229 5414 1311 5481 igitur
1338 5414 1493 5473 harmonias
1511 5435 1561 5487 per
1578 5435 1621 5473 nu·

272 5503 360 5544 meros
380 5489 490 5557 quidem
509 5497 536 5545 et
554 5491 613 5559 ipse
632 5490 739 5557 format,
759 5489 798 5542 sic
816 5505 879 5543 vero
898 5489 1028 5545 formatas
1048 5506 1102 5545 uon
1121 5493 1266 5547 essentiam
1284 5492 1351 5547 facit
1368 5495 1486 5565 animae,
1506 5495 1555 5551 sed
1573 5494 1622 5550 ssl-

275 5573 330 5621 tem
348 5568 550 5623 similitudinem
570 5576 597 5622 et
615 5567 835 5622 conformationis
854 5570 974 5624 rationes
993 5570 1118 5640 utrinque
1137 5581 1273 5642 cognatas.

357 5645 425 5700 Mihi
444 5660 528 5702 causa
546 5646 679 5702 valentior
696 5655 739 5701 est
756 5645 940 5717 distinguendi
957 5649 1029 5706 iuter
1046 5650 1201 5707 harmonias
1218 5651 1293 5725 ipsas
1303 5667 1394 5709 rerum
1412 5642 1528 5709 sensiles
1545 5653 1621 5708 inter-
