3684 7259
735 1220 818 1275 Liber
835 1220 882 1275 IV.
905 1219 995 1291 (isput
1010 1221 1070 1278 m.
1099 1229 1104 1240 ·
1484 1202 1549 1285 net

185 1401 304 1459 ¹mentis
328 1399 507 1476 astrologiae
529 1399 701 1459 certioribus
722 1399 847 1459 subinde
869 1398 918 1459 rel
949 1400 1098 1476 praefatus
1121 1399 1168 1458 rel
1193 1400 1345 1459 interfatus
1369 1417 1447 1476 sum,
1479 1416 1553 1460 con-

201 1487 278 1545 sulto
300 1496 463 1562 praetereo,
487 1496 519 1545 ut
542 1505 618 1563 quae
642 1505 700 1545 non
723 1488 781 1546 late
803 1506 905 1564 sparsa
928 1486 1004 1545 sunt'.
1590 1489 1592 1496 '

284 1574 360 1631 Cum
383 1586 481 1633 autern
505 1575 698 1634 celeberrimis
720 1568 867 1634 nonnullis
889 1574 1094 1651 philosophiae
1110 1581 1139 1633 et
1154 1573 1315 1634 medicinae
1337 1574 1552 1651 professoribus
1615 1571 1617 1575 ⁸

200 1664 279 1719 visus
303 1664 358 1719 sim
382 1679 488 1720 noram
511 1662 728 1738 philosophiam
744 1662 1007 1738 condereeamque
1024 1664 1213 1736 verissimam,
1238 1665 1314 1721 omni
1332 1680 1401 1722 cnra
1424 1661 1551 1722 fovenda

199 1758 227 1808 et
256 1749 423 1807 educanda·
442 1759 485 1808 cst
517 1749 625 1809 tenella
651 1748 796 1825 plantula,
830 1758 863 1808 ut
891 1758 960 1808 sum
988 1748 1068 1808 nova
1089 1751 1201 1822 omnia,
1238 1758 1271 1808 ut
1292 1750 1412 1809 radices
1429 1757 1499 1825 agat
1521 1751 1551 1808 ln

198 1839 303 1895 animis
326 1836 608 1914 philosophantium,
643 1853 738 1911 neque
765 1838 923 1895 suffocetur
955 1836 1074 1895 humore
1097 1839 1188 1895 nimio
1211 1853 1351 1895 ranarum
1375 1837 1552 1914 sophistica-

199 1928 323 2001 tionum,
344 1942 420 1983 nere
444 1924 627 2007 vulgaturum
652 1926 819 2000 opinionum
835 1926 1009 1983 torrentibus
1033 1924 1156 1996 eluatur,
1180 1933 1232 1983 aut
1254 1926 1451 2001 negligentiae
1473 1925 1552 2000 pub*

197 2012 272 2070 licae
304 2013 459 2085 frigoribus
488 2014 669 2086 obrigescat:
705 2011 783 2086 quod
814 2013 837 2070 si
868 2011 938 2068 mihi
967 2029 1071 2071 cavere
1102 2014 1268 2086 contigerit,
1302 2029 1360 2072 non
1390 2030 1445 2088 ego
1469 2012 1553 2071 illis
1602 2069 1604 2073 ,

199 2102 294 2158 ventis
318 2099 541 2168 calumniarum,
565 2118 600 2159 ne
623 2101 786 2175 frangatur,
809 2116 869 2157 uon
891 2117 909 2158 a
934 2098 1046 2159 solidae
1071 2116 1209 2159 censurae
1233 2098 1320 2174 Sole,
1343 2116 1380 2158 ns
1403 2108 1549 2174 exuratur,

201 2191 360 2263 quiequam
383 2195 492 2245 metuo.

287 2273 361 2332 Cum
385 2276 473 2350 igitur
496 2291 558 2348 cap.
577 2276 603 2330 l.
621 2275 736 2331 animae
759 2272 875 2347 quidem
899 2274 1044 2349 tetigerim
1068 2275 1234 2344 essentiam,
1259 2271 1311 2331 sed
1334 2281 1452 2350 propter
1473 2274 1553 2333 soles

145 2356 149 2376 '
200 2362 387 2431 harmonias,
412 2379 477 2419 cum
499 2359 658 2419 secundnm
682 2369 769 2435 caput
793 2377 849 2418 non
874 2378 909 2419 ex
933 2361 1065 2436 professo
1089 2360 1124 2419 de
1147 2363 1245 2419 anima
1268 2362 1325 2434 sit,
1349 2361 1401 2420 sed
1425 2361 1460 2421 de'
1483 2362 1554 2420 har·

198 2451 303 2508 moniis
328 2456 444 2524 propter
466 2438 605 2507 animam:
629 2448 710 2506 lubet
726 2464 802 2506 nunc
821 2449 883 2523 jam
899 2448 955 2505 hoc
971 2450 1067 2523 capite
1091 2448 1230 2507 disserere
1254 2446 1290 2506 de
1313 2451 1412 2508 anima
1433 2455 1552 2526 propter

198 2555 230 2594 se
252 2538 347 2611 ipsam
369 2537 459 2611 paulo
483 2535 661 2610 generalius,
692 2535 775 2594 lubet
797 2554 833 2595 ex
863 2535 981 2611 epilogo
1012 2534 1158 2619 syllogum
1182 2535 1277 2595 facere
1301 2539 1444 2608 omnium,
1476 2552 1553 2613 quse

198 2624 235 2682 ad
259 2632 442 2698 praesentem
465 2625 614 2681 materiam
629 2631 773 2697 spectant,
796 2639 930 2697 quaeque
946 2626 1080 2701 sparsim,
1104 2639 1180 2698 quae
1205 2623 1306 2696 obiter,
1330 2642 1406 2699 qnae
1430 2624 1554 2683 latenter

198 2713 290 2782 dicta,
310 2712 357 2768 hic
380 2712 435 2769 sub
458 2727 546 2767 unum
570 2719 720 2785 aspectum
735 2710 840 2768 referre
864 2720 1015 2785 totamque
1031 2712 1073 2769 rei
1096 2719 1230 2769 naturam
1254 2714 1390 2770 contiuuo
1415 2709 1555 2770 ora'tionls

199 2800 248 2857 fiio
273 2799 427 2873 explicare.
1453 2870 1455 2873 Ι
1481 2821 1484 2825 ’

286 2886 357 2945 Esse
380 2886 510 2959 aliquam
533 2886 622 2942 totins
646 2884 772 2943 universi
796 2886 940 2957 animam,
965 2884 1143 2961 praefectam
1166 2885 1295 2945 motibus
1317 2892 1477 2955 astrorum,
1499 2902 1554 2962 ge-

200 2976 344 3031 nerationi
368 2973 589 3044 elementorum,
614 2974 828 3031 conservationi
854 2974 1035 3030 animantum
1058 2981 1088 3031 et
1109 2974 1260 3048 stirpium,
1284 2972 1409 3049 deniqne
1432 2990 1555 3048 symps-

201 3062 280 3119 thiae
310 3063 490 3134 superiorum
520 3060 744 3133 inferiorumque
774 3069 910 3131 mutuae,
943 3059 1081 3118 Timaeus
1105 3060 1260 3118 Locrensis
1291 3077 1325 3120 er
1348 3058 1554 3137 Pythagoricis

199 3149 317 3223 placitis
340 3147 418 3222 apud
436 3147 586 3205 Platonem
610 3146 755 3216 defendit,
779 3145 900 3204 Procius
924 3163 993 3205 raro
1016 3163 1080 3205 cum
1102 3148 1185 3219 alias,
1209 3154 1271 3205 tum
1295 3151 1462 3224 praesertim
1487 3139 1555 3207 vere

201 3239 243 3294 bis
268 3239 296 3292 in
322 3253 384 3310 cap.
411 3238 437 3291 1.
461 3234 548 3309 hujus
570 3235 636 3292 libri
658 3234 711 3290 IV.
735 3235 939 3309 transscriptis,
964 3234 1115 3292 stabilivit.
1140 3233 1226 3292 Hanc
1249 3233 1394 3293 diversam
1417 3254 1436 3294 a
1457 3242 1554 3294 mente

201 3328 344 3393 fecerunt,
376 3330 405 3381 et
428 3322 610 3397 quodmeos
632 3320 754 3397 simplex
779 3329 871 3392 esset,
905 3324 1004 3379 anima
1035 3323 1093 3379 ista
1114 3322 1265 3397 multiplex
1290 3322 1493 3392 facultatibus,
1525 3329 1554 3381 st

201 3409 278 3485 quod
303 3410 387 3468 ideae
411 3412 540 3466 omnium
563 3408 711 3466 sensilium
735 3411 765 3465 in
786 3416 890 3466 mente·
907 3410 1036 3466 inessent
1058 3410 1151 3485 primo
1174 3426 1226 3485 per
1240 3426 1281 3483 se,
1304 3427 1396 3487 purae
1419 3418 1448 3468 et
1463 3403 1556 3468 iden·

201 3501 284 3567 ticae,
311 3500 338 3554 in
362 3498 459 3554 anima
481 3495 654 3554 secundario
677 3508 793 3572 propter
815 3503 942 3553 mentem
970 3504 999 3554 et
1021 3497 1059 3556 ab
1083 3514 1119 3555 ea
1141 3504 1289 3572 acceptae,
1312 3500 1406 3575 magis
1430 3498 1466 3557 ad
1488 3514 1556 3556 ma·

200 3590 302 3643 teriam
327 3586 514 3654 inclinantes;
545 3582 620 3640 unde
653 3591 682 3641 et
705 3586 854 3639 nominum
878 3581 1063 3642 distinctione
1094 3585 1156 3655 usi,
1192 3584 1405 3645 intellectuales
1436 3586 1572 3660 quidem,

119 3662 121 3665 ’
201 3674 246 3731 rel
270 3672 412 3730 mentales
443 3670 644 3745 paradigmata
675 3671 874 3746 appellarunt,
906 3669 1047 3729 animales
1080 3688 1148 3730 roro
1171 3670 1412 3747 ‘paradigmatum
1436 3673 1554 3767 illorurp

202 3763 309 3819 icones.
355 3758 475 3816 Summa
499 3775 533 3816 eo
556 3756 645 3827 redit,
679 3765 711 3815 ut
734 3756 914 3815 Christianus
944 3757 1051 3834 aliquis
1080 3757 1218 3818 facillime
1249 3777 1301 3836 pro
1329 3769 1427 3820 mente
1451 3746 1555 3821 Plato-

201 3849 267 3906 nica
292 3848 386 3905 Deum
410 3854 577 3915 creatorem,
602 3861 653 3918 pro
677 3846 775 3901 anima
797 3853 930 3903 naturam
953 3863 1047 3904 rerum
1070 3845 1232 3923 intelligere
1255 3851 1359 3923 possit.

288 3934 402 4007 Quibus
432 3933 473 3989 illi
505 3934 686 4006 potissimum
718 3934 812 3991 ventis
841 3922 1097 4013 contemplationis
1124 3935 1227 4008 agitati
1259 3934 1392 3997 adhaec
1416 3934 1555 4011 dogmata
1627 3927 1632 3936 ’

201 4022 379 4097 appulerint,
415 4021 480 4078 aliis
503 4019 634 4095 relinquo
658 4019 878 4088 excutiendum,
911 4037 967 4094 ego
997 4021 1032 4078 de
1065 4023 1196 4096 meipso
1221 4021 1343 4081 dicam·
1371 4023 1408 4080 Et
1430 4024 1554 4097 primurn

202 4109 319 4183 qrudem
344 4108 379 4166 de
403 4111 500 4165 anirna
522 4110 612 4164 totius
636 4109 764 4165 universi
787 4109 842 4165 etsi
866 4124 922 4165 non
947 4126 1087 4183 repugno,
1111 4108 1180 4165 nihil
1205 4116 1301 4167 tamen
1324 4110 1381 4168 hoc
1403 4109 1476 4167 libro
1500 4110 1553 4166 lV.

202 4197 310 4254 dicam:
335 4194 450 4253 videtur
473 4196 548 4251 enim
572 4194 610 4270 (si
633 4203 677 4250 est
699 4194 767 4251 talis
791 4192 901 4270 aliqua)
925 4197 953 4251 in
976 4204 1074 4254 centro
1097 4196 1204 4267 mundi,
1229 4196 1309 4271 quod
1331 4197 1400 4255 mihi
1425 4197 1474 4255 Sol
1500 4204 1555 4275 est,

202 4285 344 4353 residere,
376 4282 502 4357 indeque
532 4284 559 4337 in
584 4297 698 4338 omnem
732 4281 796 4356 ejus
830 4281 1051 4357 amplitudinem
1085 4286 1258 4341 commercio
1291 4284 1438 4343 radiorum
1472 4285 1554 4357 lucis,

202 4374 251 4447 qui
275 4373 334 4428 sint
356 4370 421 4428 loco
445 4370 598 4445 spirituum
621 4371 650 4424 in
674 4385 794 4444 corpore
818 4369 1135 4446 animali,.propagari.
1172 4378 1251 4442 [vids
1279 4378 1410 4442 Epilogum
1439 4382 1482 4427 tib.
1506 4362 1565 4438 vi

204 4461 246 4516 De
270 4467 373 4516 natura
397 4474 475 4525 vero,
500 4474 575 4530 quac
598 4465 714 4530 praeest
736 4456 886 4514 elementis
909 4474 1056 4532 quamque
1079 4460 1187 4516 usitato
1216 4458 1346 4533 epitheto
1369 4458 1556 4517 sublunarem

203 4545 335 4623 appello,
363 4545 425 4618 jam
449 4562 467 4601 a
490 4545 594 4616 viginti
617 4545 701 4600 annis
732 4560 787 4617 ego
820 4560 876 4601 non
902 4543 1055 4602 dissimilia
1078 4552 1206 4604 statuere
1230 4548 1332 4621 coepi3
1364 4556 1462 4605 motus
1485 4562 1555 4625 vero

202 4654 264 4692 snm
289 4633 327 4691 ad
356 4632 411 4690 hoc
439 4649 495 4688 non
525 4629 649 4688 lectione
677 4630 724 4688 rel
755 4630 947 4690 admiratione
978 4632 1208 4704 Platonicorum,
1239 4632 1290 4691 sed
1318 4633 1382 4692 sola
1411 4642 1441 4692 et
1470 4636 1556 4693 unica

203 4727 409 4796 tempestatum
433 4720 638 4777 observatione
661 4725 908 4794 aspectuumqne,
933 4720 1039 4794 quibus
1063 4719 1130 4778 illae
1154 4722 1274 4791 cientur,
1299 4722 1554 4797 contemplatione.

202 4809 270 4865 Vidi
296 4810 390 4876 enim,
414 4824 520 4878 magna
543 4807 708 4863 constantia
731 4806 840 4864 turbari
863 4814 973 4864 statum
996 4810 1085 4879 adris,
1117 4810 1232 4882 quoties
1255 4806 1390 4883 planetae
1414 4808 1460 4865 trel
1484 4824 1556 4867 con-

200 4898 405 4972 jungerentur,
440 4894 486 4951 vel
518 4893 702 4967 aspectibus,
733 4893 823 4968 vulgo
852 4894 1063 4969 astrologorum
1094 4895 1262 4967 celebratis,
1292 4889 1555 4971 configurarentur3

204 4983 263 5041 vidi
287 4979 527 5056 tranquillitatem
551 4979 711 5055 plerunque
735 4998 799 5039 esse
823 4982 851 5037 in
874 4986 956 5053 aere,
987 4984 1012 5039 si
1042 4982 1113 5038 nulli
1147 4980 1195 5040 rel
1225 4983 1252 5039 si
1281 4986 1368 5058 pauci
1391 4983 1555 5043 inciderent

204 5079 354 5146 aspectus,
379 5069 425 5125 vel
450 5071 473 5126 si
498 5066 629 5125 celeriter
653 5067 860 5127 conficerentur
883 5071 1176 5144 transigerenturque.
1223 5067 1288 5128 Hoc
1311 5087 1380 5129 vero
1404 5073 1554 5145 negotium

203 5175 339 5229 egenen
363 5158 403 5213 ita
427 5156 531 5213 leviter
554 5153 795 5214 cortsiderandum
818 5173 882 5214 esse
906 5158 1014 5226 censui,
1038 5159 1079 5213 nti
1096 5154 1203 5231 vulgus
1225 5166 1448 5232 prognostarum
1470 5157 1554 5233 solet,
1641 5148 1646 5156 “

203 5247 251 5319 qui
275 5247 319 5302 sic
342 5244 509 5301 describunt
532 5241 657 5299 siderum
681 5242 907 5316 apotelesmata,
941 5261 975 5301 ac
997 5245 1021 5300 si
1044 5241 1097 5301 illa
1119 5243 1168 5300 Dii
1192 5243 1312 5321 qnidam
1336 5252 1448 5308 essent.
1481 5246 1556 5305 coeli

202 5339 509 5405 terraequepotcntes
532 5331 687 5403 omniaque
711 5347 745 5386 err
776 5330 893 5386 arbitrio
917 5338 1056 5402 agentes,
1081 5331 1265 5403 securissimi,
1296 5348 1355 5407 quo
1384 5333 1482 5393 medio
1504 5332 1557 5394 ills

203 5417 432 5492 unumquodque
456 5416 604 5493 perficiant
627 5415 704 5491 apud
728 5432 782 5472 nos
805 5419 833 5471 in
856 5416 971 5487 Terris,
996 5432 1061 5473 cum
1084 5418 1148 5493 ipsa
1171 5418 1200 5475 in
1223 5418 1305 5477 coelo
1328 5428 1477 5492 maneant,
1501 5437 1556 5489 nec

204 5511 373 5582 quicquam,
409 5503 486 5579 quod
511 5504 642 5559 sensibus
666 5510 779 5577 pateat,
819 5501 857 5559 ad
890 5519 944 5560 nos
974 5509 1087 5578 praeter
1119 5503 1217 5564 radios
1247 5504 1360 5566 lucidos
1393 5508 1554 5569 demittant.

204 5595 286 5652 Haec
316 5595 473 5669 praecipua
512 5593 657 5664 scaturigo
681 5600 733 5650 est
763 5590 995 5647 foedissimarum
1028 5593 1267 5666 superstitionum
1303 5594 1555 5670 astrologicarum.

208 5682 247 5740 stt
268 5698 327 5741 non
350 5680 437 5739 valde
460 5685 635 5769 prognostas
658 5680 760 5751 miror,
781 5694 876 5758 ¹genus
899 5678 1051 5738 hominum
1074 5679 1246 5759 plerumque
1269 5682 1420 5762 populare,
1444 5682 1555 5762 puerile
