3684 7259
272 990 336 1052 474
787 995 820 1052 In
836 994 1011 1053 nar-oum
1027 994 1124 1052 blandi

270 1163 466 1238 sosimenes
483 1177 570 1224 annm
587 1170 623 1226 tt
648 1170 770 1244 (trah),
798 1181 825 1229 et
850 1173 877 1226 in
903 1174 971 1228 libro
995 1172 1029 1226 tle
1047 1170 1131 1228 Stella
1148 1172 1227 1226 b'ora
1251 1174 1316 1226 anto
1332 1183 1418 1226 annos
1439 1168 1472 1226 ld
1489 1167 1531 1238 (ll
1550 1165 1619 1235 ut),

271 1257 378 1304 mrsntn
395 1244 424 1300 in
442 1244 535 1302 Tertio
552 1241 832 1322 Isterrsnlenttaate
851 1253 966 1308 annosi
984 1252 1015 1318 (1.
1029 1255 1098 1320 susp
1116 1257 1144 1306 et
1162 1250 1278 1319 deumne
1295 1250 1324 1304 in
1341 1245 1540 1304 Dissoetatione
1557 1261 1619 1302 uum

271 1322 369 1378 nando
386 1321 493 1381 sidereo
512 1326 625 1386 Galilnel
642 1335 707 1386 ante
725 1327 846 1390 amosa
873 1335 912 1390 ill.
932 1331 991 1394 bot)
1009 1347 1062 1385 non
1080 1345 1169 1400 pauca
1186 1327 1317 1395 disserui,
1343 1326 1409 1382 iacit
1435 1333 1528 1382 tannen
1553 1341 1618 1380 non·

269 1397 405 1458 nullorum
423 1406 557 1462 cacozelia
574 1414 602 1463 et
619 1408 761 1479 supultus,
778 1418 810 1465 ut
828 1410 909 1465 etiam
928 1411 980 1466 hoc
998 1411 1058 1466 loco
1077 1409 1112 1465 sit
1129 1408 1232 1478 aliquid
1250 1407 1400 1464 dicendum.

354 1517 458 1578 Notent
474 1524 556 1593 igitur
573 1532 685 1582 naturae
707 1526 821 1582 studiosi
848 1536 903 1583 tam
931 1528 1008 1582 initia
1025 1542 1104 1596 quam
1123 1539 1284 1595 progressus
1302 1523 1472 1579 inventorum
1490 1529 1519 1578 et
1535 1521 1618 1578 intro-

269 1599 411 1657 ducturum
438 1621 568 1661 novorum
595 1611 761 1676 aspectuum.
796 1608 828 1662 In
846 1607 978 1677 Mysterio
997 1605 1226 1675 cosmographiae
1253 1603 1360 1658 ostendi
1383 1618 1420 1658 ex
1446 1601 1619 1663 harmonicis.

268 1687 372 1749 uptam
391 1685 499 1740 omnino
518 1701 578 1742 csse
597 1686 740 1741 divisiones
765 1687 883 1743 chordae
908 1686 1092 1741 harmonicus.
1118 1685 1157 1738 sie
1183 1690 1368 1751 comparatas,
1394 1689 1426 1737 nt
1451 1688 1546 1751 partes
1564 1686 1617 1733 tam

265 1758 338 1816 inter
356 1767 493 1832 se,'quam
512 1782 572 1821 curu
591 1765 695 1833 integra
713 1765 814 1820 chorda
832 1773 988 1821 consonent
1025 1764 1091 1819 Cum
1110 1764 1152 1817 his
1175 1770 1280 1831 septem
1297 1760 1475 1817 divisiontbns
1493 1760 1619 1824 chordas,

267 1853 337 1908 quse
353 1838 426 1898 linea
442 1852 517 1900 reeta
535 1853 592 1914 est,
612 1842 854 1900 manuducentibus
872 1845 1028 1900 Ptolemaeo
1047 1851 1074 1897 et
1093 1842 1215 1898 Cartlnno
1235 1839 1411 1896 animadverti
1429 1839 1617 1908 cognationem

267 1915 435 1976 intercedere
452 1921 564 1979 totidem
583 1921 759 1978 divisionibus
777 1922 869 1977 circuli
893 1939 943 1995 per
969 1920 1178 1992 applicationem
1196 1918 1326 1973 linearum
1344 1924 1494 1983 recmrnm,
1520 1916 1617 1987 quibus

266 1991 370 2062 figurae
387 2000 525 2066 regulares
542 2001 726 2059 insenbuntur
749 2001 861 2066 circulo;
892 2008 956 2056 sunt
978 2008 1068 2055 antem
1093 2000 1144 2053 hae
1168 1999 1241 2053 latus
1261 1997 1415 2067 sexanguli,
1442 1996 1515 2053 latus
1540 1996 1616 2067 quin·

266 2078 402 2144 qutnguli,
421 2079 491 2135 latus
509 2081 703 2152 quadranguli,
723 2082 794 2136 latus
813 2081 955 2149 trianguli.
975 2082 1106 2135 subtensa
1124 2078 1211 2133 tribus
1229 2080 1345 2147 octaris,
1364 2077 1495 2133 subtensa
1512 2076 1617 2133 duabus

266 2150 368 2220 quun·
394 2160 517 2226 partibus
535 2161 628 2216 circuli
645 2175 694 2213 seu
717 2160 764 2213 nni
791 2160 889 2227 angulo
913 2158 1123 2228 quinquanguli,
1151 2164 1179 2212 et
1206 2157 1344 2213 diameter.
1381 2155 1556 2225 cognationis
1573 2155 1617 2209 lex

266 2229 335 2287 haee
353 2247 408 2304 est,
436 2239 508 2306 quod
528 2238 643 2294 circulus
661 2238 703 2293 his
722 2245 826 2309 septem
854 2238 940 2294 modis
965 2237 1066 2293 diusns
1085 2252 1133 2292 seu
1153 2236 1274 2304 signatus
1293 2238 1320 2289 in
1339 2251 1393 2289 tuna
1411 2233 1536 2304 qualibet
1553 2232 1616 2288 diri-

266 2311 343 2369 sione
362 2314 467 2373 duabus
486 2321 566 2389 notis,
585 2335 676 2374 arcum
695 2318 808 2387 ejusque
827 2319 985 2373 subtensam
1003 2316 1217 2383 terminantibus,
1237 2316 1259 2370 si
1278 2317 1441 2371 extendatur
1459 2316 1487 2369 in
1504 2322 1616 2381 rectum,

266 2388 395 2447 diremtns
422 2396 449 2450 in
476 2414 531 2454 una
558 2405 681 2454 notarum
708 2398 810 2467 fiatque
838 2397 941 2452 chorda
963 2405 991 2451 et
1017 2403 1187 2465 supponatur
1209 2394 1361 2463 mugadinm
1383 2401 1465 2449 notae
1483 2392 1615 2461 reliquae:

189 2527 192 2535 ,
266 2475 358 2535 pumen
384 2476 509 2544 magadio
531 2478 675 2533 distinctae
703 2485 731 2531 et
754 2478 825 2533 inter
848 2493 877 2533 se
900 2485 1011 2531 etcum
1038 2484 1098 2530 tota
1121 2474 1222 2529 chorda
1248 2480 1406 2528 consonant.
1443 2472 1511 2528 Cum
1537 2471 1617 2538 igitur

266 2545 360 2604 harum
380 2563 482 2623 septem
502 2557 595 2612 circuli
613 2556 782 2625 divisionum,
801 2557 1023 2628 respondentium
1041 2563 1145 2624 septem
1165 2554 1340 2610 divisionibus
1359 2551 1523 2610 harmonicis
1542 2549 1617 2604 chor·

266 2625 325 2695 dae,
343 2639 459 2700 quatuor
477 2636 543 2701 sint,
564 2651 633 2704 quae
651 2636 767 2690 formant
784 2645 921 2705 aspectus,
941 2635 974 2690 ab
993 2635 1135 2703 astrologis
1156 2636 1294 2690 observari
1312 2633 1416 2703 solitos,
1435 2630 1540 2686 seilicet
1558 2646 1616 2684 sex-

265 2706 416 2780 angularls,
435 2714 671 2785 quadrangularis,
691 2717 864 2788 triangularis
882 2723 910 2772 et
929 2716 1108 2783 diametralis,
1127 2715 1276 2771 efficientes
1294 2712 1427 2783 sextilem,
1446 2711 1617 2781 quadratum,

265 2783 363 2840 trinum
383 2796 410 2843 et
428 2792 594 2860 oppositum,
623 2803 650 2848 et
673 2812 733 2850 cum
758 2801 886 2850 constans
905 2795 1074 2864 experientia
1096 2801 1258 2860 testaretur,
1287 2791 1388 2860 ligurus
1405 2789 1456 2846 has
1473 2788 1566 2844 valere
1584 2785 1617 2840 ad

263 2860 426 2924 incitandam
446 2879 569 2927 naturam
588 2873 772 2945 sublunarem,
798 2877 904 2946 quoties
923 2876 1037 2931 duorum
1060 2875 1231 2945 planetarum
1249 2872 1317 2928 radii
1335 2871 1416 2926 talem
1434 2867 1539 2923 zodiaci
1557 2882 1617 2936 par·

264 2947 319 2998 tutu
337 2942 525 3018 intercipiunt,
544 2966 598 3004 non
617 2951 704 3010 minus
724 2970 804 3021 quam
823 2952 941 3010 chordae
959 2953 1104 3009 divisiones
1122 2952 1317 3042 respondentes
1335 2949 1427 3004 valent
1445 2946 1481 3002 ad
1499 2946 1618 3001 suaviter

263 3019 456 3084 demulcendas
474 3044 567 3084 surcs:
594 3029 621 3085 in
640 3031 710 3088 hane
729 3033 881 3102 opinionem
899 3033 1011 3101 transii,
1037 3034 1190 3088 Creatorem
1209 3039 1257 3087 ant
1275 3048 1310 3086 ex
1326 3024 1617 3086 harmonicis'rationi·

262 3095 314 3156 bns
331 3101 494 3160 assumsisse
513 3106 587 3177 leges
606 3110 815 3166 ordinandorum
828 3119 995 3181 aspectuum,
1013 3119 1061 3168 aut
1077 3110 1112 3166 ad
1131 3109 1265 3166 coelestes
1276 3114 1405 3180 aspectum
1422 3114 1618 3176 attsnperasse

264 3192 342 3234 aures
360 3181 504 3251 humanas,
529 3189 780 3243 concordantiarnm
796 3190 910 3256 judices.
947 3191 1014 3245 lude
1031 3207 1095 3245 vero
1113 3190 1288 3258 sequebatur,
1312 3194 1439 3257 oportere
1455 3201 1506 3241 nos
1526 3181 1618 3255 plnres

264 3257 346 3314 etiam
364 3269 392 3316 et
409 3264 517 3317 omnino
535 3277 640 3356 septem
665 3266 693 3320 in
719 3267 794 3320 coelo
814 3270 958 3324 observare
977 3278 1104 3339 aspectus
1127 3277 1236 3339 praeter
1253 3268 1484 3336 conjunctionem,
1514 3262 1618 3319 scilicet

263 3335 345 3392 ettam
362 3340 516 3411 quintilem,
542 3342 712 3413 brquintilem
731 3353 760 3400 et
777 3348 967 3417 sosquadrum;
995 3349 1075 3404 sicuti
1095 3357 1159 3404 sunt
1181 3349 1208 3403 in
1226 3347 1330 3402 musica
1347 3350 1457 3414 praeter
1473 3344 1618 3400 unisonum

262 3424 368 3486 septam
386 3418 455 3473 aliae
473 3436 553 3476 voces
572 3423 768 3479 concordantes
787 3442 848 3479 eurn
866 3427 931 3495 ima,
959 3428 1080 3496 singulae
1105 3443 1138 3481 ex
1164 3426 1278 3495 singulis
1303 3423 1480 3479 divisionibus
1499 3423 1618 3480 chordae

262 3504 354 3567 ortae,
378 3505 408 3553 ut
426 3498 464 3553 ita
481 3515 563 3555 causa
581 3517 630 3555 suo
649 3501 757 3559 effectui
776 3503 951 3576 adaequetur.
986 3504 1166 3574 Sequentrbus
1190 3504 1267 3559 annis
1286 3520 1347 3557 cum
1367 3502 1513 3573 diligenter
1531 3509 1617 3559 atten-

263 3574 353 3630 dersn
372 3574 406 3631 ad
426 3578 495 3647 dies,
515 3580 612 3648 quibus
631 3581 700 3634 tales
719 3591 846 3652 aspectus
866 3586 1039 3652 contingunt,
1059 3586 1164 3655 quotics
1184 3584 1235 3639 soli
1253 3581 1422 3638 incidebant.
1440 3581 1618 3638 animadverti

262 3653 436 3724 creberrime,
464 3657 604 3725 quintilem
630 3667 657 3712 et
676 3660 846 3729 biqnintilem
865 3661 991 3718 efficaces
1014 3679 1089 3729 esse,
1116 3662 1250 3717 interdurn
1273 3662 1355 3718 etism
1373 3660 1541 3730 sesquadrus
1559 3675 1619 3715 sese

262 3732 378 3802 prodere
397 3734 546 3790 videbatur.
585 3737 709 3792 conclusi
728 3739 824 3808 igitur,
853 3741 992 3796 addendos
1011 3759 1071 3797 csse
1089 3751 1143 3799 tres
1166 3742 1217 3796 hos
1237 3746 1365 3809 aspectus
1382 3738 1508 3809 reliquis,
1535 3738 1618 3808 idque

263 3811 297 3864 ad
315 3810 490 3867 hiacstlinum
509 3818 536 3875 (Ι.
556 3821 616 3873 aeti
636 3825 663 3869 et
682 3817 834 3873 Fabricium
854 3821 948 3878 (1.309
967 3840 986 3872 s.
1006 3825 1066 3891 aaa)
1085 3819 1230 3890 perscripsi
1249 3827 1365 3874 stanno
1385 3819 1463 3876 1602.
1482 3819 1618 3875 Thesihns

262 3889 296 3946 tle
307 3890 503 3947 mammenus
520 3894 700 3965 astrologiae,
719 3897 818 3966 quibus
836 3897 910 3952 illius
930 3898 992 3952 anni
1010 3899 1203 3968 prognosticon
1222 3914 1282 3953 sunt
1299 3895 1467 3967 complexus,
1487 3897 1618 3966 evulgavi.

261 3969 306 4024 Ex
324 3970 376 4025 hoc
394 3972 485 4041 itaque
504 3982 625 4042 tempore
643 3978 766 4030 certatim
784 3987 949 4046 prognostue
968 3977 1010 4032 his
1030 3985 1144 4032 utuntur
1170 3978 1334 4047 aspectibus.
1371 3975 1425 4032 Sed
1444 3976 1543 4031 accidit
1562 3976 1618 4045 qni·

261 4046 383 4116 busdam,
405 4060 433 4104 ut
452 4052 705 4120 sesqnbuadratum
723 4055 750 4109 in
770 4055 999 4124 semiquadratum
1019 4056 1189 4125 mutaverint,
1209 4047 1258 4110 s'eu
1277 4070 1369 4110 errore
1386 4054 1489 4109 librarii
1507 4054 1618 4122 inducti,

262 4126 318 4181 sive
337 4143 386 4182 sna
405 4129 622 4191 ratiocinatione.
650 4134 706 4188 sive
730 4135 846 4202 denique
871 4135 1042 4190 auctoritate.
1079 4136 1148 4191 Nam
1173 4152 1232 4190 eunt
1253 4151 1302 4203 ego
1321 4152 1371 4203 pro
1389 4132 1618 4203 sesqnlqnsdrtto

262 4205 403 4262 brevitatis
421 4225 504 4265 cansa
522 4210 691 4280 scripsissem
710 4214 888 4283 sesquadrum
918 4215 1001 4282 (quod
1028 4215 1169 4269 videbatur
1188 4231 1287 4269 sonare
1311 4213 1419 4269 latinius
1439 4231 1521 4283 quam
1538 4215 1618 4269 trioc-

261 4283 335 4354 tllis),
352 4289 540 4358 typographus
562 4290 661 4345 alicubi
680 4293 766 4363 sigma
787 4294 904 4349 medinm
924 4293 1015 4348 omisit
1034 4294 1221 4363 expressitque
1240 4292 1416 4361 sequadrum3
1436 4299 1465 4346 et
1481 4292 1535 4347 hae
1554 4306 1618 4346 voce

262 4368 377 4421 utuntur
395 4366 476 4422 hodie
494 4365 577 4439 aliqui
595 4387 646 4439 pro
672 4372 830 4440 sesquadro.
869 4373 953 4441 Atqui
977 4371 1128 4443 scquadrus
1151 4380 1229 4428 sonat
1254 4370 1453 4439 semiqnatlrum
1472 4386 1522 4425 sen
1541 4370 1618 4426 semi·

261 4443 435 4516 quadratum,
465 4456 495 4502 ut
514 4447 612 4503 selibra
630 4450 808 4521 semilibram,
836 4452 973 4516 semodius
999 4451 1191 4507 semimodium.
1227 4451 1324 4520 ltaque
1346 4450 1392 4504 alii
1414 4450 1523 4520 decepti
1541 4448 1618 4505 semi·

262 4521 419 4591 quadratos,
438 4526 465 4579 id
485 4535 527 4582 cst
544 4529 646 4598 octilcs,
667 4540 824 4599 computant
842 4549 891 4602 pro
911 4533 1078 4600 sesquadris,
1097 4535 1145 4588 45⁰
1163 4546 1212 4600 pro
1230 4531 1305 4587 135⁰.
1335 4527 1414 4597 Quod
1432 4545 1495 4584 cum
1512 4535 1618 4585 eeteros

260 4603 411 4660 munisset
427 4607 531 4663 Marius
556 4610 583 4662 iu
606 4611 779 4678 prognostico
803 4612 866 4666 anni
887 4614 969 4676 16¹7,
997 4612 1103 4667 exstitb
1125 4621 1215 4665 tamen
1234 4608 1403 4677 astrologus,
1430 4610 1477 4679 qni
1496 4616 1528 4664 nt
1544 4615 1618 4665 recte

260 4677 362 4736 iudum
382 4694 539 4741 constanter
557 4696 688 4758 tueretur,
708 4691 755 4758 qni
774 4692 854 4746 etiam
869 4692 921 4744 hoc
934 4692 998 4746 mihi
1015 4692 1119 4756 tribuit,
1138 4708 1172 4745 cx
1190 4706 1251 4745 mea
1263 4689 1399 4745 sententia
1416 4688 1618 4759 semiquatirum

261 4759 467 4832 ubsmvandnm,
487 4768 559 4835 quod
573 4784 625 4838 ego
639 4787 691 4823 non
711 4785 745 4824 ex
763 4771 844 4825 animi
863 4772 1007 4835 sententis,
1026 4772 1073 4826 sed
1087 4772 1183 4827 saltem
1201 4776 1232 4825 nt
1249 4769 1429 4837 objectionem
1447 4768 1617 4837 scripseram.

261 4835 371 4894 bruna
388 4843 459 4898 ratio
477 4860 537 4901 mea
552 4846 610 4913 jam
629 4862 662 4901 ex
681 4848 844 4902 harmonicis
862 4849 997 4917 explicata
1016 4865 1069 4903 non
1088 4850 1154 4903 satis
1173 4848 1273 4904 insedit
1290 4847 1421 4904 lecturum
1439 4846 1551 4915 animis,
1569 4847 1617 4902 na·

261 4931 314 4986 qus
331 4917 408 4975 reiut
419 4922 446 4977 in
460 4924 676 4994 supplementum
696 4928 755 4996 rjus
775 4935 916 4984 accersunt
934 4929 1150 4997 praecellentiam
1170 4928 1343 4999 semiqnadri,
1361 4925 1409 4982 scd
1427 4940 1463 4980 ex
1479 4923 1618 4995 principiis

260 4993 340 5070 longa
358 4997 425 5055 aliis.
464 5002 494 5056 in
512 5004 547 5058 iis
565 5021 629 5058 vcro
647 5006 801 5076 principiis,
821 5023 892 5075 quae
910 5016 976 5062 tnnc
994 5024 1044 5077 ego
1063 5008 1210 5077 sequebar,
1230 5006 1334 5064 nullum
1353 5006 1443 5061 locum
1460 5003 1560 5060 habuit
1577 5018 1618 5058 se·

260 5071 417 5144 miqtradrns
436 5080 477 5133 vel
496 5081 593 5151 oetilis,
611 5082 663 5138 hoc
681 5092 731 5152 est,
751 5084 846 5140 divisio
865 5083 983 5141 chordae
1002 5091 1117 5155 cognata
1135 5086 1290 5154 oetangulo.
1314 5084 1409 5141 Divisa
1426 5081 1498 5137 enim
1517 5079 1619 5142 chorda

259 5147 288 5208 iu
308 5153 319 5210 l
341 5161 369 5210 et
386 5159 415 5226 7,
443 5159 493 5214 etsi
512 5167 679 5230 segmentum
701 5167 712 5217 1
733 5180 794 5218 cum
813 5171 872 5219 totu
889 5164 906 5219 8
926 5170 1069 5231 consonat,
1097 5170 1188 5219 tamen
1207 5181 1295 5235 neque
1318 5163 1457 5220 residuum
1474 5163 1492 5217 7
1511 5161 1616 5228 enm&

259 5245 349 5323 usqne
374 5236 386 5289 i
407 5254 466 5293 eam
486 5244 502 5295 7
520 5250 677 5298 consonant.
714 5243 798 5298 Secns
821 5251 863 5298 est
887 5243 915 5297 in
943 5241 1091 5312 sesquadro
1116 5257 1164 5297 seu
1189 5242 1311 5309 trior-tili,
1336 5241 1383 5299 nbi
1402 5240 1520 5297 circulus
1539 5237 1618 5295 etad

259 5323 323 5396 spus,
337 5316 491 5386 exemplum
508 5320 612 5377 chorda
629 5320 756 5378 dividitur
773 5323 800 5375 in
819 5323 876 5377 let
888 5325 918 5392 55
939 5327 1089 5379 consonant
1107 5321 1178 5378 enim
1189 5329 1246 5378 tatu
1264 5327 1405 5393 segmenta
1422 5320 1481 5377 det
1493 5320 1519 5385 5,
1538 5332 1617 5389 quam

259 5389 350 5450 itin!
365 5395 385 5457 8
402 5403 431 5457 et
447 5413 508 5455 eum
525 5399 542 5458 3
561 5407 590 5459 et
608 5415 669 5457 cunr
687 5401 703 5456 5
723 5407 863 5456 consonat.
