3684 7259
627 1250 755 1312 426
1512 1247 1597 1308 Dc
1629 1213 1952 1332 Figurarum
1987 1245 2430 1306 Har-momentum

1539 1423 1672 1478 Cum
1708 1423 1875 1493 igitur
1908 1437 2069 1492 porro
2107 1424 2216 1477 sint
2251 1429 2363 1478 tres
2389 1422 2564 1479 solum
2590 1420 2776 1494 anguli
2795 1422 2971 1493 plani,
3009 1420 3163 1480 nulla
3195 1422 3341 1480 inter

1363 1498 1569 1568 figuras
1609 1502 1876 1558 toleratur
1910 1501 2295 1573 imparilatera,
2334 1517 2435 1571 per
2471 1503 2698 1558 eandem
2731 1504 2829 1559 24:
3194 1529 3201 1538 ·

1538 1581 1928 1651 Tetragonicus
1972 1583 2134 1652 igitur
2168 1597 2290 1644 cum
2326 1580 2685 1649 hexagonieo·
2715 1588 2773 1637 et
2816 1582 3138 1652 octogonico
3184 1581 3339 1637 mini-

1196 1681 1248 1735 „.-..··;33::-
1361 1658 1460 1712 mis
1498 1661 1676 1716 minus
1710 1661 1922 1717 faciunt·
1951 1664 1985 1717 4
2021 1661 2184 1715 rectis
2231 1668 2287 1715 et
2323 1668 2628 1737 congruunt
2665 1662 2731 1717 12
2767 1661 3062 1731 tetragoni,
3097 1657 3136 1716 8
3170 1662 3336 1716 hexa-

1184 1773 1254 1813 .
1360 1738 1487 1804 goni
1524 1746 1580 1794 et
1614 1743 1646 1794 6
1673 1741 1925 1809 octogoni
1951 1741 2005 1795 in
2031 1757 2198 1795 unum
2222 1739 2696 1810 icosihexaedron‚
2743 1740 2896 1811 quod.
2913 1740 3132 1810 appello
3157 1748 3339 1796 trun·

1351 1893 1480 1961 quia
1519 1896 1693 1951 simile
1729 1905 1814 1953 est
1851 1904 2101 1957 truncato
2136 1896 2513 1954 suboctaedro.
2589 1898 2839 1967 Pingitur
2876 1915 3022 1953 num.
3060 1898 3200 1955 23¹².

1525 1976 1922 2044 Tetragonicus
1959 1994 2081 2033 cum
2116 1978 2451 2045 hexagonico
2489 1986 2544 2033 et
2582 1978 2908 2047 decagonico
2946 1981 3123 2034 minus
3163 1979 3198 2033 4
3221 1994 3336 2033 rec-

1348 2049 1416 2103 tis
1455 2051 1718 2123 efficiunt,
1758 2061 1814 2109 et
1850 2062 2156 2123 congruunt
2191 2055 2260 2109 30
2284 2057 2572 2124 tetragoni,
2613 2058 2970 2127 20hexagoni
3003 2066 3059 2114 et
3089 2060 3153 2114 12
3180 2058 3336 2113 deca·

1666 2134 1793 2202 goni
1829 2135 1885 2188 in
1920 2149 2087 2189 unum
2122 2135 2687 2205 hexacontadyedron,
2726 2136 2871 2206 quod
2895 2137 3114 2206 appello
3150 2144 3262 2191 tru
3278 2154 3336 2191 n-

1657 2229 1798 2268 cum
1834 2213 2539 2285 icosidodecaedron,
2587 2216 2747 2271 simili
2797 2218 2864 2272 de
2899 2233 3066 2272 causa
3113 2223 3177 2273 ut
3212 2234 3334 2287 pro-

1657 2292 1873 2346 ximum.
1946 2292 2195 2361 Pingitur
2230 2309 2376 2347 num.
2413 2293 2549 2347 23¹⁸.

1832 2372 1888 2425 Si
1933 2369 2031 2440 pro
2082 2373 2408 2440 decagonico
2454 2370 2734 2427 succedatr
2761 2372 2817 2426 in
2870 2373 3188 2429 societatem
3236 2374 3331 2430 do-

1658 2449 2045 2519 decagonicus,
2092 2449 2387 2519 implentur
2428 2452 2464 2505 4
2505 2449 2640 2505 recti
2688 2466 2788 2505 nec
2831 2450 2893 2505 fit
2943 2451 3177 2506 solidum
3189 2474 3210 2522 ,·
3255 2453 3331 2507 sic

1658 2529 1819 2582 etiam
1858 2530 1904 2583 si
1940 2546 2038 2597 pro
2076 2530 2414 2597 hexagonico
2451 2527 2709 2585 succedat
2745 2530 3097 2597 octogonicus
3131 2538 3200 2601 ,et
3232 2532 3330 2587 ali-

1540 2661 1563 2686 ,ff
1659 2607 1780 2674 quis
1816 2607 2134 2675 octogonico
2173 2608 2346 2675 maior
2382 2608 2455 2663 sit
2490 2608 2711 2677 tertius,
2759 2617 3086 2677 superantur
3121 2613 3155 2666 4
3179 2613 3330 2675 recti,

1560 2685 1564 2693 ’
1656 2702 1759 2742 nec
1806 2688 2012 2755 minus,
2087 2688 2133 2740 si
2182 2688 2345 2742 absit.
2369 2686 2738 2754 tetragonicus
2793 2695 2849 2742 et
2901 2689 3175 2745 socientur
3220 2698 3329 2747 tres

1657 2765 2029 2820 distinctarum
2065 2764 2357 2835 figurarum
2390 2762 2803 2835 parilaterarum
2827 2766 3078 2834 majores.
3154 2770 3331 2839 Igitur

1655 2851 1765 2898 stat
1798 2844 1971 2898 oiimis
1995 2843 2473 2899 Archimedeorum
2507 2842 2715 2899 familia
2748 2846 2891 2902 intra
2925 2863 3210 2903 numerum
3246 2852 3324 2923 13,

1653 2923 1800 2990 quod
1838 2928 1956 2978 erat
1992 2923 2486 2980 demonstrandum.

788 3206 1031 3269 XXIX.
1124 3208 1719 3275 Consectarium.
1811 3212 2064 3288 Figurae
2122 3225 2413 3285 congruae
2470 3215 2606 3267 sunt
2662 3208 2720 3264 in
2778 3210 3114 3269 universum
3174 3210 3324 3270 duo-

613 3294 815 3372 decim,
865 3309 996 3359 octo
1042 3299 1325 3360 radicales
1371 3318 1477 3362 seu
1521 3302 1758 3377 primae,
1808 3305 1868 3359 et
1912 3306 2162 3375 quatuor
2207 3304 2414 3355 auctae
2459 3312 2564 3355 seu
2608 3294 2833 3375 stellae.

1162 3389 1213 3446 1.
1262 3389 1572 3466 Trigonus.
2039 3389 2094 3446 ’1.
2142 3382 2594 3460 Dodecagonns.

1124 3478 1211 3533 ·.2
1258 3476 1646 3561 TetragonuS.
2033 3475 2088 3532 8.
2136 3473 2498 3549 Icosigouus.

1157 3564 1214 3621 3.
1260 3563 1657 3640 Pentagonus.
2033 3564 2088 3621 9.
2138 3559 2323 3620 Stella
2364 3558 2770 3637 pentagonica.

1152 3652 1210 3709 4.
1258 3650 1636 3729 Hexagonus.
1996 3650 2092 3708 10.
2139 3646 2325 3707 Stella
2368 3646 2730 3721 octogonica.

1158 3738 1215 3799 5.
1263 3736 1621 3817 Octogonus.
2001 3740 2095 3798 11.
2140 3734 2326 3795 Stella
2372 3734 2743 3810 decagonica.

1152 3826 1207 3885 6.
1256 3826 1625 3905 Decagonus.
1992 3827 2088 3883 12.
2135 3821 2321 3882 Stella
2367 3821 2820 3895 dodecagonica.

778 3903 1012 3967 Gradus
1057 3918 1474 3990 congruentiae
1522 3913 1776 3974 distincti
1823 3920 1978 3972 sunt.
2041 3911 2109 3970 In
2154 3913 2340 3988 primo
2385 3918 2520 3969 sunt
2551 3910 2811 3985 trigonus
2857 3912 2915 3967 et
2959 3913 3318 3987 tetragonus,

606 3996 744 4071 quia
790 4006 1114 4072 congruunt
1160 4009 1278 4060 tam
1323 4005 1383 4060 in
1427 4002 1635 4077 solido,
1684 4017 1861 4077 quam
1906 4001 1964 4058 in
2008 3998 2205 4077 plano,
2253 4005 2374 4057 tam
2400 3996 2787 4075 singularum
2804 3997 3131 4073 specierum
3173 4000 3322 4058 inter

448 4155 452 4159 .
603 4099 687 4155 se,
737 4099 914 4158 quam
951 4084 1290 4160 junctarum
1333 4098 1391 4150 et
1438 4109 1565 4151 cum
1614 4087 1763 4148 aliis.

777 4169 1050 4232 Secundo
1096 4176 1282 4251 gradu
1330 4181 1654 4239 consistunt
1708 4180 2076 4253 pentagonus
2138 4190 2269 4232 cum
2331 4173 2504 4233 stella
2564 4189 2690 4231 sua.
2779 4171 2931 4231 Nam
2990 4183 3319 4250 congruunt

601 4264 663 4316 et
707 4258 1066 4333 singularum
1114 4268 1434 4341 specierum
1482 4269 1629 4326 inter
1656 4281 1719 4323 se
1750 4267 1810 4322 in
1841 4261 2062 4333 solido,
2111 4268 2170 4321 et
2213 4259 2451 4320 tradunt
2493 4267 2726 4319 mutuas
2758 4278 2995 4342 operas·
3011 4263 3069 4319 in
3099 4260 3318 4337 plano.

601 4343 706 4404 sed
751 4348 942 4422 potior
997 4356 1085 4408 est
1139 4360 1535 4430 pentagonus,
1597 4355 1736 4430 quia
1794 4352 2061 4428 congruit
2091 4350 2292 4416 ‚etiam
2348 4366 2481 4410 cum
2537 4348 2669 4408 aliis
2723 4348 3018 4407 nonnullis
3079 4357 3201 4409 tam
3257 4353 3314 4407 in

511 4505 522 4515 Β
599 4430 777 4507 plano
825 4451 1000 4509 quam
1046 4439 1106 4497 in
1150 4441 1358 4501 solido.

771 4520 1003 4583 Tertius
1046 4533 1135 4586 est
1177 4528 1490 4605 hexagoni,
1540 4528 1680 4605 quia
1724 4527 1945 4604 figurae
1990 4523 2166 4601 hujus
2212 4526 2428 4603 speciei
2459 4530 2785 4602 congruunt
2828 4524 2889 4624 in
2934 4523 3131 4601 plano,
3181 4542 3317 4585 cum

600 4606 731 4667 aliis
776 4627 917 4669 vero
962 4619 1082 4672 tam
1129 4615 1187 4674 in
1233 4616 1423 4676 solido
1468 4635 1646 4694 quam
1690 4618 1748 4673 in
1795 4615 1993 4693 plano·
2068 4638 2074 4644 ·

772 4694 1058 4772 Quartum
1101 4702 1347 4780 gradum
1395 4712 1592 4765 tenent
1635 4709 1958 4779 octogonus
2014 4707 2073 4761 et
2119 4699 2454 4777 decagonus
2517 4717 2649 4758 cum
2693 4698 2880 4759 stellis
2926 4700 3068 4758 suis.
3159 4698 3313 4760 Nam

596 4781 881 4846 radicales
922 4787 1061 4851 illae
1106 4807 1239 4851 cum
1283 4792 1415 4862 aliis
1459 4792 1755 4852 nonnullis
1785 4795 2111 4867 congruunt
2152 4789 2210 4845 in
2254 4787 2464 4861 solido,
2511 4787 2717 4847 stellae
2746 4804 2886 4847 vero
2933 4803 3063 4848 cum
3110 4786 3312 4865 figuris

569 4871 955 4950 ‘singularum
996 4879 1322 4955 specierum
1368 4881 1827 4959 quadamtenus,
1888 4882 1946 4937 in
2002 4876 2179 4954 plano
2227 4892 2364 4935 vero
2427 4892 2627 4935 omues
2688 4882 2942 4951 quatuor
2986 4883 3314 4951 congruunt

597 4976 729 5021 cum
773 4959 927 5043 aliis,
972 4968 1160 5045 magis
1205 4976 1399 5029 tamen
1446 4972 1609 5029 varie
1653 4971 1960 5045 magisque
2004 4963 2257 5042 perfecte
2303 4964 2650 5038 octogonica
2695 4970 2873 5023 secta.

556 5117 560 5122 ,
723 5045 1019 5125 Q·uintus
1060 5055 1279 5134 gradus
1326 5056 1504 5117 habet
1551 5056 1995 5133 dodecagonum
2053 5069 2181 5111 cum
2227 5050 2400 5110 stella
2442 5068 2583 5125 sua3
2644 5052 2785 5128 quia
2828 5053 2886 5109 in
2932 5050 3123 5111 solido
3170 5054 3308 5128 qui-

595 5131 727 5197 dem
770 5137 1040 5217 minime,
1107 5151 1171 5203 at
1227 5146 1328 5203 in
1323 5145 1523 5221 plano
1582 5144 1959 5204 multifariam
2017 5147 2342 5214 congruunt
2399 5155 2527 5197 cum
2575 5138 2736 5213 aliis;
2795 5140 2853 5196 in
2899 5138 3088 5198 solido
3136 5141 3311 5216 igitur

499 5223 723 5284 stola
776 5229 1181 5305 magnitudine
1245 5231 1658 5309 impediuntur.
1764 5230 1961 5291 Causa
2027 5226 2270 5307 plauitei
2337 5225 2720 5302 praeferenda
2787 5233 2877 5286 est
2945 5226 3093 5288 haec
3148 5236 3310 5289 secta

590 5315 798 5395 gradui
843 5325 1071 5394 quarto.

764 5402 1015 5466 Ultimus
1059 5404 1276 5482 gradus
1320 5415 1410 5468 est
1454 5406 1757 5485 icosigoni,
1806 5406 1947 5483 quia
1978 5406 2027 5464 is
2056 5401 2289 5463 nonnisi
2334 5402 2393 5459 in
2439 5399 2636 5479 plano,
2683 5418 2792 5462 nec
2835 5404 2949 5462 nisi
2994 5420 3124 5463 cum
3173 5392 3307 5464 aliis

598 5498 657 5553 et
703 5508 835 5552 cum
882 5493 999 5553 illis
1044 5496 1189 5571 ipsis
1235 5512 1470 5573 quoque
1513 5495 1876 5573 imperfecte
1897 5489 2179 5569 congruit.

563 5630 586 5646 ..
763 5578 989 5656 Quodsi
1032 5581 1220 5643 solam
1266 5583 1697 5645 consideremus
1741 5581 2073 5660 planitiem,
2120 5575 2261 5636 ordo
2305 5577 2619 5655 figurarum
2662 5578 2772 5638 erit
2813 5579 2955 5639 iste.
3011 5567 3064 5640 1’.
3097 5573 3306 5650 Hexa-
3354 5644 3366 5657 ‚

526 5725 530 5730 .
589 5680 798 5747 conus.
881 5672 939 5731 2.
974 5668 1363 5750 Tetragouus.
1439 5673 1497 5733 3.
1532 5671 1840 5750 Trigonus.
1904 5671 1965 5731 4.
1993 5665 2445 5744 Dodccagonus.
2510 5667 2567 5725 5.
2596 5664 2786 5727 Stella
2814 5665 2962 5743 ejus.
3029 5670 3085 5727 7.
3118 5663 3307 5729 Octo-

1360 1831 1502 1870 cum
1543 1818 2095 1875 cuboctaedron:
2136 1818 2245 1874 non
2281 1819 2427 1887 quod
2464 1819 2806 1874 truncatione
2838 1820 2990 1874 nasci
3008 1818 3203 1888 possit,
3244 1820 3338 1875 sed
3444 1835 3461 1848 ³
