3684 7259
247 1204 309 1262 432
713 1195 878 1265 Appendicis
895 1197 1120 1260 Harmonicorum

246 1376 319 1435 baec
342 1375 472 1436 efficacia
494 1376 524 1432 in
545 1379 679 1434 naturam
701 1375 888 1435 sublunarem
909 1375 1029 1450 majoris
1052 1385 1095 1436 est
1112 1393 1228 1452 operae,
1251 1393 1338 1452 quam
1354 1394 1431 1452 quae
1454 1396 1474 1435 a
1495 1394 1591 1437 masso

246 1469 322 1535 aere,
346 1480 432 1538 quem
456 1473 514 1520 tarn
537 1462 622 1521 facile
645 1462 824 1520 excludimus
848 1465 886 1521 ab
910 1465 1061 1534 inanibus,
1084 1467 1224 1540 praestari
1249 1467 1349 1541 possit.

334 1548 425 1621 Unde,
447 1551 552 1625 pergis,
586 1551 631 1607 ris
653 1549 848 1608 radiationum
870 1562 914 1608 est
938 1554 966 1607 in
990 1551 1082 1610 a'e'rc‘l
1126 1549 1210 1610 Unde
1235 1554 1331 1627 inquis
1354 1552 1474 1610 inesse?
1518 1552 1592 1611 Nnnr

248 1655 284 1697 ex
307 1655 352 1716 eo,
375 1636 454 1713 qnod
477 1637 612 1713 planetae
636 1638 776 1695 coelestes
799 1640 925 1695 animam
950 1636 1055 1697 aSole
1079 1639 1248 1714 accipiunt?
1294 1638 1328 1695 ld
1350 1641 1427 1696 enim
1449 1648 1518 1697 ante
1540 1640 1593 1699 boe

245 1724 327 1782 unde
350 1726 454 1800 legitur
477 1730 505 1780 in
529 1734 580 1782 tua
602 1728 740 1782 oratione.
789 1726 878 1799 Atqui
902 1724 973 1781 nihil
998 1743 1071 1802 opus
1096 1736 1142 1784 est
1164 1727 1290 1801 planctis
1313 1729 1425 1797 anirna,
1458 1744 1518 1801 qua
1540 1745 1593 1785 ne·

245 1813 376 1887 gotiante
399 1812 592 1870 radiationum
616 1815 643 1867 in
667 1812 757 1869 Terra
779 1813 966 1869 formatarum
990 1816 1035 1869 vis
1060 1815 1159 1871 veniat
1187 1817 1215 1868 in
1241 1818 1347 1871 aerem.
1393 1814 1468 1871 Nam
1491 1815 1514 1870 si
1539 1814 1593 1873 boc

245 1909 331 1969 esset,
356 1900 407 1957 illa
429 1900 612 1973 planetarum
635 1902 734 1955 anima
756 1916 821 1956 cnm
844 1898 1054 1958 radiationibus
1078 1903 1148 1974 ipsis
1171 1903 1225 1957 itcr
1252 1902 1371 1958 liaberet
1394 1903 1591 1959 necessarium

253 1989 281 2042 in
306 1986 412 2044 Terras
443 2003 545 2061 usque.
591 1987 682 2061 Atqui
706 1986 763 2043 lroc
794 1987 853 2043 lieri
878 2003 935 2043 non
963 1995 1067 2062 potest.
1113 1987 1201 2045 Nulla
1223 1991 1299 2046 enirn
1331 1996 1372 2045 eat
1403 1992 1447 2045 vis
1470 1992 1503 2045 in
1526 1995 1594 2046 acic

251 2074 479 2145 radiationum,
503 2076 558 2131 nisi
582 2072 699 2148 quando
722 2076 898 2147 geometrica
920 2072 1020 2149 aliqua
1044 2076 1229 2133 conformitas
1263 2078 1290 2131 ir.
1313 2088 1435 2149 aspectu
1466 2092 1518 2133 seu
1541 2094 1595 2132 an-

250 2160 320 2235 gulo
345 2163 479 2220 binarum
506 2160 701 2219 radiationum
731 2171 774 2218 est
802 2161 970 2237 spectanda.
1015 2161 1081 2220 Hoc
1111 2180 1178 2219 vero
1213 2165 1278 2236 quis
1301 2163 1498 2220 internuncius
1527 2162 1593 2221 hine

219 2263 222 2268 ’
245 2266 263 2305 ε
286 2246 383 2305 Τειιιε
406 2265 498 2323 usque
521 2247 558 2305 ad
582 2248 739 2306 Saturnum
763 2257 792 2305 et
814 2246 922 2306 lovem
946 2247 1068 2316 indicet,
1098 2259 1129 2307 ut
1152 2249 1218 2307 iude
1242 2251 1355 2307 animas
1379 2249 1426 2307 vel
1449 2250 1591 2325 cujusque

246 2351 339 2406 suant,
364 2333 410 2393 vel
433 2335 584 2410 utriusque
606 2351 788 2392 communem
811 2338 839 2392 in
863 2335 969 2393 Terras
993 2335 1126 2409 deducat,
1154 2345 1184 2393 ut
1207 2336 1254 2394 lric
1277 2337 1328 2393 illa
1351 2340 1411 2393 vim
1435 2341 1501 2394 acii
1523 2354 1594 2396 con-

250 2423 329 2480 ciliet
350 2439 499 2498 praesens.
544 2422 661 2486 Dixeris
683 2426 791 2499 potius,
813 2422 909 2480 lumen
934 2426 1029 2498 ipsum
1053 2424 1248 2498 planetarum,
1276 2442 1311 2481 ex
1335 2441 1393 2496 quo
1416 2424 1592 2510 radiatiqaeq

246 2518 389 2581 constant,
413 2509 488 2567 banc
511 2526 575 2567 esse
598 2512 740 2583 animam,
764 2513 839 2567 sicut
863 2520 949 2569 antea
973 2520 1102 2569 nostrum
1125 2511 1201 2569 hunc
1224 2516 1321 2569 acrem
1343 2512 1436 2568 fecisti
1459 2488 1564 2660 wi
1631 2565 1636 2580 ,

1487 2597 1546 2716 01¹

245 2600 361 2679 animae
384 2595 493 2656 mundi.
524 2595 611 2653 .blibi
635 2600 733 2655 onmia
754 2597 914 2655 succedunt
936 2599 1059 2671 facilius,
1084 2597 1251 2656 facultatem
1267 2598 1396 2673 aliquam
1412 2599 1456 2673 spi

245 2685 275 2740 in
298 2684 388 2742 Terra
410 2683 537 2760 ponenti.

333 2770 440 2830 Terrae
463 2772 591 2830 animam
619 2770 691 2830 dicis
720 2774 818 2846 potius
841 2789 905 2831 esse
935 2773 972 2831 ab
1002 2777 1068 2830 a'crc
1097 2781 1126 2830 et
1158 2775 1187 2828 in
1218 2777 1304 2849 aere,
1335 2789 1423 2847 quam
1458 2783 1490 2830 ut
1539 2837 1544 2849 ¹
1622 2811 1625 2816 -

173 2884 178 2894 ·
246 2869 342 2917 motus
365 2877 384 2918 a
406 2857 513 2917 Terrae
535 2861 632 2917 anima
653 2859 820 2933 procedant.
864 2859 1050 2934 Nonpngno,
1074 2861 1218 2934 quinimo
1241 2863 1283 2918 sic
1305 2860 1421 2934 publice
1443 2860 1588 2935 profiteor,

245 2946 339 3017 bane,
370 2964 457 3021 qnam
480 2945 563 3020 dieo,
592 2944 699 3003 Terrae
721 2945 906 3018 facultatem,
941 2947 1075 3005 animalis
1097 2947 1236 3020 similem,
1266 2964 1319 3022 per
1340 2948 1467 3022 speciem
1491 2948 1591 3021 egredi
1636 3016 1642 3033 .

247 3029 334 3092 etlam
358 3036 386 3090 in
409 3038 505 3092 a'e'rem
529 3033 732 3092 circumfusum
762 3035 860 3109 ibique
883 3051 935 3109 pro
959 3052 989 3091 ιε
1012 3044 1081 3092 nata
1109 3039 1227 3110 gignere
1251 3034 1393 3105 bruchos,
1424 3035 1541 3093 cicadas
1564 3044 1591 3093 et

246 3120 305 3179 alia
327 3123 445 3179 insecta.
492 3122 531 3178 At
560 3122 746 3196 praecipuam
764 3122 817 3179 ‚illi
880 3119 1086 3180 deminuere
1119 3140 1241 3197 ponere,
1278 3137 1416 3179 excursus
1444 3123 1540 3179 solum
1564 3125 1593 3178 in

246 3207 335 3268 Terra
358 3207 532 3280 concedere,
567 3208 623 3266 boc
645 3207 764 3283 perinde
788 3139 1012 3288 mgvidetur,
1042 3226 1077 3266 ac
1100 3212 1124 3267 si
1148 3213 1213 3284 quis
1236 3210 1350 3267 animae
1374 3208 1477 3267 saltem
1503 3228 1593 3284 vege·

161 3308 165 3322 '
246 3296 335 3354 tantis
358 3298 386 3352 in
410 3296 525 3353 homine
547 3295 645 3354 sedern
667 3297 854 3372 praecipuam
877 3295 987 3355 diceret
1010 3312 1133 3371 vapores
1157 3296 1222 3354 illos
1246 3313 1281 3353 ex
1297 3312 1416 3372 corpore
1439 3299 1593 3373 exspiran-

246 3391 290 3441 tes
313 3385 401 3457 inqnc
423 3383 547 3442 sinubus
571 3386 697 3458 corporis
721 3382 889 3456 haerentes,
914 3385 964 3441 ubi
988 3382 1138 3457 pediculos
1162 3393 1190 3442 ει
1212 3383 1319 3440 similia
1340 3386 1442 3457 gignit.

335 3470 453 3544 Pergis:
490 3474 540 3528 εει
569 3473 659 3528 vitam
688 3469 739 3527 dat
768 3473 852 3545 aquis
885 3481 914 3529 et
937 3480 1043 3539 terrac,
1077 3480 1105 3527 ει
1127 3470 1260 3528 omnibus
1292 3489 1327 3528 ex
1352 3472 1386 3527 iis
1412 3474 1590 3546 compositis.

250 3556 345 3615 Velim
369 3561 450 3629 scite,
473 3575 541 3614 num
565 3566 660 3616 tecum
684 3565 759 3614 stare
783 3558 942 3616 contendas
966 3557 1173 3616 Aristotelem?
1218 3557 1276 3618 llic
1291 3556 1407 3632 quidem
1422 3561 1519 3616 ounria
1537 3560 1593 3615 ista

248 3642 339 3703 calori
363 3643 440 3702 Solis
462 3646 576 3716 tribuit,
606 3649 656 3702 adr
685 3644 727 3701 illi
751 3646 824 3703 inter
847 3648 1038 3703 instrumenta
1060 3654 1113 3703 εει
1161 3645 1195 3701 Et
1224 3662 1311 3718 quam
1342 3654 1373 3702 tu
1397 3644 1469 3702 dicis
1501 3648 1591 3702 vitam

250 3733 279 3789 in
303 3734 387 3806 aquis
410 3741 439 3790 et
462 3733 567 3789 terris?
612 3731 714 3789 Nonne
738 3736 831 3807 pisces
855 3735 952 3790 innuis
976 3732 1045 3803 illic,
1069 3732 1116 3790 hic
1132 3732 1271 3809 plantas?
1318 3731 1379 3807 Ego
1396 3749 1466 3789 vero
1491 3750 1592 3792 rocem

133 3880 135 3883 Α
157 3869 179 3901 ι,
248 3818 496 3878 olimobscuram
518 3837 536 3876 a
559 3818 698 3894 clrymicis
722 3823 779 3876 tuis
802 3821 905 3892 transi,
930 3819 1007 3878 Solis
1024 3837 1087 3877 esse
1105 3820 1294 3898 beneficium,
1316 3836 1374 3878 non
1397 3821 1489 3889 a'e'ris,
1514 3819 1593 3895 quod

246 3907 326 3966 mar'e
348 3916 460 3965 scateat
482 3909 633 3977 monstris,
666 3906 744 3980 quod
769 3916 843 3966 terra
862 3910 979 3984 plantas
1011 3908 1072 3965 sine
1095 3900 1334 3983 semitis,‚quod
1357 3906 1480 3978 lacuna,
1513 3906 1592 3965 Solis
1622 3933 1626 3943 «

248 3993 398 4052 ardoribus
421 3995 579 4069 tepefacta,
609 4010 704 4051 mures
727 3994 877 4070 producat.
924 3993 1077 4068 Quomodo
1101 3971 1281 4076 vnffiqpttts
1303 3991 1384 4051 dabit
1401 3997 1474 4063 aer,
1503 4011 1591 4069 quam

180 4117 186 4130 ι
231 4097 303 4138 non
326 4082 414 4140 babet
437 4076 520 4156 ipse?
564 4080 627 4138 Nisi
658 4089 687 4138 tu
711 4063 766 4139 snb
798 4085 872 4141 acris
896 4099 968 4140 voce
999 4069 1419 4166 nobisquippp'mlffiviuius
1442 4081 1591 4152 obtrudat,

246 4185 334 4244 qnam
357 4176 401 4226 est
424 4169 478 4225 iste
501 4184 554 4225 nos
577 4168 776 4239 circumstans,
801 4187 835 4228 ex
859 4170 1028 4227 humoribus
1051 4163 1229 4227 ειιειιιιειιιεΙ
1245 4157 1348 4244 'sapon
1393 4167 1470 4239 Scio,
1494 4172 1592 4243 pisces

243 4260 341 4315 adrem
365 4257 512 4314 continere
535 4257 563 4312 in
586 4258 734 4331 geminata
755 4260 863 4329 vesica,
886 4256 938 4315 sed
962 4273 1037 4331 quac
1061 4256 1117 4314 illis
1140 4258 1360 4313 instrumentum
1377 4263 1421 4312 est
1443 4266 1541 4315 motus
1564 4265 1591 4315 ει

246 4346 369 4418 quietis,
401 4352 430 4401 et
453 4341 605 4417 cujusdam
629 4346 712 4418 quasi
736 4347 935 4420 suspensionis
958 4342 1098 4401 naturalis
1122 4361 1159 4402 ex
1179 4360 1274 4417 aquae
1297 4342 1465 4418 superficie3
1493 4346 1591 4418 itaque

244 4440 335 4492 restat
358 4432 394 4488 iis
417 4429 464 4488 bic
486 4434 536 4487 adr
558 4433 662 4489 vesicis
686 4431 813 4502 inclusis,
839 4434 927 4490 etiam
950 4448 1015 4489 cum
1030 4434 1127 4489 anima
1143 4433 1268 4490 excessit
1283 4447 1446 4504 corpusque
1459 4435 1591 4489 exanime

244 4516 388 4594 dependet
413 4518 475 4592 jam
497 4534 515 4575 a
539 4526 654 4590 ventre,
686 4520 735 4592 qui
760 4522 888 4578 vesicam
918 4519 995 4577 hane
1017 4521 1162 4589 continet,
1194 4535 1259 4575 curn
1283 4520 1362 4591 prius
1395 4516 1423 4574 id
1447 4518 1589 4577 beneficio

242 4608 357 4663 animae
387 4608 528 4664 niteretur
558 4606 726 4664 incumbens
760 4609 852 4666 ventri
883 4613 912 4666 el
935 4614 1130 4665 sustentatum
1158 4605 1196 4663 ab
1220 4622 1264 4663 en.
1311 4603 1393 4661 adeo
1425 4603 1590 4664 diflertin·

244 4700 436 4751 strumentum
459 4709 477 4750 a
499 4700 624 4764 motore,
659 4697 708 4751 abr
738 4695 775 4751 ab
798 4698 904 4751 anima.
950 4694 1017 4752 Seio
1048 4696 1149 4763 etiam,
1183 4691 1322 4750 animalia
1349 4691 1491 4749 beneficio
1516 4695 1589 4752 a'e'ris

244 4783 370 4838 animam
394 4781 524 4851 retinere,
549 4771 705 4839 intercluso
729 4781 779 4838 illo
803 4785 964 4856 exspirare3
987 4798 1044 4839 non
1067 4791 1111 4839 est
1134 4787 1230 4837 tamen
1254 4783 1303 4838 aer
1317 4780 1415 4836 anima
1439 4781 1512 4855 ipsa,
1537 4797 1588 4839 nec

250 4870 338 4926 vitam
362 4867 413 4925 dat
434 4869 600 4942 inspiratus,
623 4867 674 4926 sed
700 4868 822 4928 ventilat
845 4871 990 4928 flammam
1008 4870 1085 4926 vitae
1109 4870 1136 4924 in
1156 4867 1250 4925 cordis
1267 4867 1386 4924 latebris
1409 4866 1588 4940 flagrantem,

245 4964 385 5031 vetatque
408 4971 443 5012 ne
468 4955 517 5011 illa
539 4970 571 5013 sc
594 4957 687 5031 ipsam
710 4965 813 5032 suapte
836 4957 957 5031 fuligine
980 4956 1112 5026 suffocet,
1135 4956 1308 5012 suffocatam
1331 4963 1382 5011 aut
1405 4956 1589 5014 non‘arden-

243 5051 301 5103 tem
316 5045 379 5118 ipse
395 5058 543 5116 nunquam
566 5041 640 5100 ultro
664 5043 805 5118 incendit3
838 5044 929 5102 multo
952 5046 1046 5101 minus
1070 5045 1132 5099 vita
1153 5044 1215 5117 ipsc
1231 5050 1273 5098 est
1296 5049 1347 5098 aut
1363 5041 1400 5099 ab
1416 5042 1482 5115 ipso
1498 5051 1588 5101 cocta

244 5128 511 5207 Deprensum!
535 5130 629 5188 simile
653 5130 708 5189 dici
733 5138 843 5205 potest,
870 5131 965 5189 nullas
989 5132 1035 5188 bic
1058 5132 1136 5187 vitae
1159 5139 1255 5203 partes
1278 5136 1374 5185 tuetur
1398 5133 1460 5200 adr,
1497 5148 1533 5186 nc
1556 5135 1586 5187 nt

243 5220 464 5276 instrumentum
481 5217 613 5290 quidem·;
637 5220 692 5274 nisi
716 5219 744 5273 in
761 5229 901 5292 quantum
918 5220 977 5292 igni
994 5227 1023 5275 ει
1036 5217 1169 5275 flammae
1185 5214 1306 5273 similior
1325 5222 1369 5273 est
1384 5217 1446 5272 vita
1463 5216 1587 5292 plantae,

244 5323 331 5380 quarn
354 5304 428 5375 serf,
453 5310 601 5363 ettamen
626 5304 784 5363 secundum
807 5314 835 5365 ιε
858 5311 907 5364 ae'r
931 5307 1017 5363 etiarn
1039 5304 1146 5363 Terrae
1171 5306 1261 5361 vitam
1285 5302 1344 5359 dat.

329 5392 436 5450 Mirum
459 5390 602 5466 equidem,
627 5392 732 5451 Terrae
756 5401 787 5451 tn
811 5393 863 5452 das
888 5394 987 5456 vitam,
1014 5409 1110 5466 neque
1133 5408 1178 5449 me
1203 5391 1308 5466 pateris
1331 5387 1425 5447 eidem
1450 5390 1589 5464 inspirare

244 5494 327 5538 suam
351 5480 491 5549 animam,
515 5496 574 5553 qna
598 5481 688 5537 vivat.
1433 5490 1440 5499 ’

284 5601 289 5606 ·
330 5568 417 5625 Αέιίε
438 5573 537 5625 motas
558 5585 578 5625 ε
605 5566 716 5623 Terrae
734 5566 894 5640 procedere
916 5570 1039 5639 anima,
1071 5565 1127 5623 hoc
1142 5572 1186 5622 εει
1209 5561 1297 5639 paulo
1319 5562 1443 5621 alienius
1467 5564 1587 5622 verbum

244 5669 349 5716 amen
370 5651 567 5731 pbilosoplria
612 5652 738 5728 Propius
761 5671 830 5713 vero
853 5663 898 5713 est
919 5654 1030 5723 dicere,
1053 5657 1149 5711 aerem
1171 5652 1252 5727 gigni
1277 5650 1316 5709 ab
1338 5652 1439 5709 anima
1461 5650 1585 5730 Terrae,
