3684 7259
754 1232 783 1287 in
799 1230 973 1290 flamonium
990 1231 1095 1288 Mundi.
1553 1236 1593 1299 ,η

246 1411 343 1469 cuitus
365 1407 529 1486 quadrante
552 1427 571 1470 a
591 1428 645 1471 suo
668 1410 798 1489 ephebo,
818 1412 960 1487 -praecise
988 1408 1132 1471 mediocre
1159 1408 1250 1468 babet
1277 1407 1462 1470 intervallum
1484 1428 1503 1470 a
1525 1408 1595 1470 Sole

246 1498 324 1556 inter
344 1500 505 1558 maximum
528 1499 558 1555 in
580 1498 698 1575 aphelio
719 1506 749 1558 et
769 1499 919 1557 minimum
935 1500 963 1555 in
985 1496 1141 1575 peribelio;
1165 1491 1200 1576 5)
1223 1496 1341 1556 diurnus
1364 1497 1477 1557 medius
1499 1505 1595 1557 motus

248 1585 279 1641 in
302 1588 464 1645 eccentrico
486 1585 566 1645 idem
587 1593 632 1645 est
654 1594 683 1645 et
704 1603 791 1645 verus
814 1586 878 1661 ejus
900 1586 1053 1646 ecoeutrici
1082 1602 1166 1644 arcus
1197 1583 1316 1643 diurnus
1344 1583 1402 1643 illis
1430 1588 1594 1658 momentis,

248 1672 357 1747 quibus
378 1674 500 1749 planeta
521 1679 566 1733 est
588 1674 618 1730 in
639 1674 696 1733 fine
719 1672 888 1749 quadrantis
911 1673 1073 1746 ecceutrici‚
1096 1672 1134 1732 ab
1149 1670 1265 1747 apbelio
1281 1675 1456 1748 computati3
1481 1674 1516 1752 6)
1537 1672 1595 1731 duo

249 1775 335 1818 urus
364 1762 517 1820 eccentrici
548 1760 655 1834 diurni,
685 1761 846 1836 aequaliter
875 1777 945 1820 vere
976 1759 1131 1831 distantes,
1161 1758 1235 1817 alter
1256 1758 1293 1817 ab
1317 1758 1450 1835 aphelio,
1481 1761 1596 1820 altera

248 1845 401 1923 peribelio,
420 1848 516 1923 juncti
539 1858 665 1924 aequant
687 1847 805 1907 diurnos
828 1848 940 1906 medios
955 1856 1067 1922 motus;
1092 1841 1127 1926 7)
1150 1846 1249 1906 eaden
1272 1853 1316 1904 est
1337 1849 1485 1922 proportio
1507 1849 1594 1907 unius

180 1941 184 1951 '
250 1933 346 1992 diurni
367 1936 457 1995 medii
480 1934 518 1995 ad
540 1936 658 2013 junctos
679 1934 790 1995 medios
821 1952 922 1994 omnes
949 1937 1023 1995 inter
1052 1951 1084 1993 se
1111 1933 1266 2008 aequales,
1297 1942 1369 2008 quot
1390 1941 1458 1993 sunt
1480 1937 1510 1993 in
1532 1942 1594 1995 toto

250 2023 382 2097 circuitu,
405 2040 481 2099 quae
497 2028 543 2082 est
556 2022 644 2083 medii
660 2021 754 2083 diurni
770 2021 807 2081 ad
819 2022 1038 2113 junctoqveros
1054 2038 1154 2082 omnes
1168 2037 1252 2079 meus
1275 2023 1450 2080 eccenur'cos
1472 2022 1595 2082 totidem

250 2125 396 2184 numero,¹
415 2109 469 2169 sed
492 2112 566 2170 inter
587 2127 619 2170 se
640 2108 825 2185 inaequalem
856 2105 892 2189 8)
921 2111 1070 2186 proportio
1101 2110 1303 2184 apparentium
1326 2125 1360 2168 cr
1383 2106 1453 2168 Sole
1474 2126 1594 2170 ucuum

250 2195 420 2256 diurnorum
442 2199 528 2258 unius
549 2199 701 2258 eccentrici
724 2198 795 2256 satis
817 2197 948 2274 praecise
971 2195 1061 2273 dupla
1082 2212 1185 2255 eversa
1208 2202 1253 2255 est
1265 2197 1459 2271 proportionis
1475 2211 1594 2257 suorum

251 2283 472 2344 intervallorum
494 2302 513 2345 a
535 2284 604 2346 Sole
636 2281 677 2367 (si
701 2286 851 2344 eccentrioi
874 2300 958 2343 arcus
986 2301 1043 2344 non
1073 2284 1171 2359 magni
1200 2289 1281 2355 aunt,
1312 2284 1508 2343 eccentricitas
1536 2302 1594 2343 non

252 2370 339 2431 valde
367 2367 522 2452 magna)“.
576 2371 633 2431 His
662 2371 858 2431 fundamentis
887 2369 1001 2432 accedit
1030 2387 1121 2446 nuper
1151 2371 1318 2429 inventurn:
1352 2365 1387 2450 9)
1418 2374 1594 2448 „proportio

177 2495 186 2521 s
251 2475 328 2533 quae
351 2467 397 2518 est
418 2462 492 2519 inter
514 2460 647 2518 binorum
669 2458 851 2535 planetarum
876 2464 1007 2535 tempora
1020 2456 1177 2539 periodica,
1202 2464 1246 2516 est
1259 2459 1390 2533 praecise
1405 2460 1596 2534 sesquialtera

250 2548 446 2623 proportionis
469 2546 628 2606 mediarum
651 2544 861 2623 distantiarum,
885 2545 915 2605 id
938 2552 982 2605 est
1004 2546 1116 2605 orbium
1139 2546 1298 2621 ipsorum“.
1534 2559 1536 2561 ·

364 2632 419 2693 His
447 2632 561 2710 legibus
591 2641 830 2710 superstruuutur
863 2632 919 2693 bae
951 2632 1084 2710 regulae:
1120 2627 1164 2713 1)
1187 2630 1424 2708 multiplicandus
1454 2632 1594 2709 cujusque

250 2718 388 2796 planctae
416 2738 501 2781 arcus
528 2738 616 2781 verus
649 2720 767 2779 diurnus
796 2723 825 2778 in
855 2722 901 2778 sui
933 2721 1012 2780 orbis
1047 2720 1307 2792 semidiametrum,
1342 2717 1410 2777 binc
1440 2719 1596 2796 prodibunt

250 2808 362 2867 numeri
385 2807 481 2867 idonei
503 2807 541 2867 ad
564 2802 784 2884 anquirendum,
814 2825 883 2866 num
904 2808 1008 2867 itinera
1035 2807 1144 2866 iaciant
1165 2807 1374 2883 ,proportiones
1401 2806 1593 2869 harmonicas.

250 2890 504 2974 2)1nvestigarto
534 2890 733 2956 beliocentriei
762 2903 858 2954 motus
886 2911 937 2971 per
965 2912 1066 2954 verum
1094 2902 1203 2954 motum
1233 2902 1263 2953 et
1285 2894 1451 2953 distantiam
1475 2913 1494 2955 a
1515 2895 1594 2956 Sole.

250 2977 288 3060 3)
311 2980 503 3058 Investigatio
533 2982 736 3042 distantiarum
767 3001 785 3041 a
817 2981 885 3041 Sole
924 2999 975 3057 per
1007 2981 1227 3042 bellocentricos
1266 2980 1451 3055 quotidianos
1487 2992 1592 3045 motus.

249 3067 355 3129 Sumto
378 3069 476 3129 medio
498 3070 708 3147 proportionali
731 3072 803 3128 inter
826 3075 937 3127 motum
959 3069 1107 3145 aphelium
1130 3070 1178 3128 vel
1197 3067 1367 3145 peribelium
1382 3076 1412 3129 et
1425 3087 1509 3129 suum
1531 3089 1594 3131 me·

249 3154 346 3230 dium,
375 3155 408 3215 fit
435 3164 468 3214 ut
495 3156 552 3215 boc
579 3157 707 3217 medium
729 3155 943 3233 proportionale
966 3155 1003 3215 ad
1025 3155 1270 3217 semidiametrum
1293 3156 1386 3229 orbis,
1417 3159 1460 3216 aie
1482 3157 1595 3218 medius

248 3253 347 3302 motus
376 3243 415 3302 ad
443 3243 611 3304 distantiam
639 3247 811 3321 quaesitam.
856 3239 892 3325 t)
921 3242 1037 3302 Medius
1058 3252 1155 3303 motus
1175 3244 1310 3321 plarretee
1332 3250 1377 3304 est
1399 3249 1480 3303 tanto
1502 3247 1596 3305 minor

249 3333 427 3405 geometrico
450 3330 547 3391 medio
569 3333 643 3391 inter
663 3339 760 3392 motus
783 3338 942 3402 extremos,
973 3338 1082 3408 quanto
1112 3330 1238 3391 medium
1266 3333 1473 3406 geometricum
1501 3335 1596 3393 minus

251 3426 297 3476 est
327 3436 417 3494 quam
445 3417 572 3478 medium
602 3420 675 3478 iuter
705 3424 867 3493 utrumque.
914 3413 950 3498 5)
980 3416 1231 3493 Quemadmodum
1258 3419 1406 3494 proportio
1435 3420 1595 3479 mediorum

248 3513 383 3564 motuum
406 3508 435 3564 in
458 3507 535 3566 binis
558 3505 683 3583 planetis
704 3513 749 3566 est
770 3502 962 3580 sesquialtera
984 3523 1086 3565 eversa
1108 3507 1301 3584 proportionis
1325 3505 1446 3579 orbium,
1470 3508 1512 3567 sic
1525 3524 1596 3586 pro·

247 3594 345 3669 portio
368 3591 492 3652 duomm
514 3596 715 3670 apparentium
738 3594 975 3668 consurgentium
998 3604 1190 3653 extremorum
1211 3600 1342 3653 motuum
1364 3610 1479 3670 semper
1500 3594 1598 3655 deficit

247 3698 268 3738 a
288 3680 485 3756 sesquialtera
505 3684 691 3757 proportione
713 3678 941 3753 intervallorum,
966 3678 1025 3738 illis
1048 3683 1182 3741 extremis
1204 3680 1330 3740 motibus
1352 3681 1596 3757 respondentium.

353 3766 457 3844 Capite
480 3778 583 3843 quarto
605 3772 729 3845 primum
751 3765 981 3841 demonstratur,
1014 3770 1087 3827 inter
1109 3768 1271 3844 periodicas
1294 3785 1394 3828 cursus
1417 3770 1596 3846 singulorum

244 3852 429 3930 planetarum
451 3872 511 3914 non
533 3872 596 3916 esse
617 3855 800 3916 harmonicas
821 3856 957 3927 rationes,
982 3871 1035 3914 nee
1056 3858 1150 3932 magis
1172 3857 1246 3915 inter
1268 3871 1391 3931 corpora
1413 3854 1596 3932 planetarum

246 3943 390 4018 ipsorum,
425 3959 501 4018 quac
529 3940 672 4019 Keplerus
700 3942 854 4019 periodicis
882 3941 1011 4001 motibus
1043 3942 1272 4019 proportionalia
1301 3939 1392 4018 ponit.
1442 3943 1500 4013 Sed
1530 3963 1596 4005 cum

247 4044 387 4088 cunnum
421 4036 553 4106 tempora
579 4030 782 4107 inaequalibus
812 4030 953 4102 motibus,
988 4030 1075 4088 modo
1104 4030 1209 4104 tardis,
1242 4028 1330 4089 modo
1358 4028 1475 4106 mediis,
1508 4032 1595 4092 modo

246 4114 391 4176 celeribus
423 4119 562 4191 existant,
594 4125 623 4177 et
651 4118 681 4176 bi
710 4115 943 4194 proportionales
971 4119 1029 4175 sint
1051 4118 1176 4178 arcubus
1198 4116 1432 4193 quotidianorum
1455 4129 1595 4194 motuum,
1687 4131 1689 4134 ’

247 4220 315 4263 cum
330 4220 400 4263 vero
415 4202 446 4263 bi
461 4204 500 4264 ad
515 4203 668 4265 distantias
683 4206 851 4280 dirigantur,
875 4202 932 4263 bae
947 4204 1135 4280 inquirendae
1150 4213 1226 4278 sunt,
1250 4221 1408 4280 carumque
1424 4210 1594 4281 praesertim

247 4291 395 4351 murae
417 4299 447 4351 et
469 4293 605 4353 minimae
628 4290 793 4352 distantiae.
829 4290 895 4351 Hoc
916 4293 980 4368 pari
1003 4291 1090 4351 modo
1112 4291 1145 4350 fit
1166 4308 1224 4368 quo
1247 4294 1276 4349 in
1299 4290 1459 4353 Prodromo
1482 4293 1596 4366 (1.rec);

248 4395 429 4454 quamquam
442 4380 564 4451 numeri,
586 4380 741 4439 multorum
764 4395 904 4438 annorum
919 4377 1023 4438 studiis
1040 4381 1122 4453 eruti,
1146 4378 1256 4438 abillis
1279 4377 1453 4455 discrepant.
1482 4378 1597 4455 Quibus

247 4466 396 4541 inquisitis
426 4465 602 4541 ostenditur,
632 4467 830 4527 harmonicam
864 4465 982 4541 quidem
1009 4468 1151 4527 rationem
1180 4467 1303 4525 inveniri
1331 4484 1390 4527 nou
1412 4485 1498 4545 posse
1521 4467 1596 4526 inter

247 4554 405 4612 maximam
428 4559 457 4612 et
478 4556 627 4614 minimam
649 4554 815 4631 distantiam
838 4555 925 4620 unius
947 4553 1134 4629 ejusdemque
1156 4553 1307 4630 planetae,
1338 4554 1389 4615 sed
1423 4556 1596 4630 comparatis

247 4638 430 4700 diverrerum
458 4640 640 4717 planetarum
667 4641 813 4701 distantiis
841 4639 929 4697 talem
957 4643 1098 4700 rationem
1128 4640 1238 4701 intendi
1260 4641 1361 4702 videri.
1406 4641 1493 4701 Ratio
1517 4623 1596 4701 enim
1662 4636 1665 4643 ’

247 4726 358 4804 apbelii
375 4727 499 4796 ,Saturni
520 4727 558 4788 ad
580 4728 666 4789 Jovis
688 4726 860 4806 peribelium
889 4726 947 4785 lere
971 4728 1102 4803 aequalis
1126 4735 1171 4788 est
1192 4729 1298 4788 rationi
1322 4731 1396 4787 dri
1423 4724 1595 4809 (octavae);

247 4812 367 4875 Saturni
389 4814 561 4891 peribelium
577 4816 614 4876 ad
628 4815 715 4876 Jovis
738 4813 886 4892 aphellum
900 4837 944 4867 =
961 4816 979 4873 5
996 4833 1003 4872 :
1021 4818 1038 4873 3
1063 4810 1205 4895 (medium
1227 4817 1302 4885 inter
1324 4823 1436 4875 sertam
1456 4815 1596 4892 majorem

248 4898 466 4984 etmiuorem);
489 4901 574 4962 Jovis
597 4902 744 4980 aphelium
767 4902 805 4962 ad
828 4900 932 4960 Martis
953 4902 1126 4980 peribelium
1150 4928 1187 4955 =
1214 4905 1257 4962 4:
1278 4908 1291 4963 1
1315 4898 1438 4983 (duplet
1455 4901 1594 4987 octavs)3

247 4986 335 5047 Jovis
356 4988 531 5065 peribelium
552 4989 589 5050 ad
612 4991 716 5050 Martis
737 4989 885 5067 apbclium
909 5013 947 5056 ,ε
974 4991 1125 5050 3:1etc.
1160 4990 1241 5065 ,Etsi
1263 5006 1321 5048 non
1344 4987 1430 5065 plane
1452 4990 1596 5065 quadrant

247 5075 304 5135 hae
327 5078 455 5136 rabones
478 5094 544 5136 cum
565 5079 699 5151 numeris,
725 5078 777 5135 tuit
800 5085 895 5136 tamen
918 5075 967 5136 bic
989 5094 1140 5138 successus
1164 5079 1384 5136 invitamentum
1415 5077 1453 5136 ad
1475 5094 1595 5156 progre-

249 5162 388 5223 diendum
418 5163 571 5228 ulterius“.
622 5166 695 5225 Cum
728 5164 896 5225 barmoniae
931 5163 1071 5224 affinitate
1104 5166 1223 5242 propius
1254 5164 1394 5225 accedant
1427 5163 1467 5224 ad
1500 5172 1594 5223 motus

249 5268 337 5326 quam
359 5249 398 5312 ad
419 5259 513 5314 rectas
535 5251 642 5327 lineas,
675 5251 776 5329 quales
800 5250 954 5310 dstantiae
977 5251 1123 5327 putandae
1146 5258 1228 5325 sunt,
1260 5268 1325 5310 curn
1349 5250 1505 5312 distantiae
1527 5252 1595 5313 illae

248 5354 305 5396 non
329 5355 366 5397 ex
389 5339 491 5399 orbitis
513 5339 565 5398 sed
586 5357 623 5400 cx
644 5340 770 5399 motibus
800 5340 1001 5412 aestimentur,
1033 5346 1224 5400 extremorum
1256 5344 1387 5398 motuum
1418 5342 1595 5416 comparatio

248 5422 509 5502 repetendaerai3
539 5434 628 5487 atne
651 5429 681 5485 in
702 5426 758 5487 hec
781 5424 898 5503 quidem
928 5428 1099 5486 cernebatur
1125 5425 1285 5485 harmonia.
1331 5425 1477 5503 Keplerus
1499 5429 1596 5503 igitur,

249 5529 315 5574 eum
336 5530 392 5573 uos
413 5514 444 5571 in
468 5513 554 5574 rebus
578 5514 758 5574 terrestribus
780 5514 997 5573 harmoniarum
1018 5520 1069 5572 eut
1091 5511 1192 5571 auditu
1214 5520 1267 5572 eut
1281 5515 1347 5573 nau
1370 5517 1501 5575 conscios
1523 5514 1594 5589 fieri,

249 5599 353 5662 deinde
376 5601 406 5660 in
429 5600 604 5662 coelestibus
626 5602 752 5662 motibus
775 5601 878 5685 deesse
900 5618 1005 5660 sonum
1026 5601 1227 5675 cognovisset,
1250 5618 1285 5661 eo
1308 5600 1450 5662 deductus
1472 5609 1531 5677 est,
1563 5610 1596 5661 ut

249 5689 303 5749 ribi
332 5688 538 5767 persuaderet,
567 5705 685 5751 sensum
712 5691 793 5750 visus
821 5691 917 5749 inesse
946 5688 1031 5764 quasi
1058 5690 1147 5747 etiam
1176 5686 1274 5755 muudi
1305 5691 1473 5767 corporibus
1502 5707 1595 5767 eoque
