3684 7259
278 1268 340 1329 ng
475 1320 477 1323 ,
669 1251 672 1256 ’
719 1258 761 1311 De
779 1251 941 1327 bigastrum
958 1249 1182 1328 Hermonioarmp

363 1418 410 1495 uti
433 1439 504 1493 euim
528 1436 616 1504 ligura
642 1433 697 1488 illic
720 1435 791 1503 parti
810 1450 890 1502 quam
916 1435 978 1503 toti,
1008 1436 1052 1490 hic
1070 1436 1168 1504 planae
1190 1450 1271 1504 quam
1290 1433 1391 1489 solidae
1410 1433 1534 1503 similior,
1562 1450 1623 1490 cum

278 1520 364 1576 omnis
384 1517 471 1573 solida
493 1515 527 1571 ad
545 1514 682 1567 minimum
700 1515 717 1568 l
736 1514 931 1583 superficiebus
948 1515 1116 1568 terminetur.
1152 1514 1189 1568 Ut
1207 1515 1235 1567 iu
1252 1513 1324 1583 typis
1347 1530 1381 1567 ex
1399 1528 1462 1568 aere
1488 1512 1623 1579 sequeuti-

275 1598 328 1653 bus
346 1597 380 1652 ad
397 1594 540 1662 literasA,
559 1593 591 1663 B,
610 1591 656 1647 ubi
673 1590 760 1659 major
776 1591 864 1661 figura
882 1599 924 1649 est
941 1593 1121 1685 heptagonus.
1157 1592 1265 1647 Classes
1292 1592 1361 1647 istae
1380 1593 1449 1648 duae
1474 1609 1534 1647 cnm
1552 1592 1624 1660 ipso-

275 1693 335 1732 rum
357 1675 466 1743 majoris
489 1673 592 1742 figurae
615 1672 731 1726 laterum
755 1687 866 1728 numero
891 1682 1037 1728 excurrunt
1061 1674 1088 1726 in
1113 1671 1260 1741 infinitum,
1286 1672 1362 1726 initio
1387 1671 1460 1726 facto
1484 1670 1624 1737 atrigono

207 1803 213 1813 .
274 1753 409 1821 utrinque,
428 1752 500 1821 quod
518 1750 690 1819 inclasseA,
710 1755 753 1805 est
771 1765 804 1803 ex
817 1750 1021 1820 perfectissimis
1035 1752 1204 1820 regularibus
1217 1751 1413 1845 congruentiis,
1431 1751 1547 1806 transitu
1561 1766 1624 1804 vero

274 1835 347 1892 fecto
369 1850 418 1903 per
441 1840 612 1899 tetragonum
635 1837 663 1886 et
686 1837 751 1885 tuuc
772 1832 801 1885 in
818 1831 906 1886 classe
924 1835 963 1901 B
976 1830 1122 1887 incidimus
1141 1831 1264 1886 iterum
1255 1848 1283 1886 ιιι
1302 1848 1383 1887 unam
1401 1828 1625 1899 perfectissimam

274 1913 426 1983 regularem
444 1912 662 1981 congruentiam,
683 1918 790 1966 ceterae
808 1927 901 1965 omnes
919 1908 1094 1981 imperfectae
1112 1916 1183 1964 sunt.

272 2051 275 2057 .
338 2004 419 2062 ·XI.
443 2004 654 2063 Definitio.
700 2003 875 2063 Semisolida
898 2009 956 2078 est,
986 2001 1061 2080 quae
1092 2020 1149 2062 uon
1179 2006 1304 2064 sustinet
1327 2020 1427 2063 omnes
1451 2003 1626 2065 definitionis

273 2093 395 2169 quintae
416 2091 594 2168 particulam
616 2099 650 2151 ut
672 2108 744 2151 cum
760 2095 868 2169 aptatis
890 2092 991 2169 figuris
1011 2085 1118 2168 planis,
1142 2092 1330 2167 congruentia
1352 2107 1410 2149 uou
1432 2090 1520 2169 plane
1542 2093 1572 2150 iu
1595 2112 1626 2154 se

275 2181 368 2260 ipsam
391 2178 474 2252 redit,
497 2178 549 2238 sed
571 2179 709 2255 relinquit
731 2178 848 2256 hiatus;
877 2178 913 2239 de
936 2186 1032 2239 cetero
1061 2181 1169 2239 tuearIs
1201 2181 1379 2256 praescripta
1402 2178 1456 2238 del.
1483 2181 1500 2237 6
1524 2186 1554 2238 et
1577 2183 1604 2239 t.

277 2277 279 2285 '
362 2265 434 2325 XII.
458 2264 663 2349 Definitio.
708 2266 834 2343 Figurae
856 2268 963 2345 planae
979 2261 1131 2343 congruae'
1147 2274 1222 2338 suut,
1247 2284 1322 2342 quae
1345 2264 1394 2325 vel
1410 2265 1536 2326 solidam
1550 2267 1627 2344 figu-

274 2373 337 2415 ram
360 2353 550 2425 eoncluduut‚
575 2354 621 2413 vel
645 2354 793 2432 planitiem
816 2359 879 2415 sine
901 2355 983 2413 hiatu
1007 2355 1140 2432 explent,
1164 2356 1321 2415 existentes
1344 2357 1425 2433 ipsae
1447 2355 1557 2432 figurae
1579 2375 1627 2417 re-

274 2444 391 2521 gulares
414 2439 462 2500 vel
484 2441 711 2517 semiregulares.

361 2546 450 2605 XIII.
473 2547 677 2610 Definitio.
721 2548 904 2624 Incongruae
920 2546 1053 2605 dicautur
1067 2546 1138 2606 illae
1152 2545 1263 2624 figurae
1278 2548 1383 2626 planae
1399 2552 1548 2629 regulares
1570 2557 1627 2615 cir-

274 2634 399 2714 culoque
430 2636 585 2713 inscriptae
615 2632 771 2714 (siquidem
799 2642 867 2694 sunt
889 2629 1088 2713 iuscriptiles),
1121 2651 1196 2710 quae
1227 2654 1321 2712 neque
1350 2637 1474 2700 solidam
1505 2642 1627 2718 liguram

178 2734 183 2738 ’
274 2722 426 2802 sphaerico
449 2721 637 2825 ipscriptilem
660 2741 758 2782 secum
783 2725 872 2799 ipsae,
896 2728 949 2780 aut
973 2739 1038 2780 cum
1062 2721 1128 2779 aliis
1151 2740 1222 2783 suae
1245 2723 1292 2783 vel
1315 2724 1435 2802 alterius
1459 2727 1560 2789 classis
1583 2733 1628 2791 el-

273 2810 413 2883 formaut‚
444 2811 501 2868 nisi
531 2810 728 2887 imperfectam
758 2817 884 2885 tantum,
916 2826 1012 2884 neque
1034 2807 1154 2887 planum
1176 2818 1307 2870 sternunt
1330 2813 1406 2873 rel
1398 2833 1480 2892 ipsae
1500 2818 1574 2876 inter
1596 2838 1628 2879 se

275 2898 419 2975 singulae,
442 2895 490 2956 vel
514 2914 579 2957 cum
601 2897 695 2958 stellis
717 2915 788 2958 suae
812 2897 922 2971 classis,
949 2895 994 2957 vel
1010 2913 1075 2968 cum
1097 2893 1197 2994 figuris
1220 2906 1249 2958 et
1271 2898 1363 2959 stellis
1386 2902 1487 2963 classis
1508 2902 1628 2968 alteuus

274 2985 466 3047 circumcirca.

333 3067 414 3122 Ubi
426 3072 499 3135 abta,
519 3066 630 3137 excludi
646 3066 837 3136 septangulum
855 3074 883 3121 et
899 3032 975 3135 talia,
994 3081 1049 3120 non
1067 3066 1206 3137 obstante,
1231 3070 1303 3139 quod
1322 3072 1386 3127 bina
1404 3072 1537 3163 parallela
1555 3083 1628 3146 sept.

274 3147 375 3217 angula
397 3145 440 3200 rel
459 3149 476 3200 7
495 3146 648 3214 quadratis,
671 3145 712 3201 rel
736 3146 769 3200 14
793 3145 935 3215 triangulis
966 3144 1061 3213 adJ'uta
1085 3147 1255 3215 regularibus
1278 3151 1395 3206 solidum
1424 3152 1531 3207 omniuo
1557 3154 1629 3210 elau

276 3227 356 3295 duut3
376 3225 439 3294 quia
456 3231 562 3278 tautum
579 3224 644 3279 biua
661 3220 824 3293 septangula
841 3233 1016 3293 concurrunt,
1039 3226 1125 3293 fitque
1142 3227 1231 3297 figura
1249 3228 1411 3288 disciformis
1434 3239 1462 3286 et
1479 3231 1617 3301 planae
1596 3250 1629 3287 ιι-

274 3306 360 3375 milis,
386 3318 560 3381 nequaquam
590 3320 653 3358 vero
677 3303 857 3374 globiformis,
889 3304 1073 3372 sphaeroides.
1115 3307 1220 3361 Vide
1211 3326 1239 3363 ιιι
1265 3308 1363 3378 figura
1379 3309 1426 3365 fol
1455 3325 1511 3379 aeq
1536 3308 1630 3364 literas
1674 3370 1683 3378 J

262 3385 309 3453 A,
328 3386 358 3442 Β
396 3387 440 3443 Sic
459 3389 541 3442 ettam
554 3382 708 3437 excluditur
720 3375 974 3475 quindecangulum,
994 3400 1047 3437 non
1061 3383 1195 3455 obstante,
1214 3387 1285 3457 quod
1299 3388 1434 3460 aliquibus
1448 3388 1554 3457 angulis
1569 3406 1630 3444 cum

275 3460 369 3533 figuris
388 3467 510 3535 cognatis
530 3462 644 3519 locum
637 3479 665 3516 ιιι
683 3461 765 3529 plano
779 3461 884 3530 ex'plet3
905 3462 968 3529 qrria
980 3462 1032 3517 hoc
1045 3478 1099 3517 uon
1111 3461 1213 3517 fecit
1189 3465 1364 3521 circumcirca
1376 3466 1499 3521 omuibus
1512 3466 1628 3536 angulis

282 3599 284 3604 -
362 3559 449 3621 XIV
473 3556 705 3634 Propositio
752 3555 934 3631 Augulorum
956 3555 1108 3633 planorum
1137 3573 1195 3617 non
1218 3560 1371 3635 pauciores
1394 3576 1482 3636 quam
1505 3561 1577 3620 terni
1600 3562 1630 3617 in

275 3641 364 3734 plane
387 3664 462 3724 cong
463 3651 558 3705 ruunt.

361 3730 431 3785 Nam
449 3730 520 3784 circa
538 3724 680 3796 quodlibet
697 3740 845 3799 concursus
857 3732 988 3794 punctum
1001 3730 1044 3778 est
1063 3740 1167 3779 summa
1179 3735 1296 3797 quatuor
1307 3732 1444 3784 rectorum
1456 3728 1630 3799 angulorum:

275 3818 304 3867 at
321 3809 422 3866 nullius
440 3808 543 3877 figurae
562 3803 677 3872 angulus
696 3810 795 3875 aequat
813 3818 945 3858 summam
963 3802 1078 3859 duorum
1097 3812 1240 3876 rectorum,
1261 3806 1343 3874 igitur
1360 3806 1414 3861 duo
1428 3809 1631 3878 quanticunque

275 3886 367 3956 auguli
385 3892 449 3941 suut
466 3885 557 3941 adhuc
575 3886 693 3939 minores
707 3891 825 3954 quatuor
836 3882 932 3937 rectis:
954 3882 1028 3937 duo
1020 3882 1102 3951 igitur
1118 3900 1173 3937 non
1186 3883 1296 3953 explent
1309 3886 1464 3974 planitiem,
1476 3903 1525 3957 per
1538 3888 1591 3942 def.
1607 3893 1630 3943 l.

363 3979 432 4038 XV.
455 3979 684 4057 Propositio.
730 3975 912 4054 Augulorum
944 3972 1095 4052 planorum
1129 3993 1186 4035 uon
1209 3979 1362 4053 pauciores
1385 3969 1473 4056 quam
1495 3982 1569 4039 terni
1593 3980 1631 4041 ad

275 4064 403 4139 solidum
426 4066 566 4143 angulum
589 4066 771 4125 formandum
795 4070 958 4144 congruunt
980 4062 1027 4120 vel
1051 4071 1215 4139 assurgunt

300 4156 306 4174 ⁵
362 4148 424 4204 Bini
446 4149 517 4203 euim
536 4167 590 4204 non
608 4145 739 4204 lateribus
757 4154 877 4214 tautum,
901 4135 950 4198 sed
970 4144 1036 4198 totis
1064 4143 1227 4214 planitiebus
1252 4155 1433 4215 congruerent
1458 4149 1579 4220 nihilque
1598 4151 1632 4205 de

275 4243 388 4298 corpore
407 4228 495 4283 solido
514 4227 773 4297 complecterentur:
791 4224 865 4293 quod
883 4231 925 4277 est
944 4230 1039 4277 contra
1057 4223 1110 4279 def.
1130 4226 1220 4296 anguli
1239 4225 1317 4281 solidi
1336 4228 1410 4297 apud
1428 4227 1580 4282 Euclidem.

302 4362 328 4375 ,·
364 4320 450 4380 XVI.
474 4320 713 4398 Propositio.
761 4316 942 4394 Angulorum
973 4316 1001 4372 lu
1031 4316 1118 4395 plano
1142 4321 1361 4395 congruentium
1384 4338 1498 4380 summa
1519 4339 1633 4400 semper

277 4415 322 4470 est
344 4410 364 4466 4
386 4417 538 4482 rectorum,
561 4425 712 4483 uunquam
733 4406 841 4481 major:
866 4407 1086 4479 congruentium
1102 4407 1132 4463 ln
1148 4407 1242 4466 solido
1266 4415 1311 4467 est
1329 4408 1493 4468 minerbae
1508 4427 1631 4482 summa.

362 4493 394 4547 Iu
412 4492 494 4561 plano
513 4508 611 4546 n..non
630 4491 722 4559 plures
741 4491 758 4543 4
775 4488 961 4543 rectis-uuum
979 4495 1110 4554 punctum
1129 4488 1316 4544 circumstant:
1337 4506 1402 4560 ergo
1421 4491 1635 4560 cum'aequatur

276 4581 381 4626 summa
404 4572 590 4638 erectorum,
617 4577 682 4623 tunc
706 4569 798 4623 hiatus
824 4567 914 4621 nullus
934 4564 1108 4635 relinquitur,
1132 4569 1159 4621 ei
1179 4583 1227 4636 per
1248 4567 1302 4622 def.
1323 4572 1345 4624 l.
1366 4571 1543 4638 congruentia
1567 4576 1633 4624 tunc

276 4652 319 4704 est
334 4648 364 4703 in
381 4647 473 4719 plano.
510 4649 539 4704 Si
557 4647 669 4717 planum
688 4653 813 4701 sternunt
832 4643 932 4715 anguli,
952 4643 986 4699 ud
1004 4646 1169 4702 soliditatem
1187 4662 1241 4701 non
1260 4654 1414 4716 assurgunt.
1450 4648 1488 4703 Et
1506 4648 1632 4722 vicissim,

277 4724 412 4799 slauguli
431 4728 518 4797 aptati
536 4728 564 4781 in
582 4726 664 4795 plano
683 4725 842 4793 relinquunt
860 4726 979 4800 hiatum,
1006 4728 1115 4800 quaudo
1134 4743 1171 4780 sc.
1197 4734 1261 4781 sunt
1278 4727 1395 4782 minores
1416 4727 1433 4780 l
1451 4725 1544 4792 rectis,
1567 4733 1634 4781 tuuc

277 4800 403 4867 adductis
422 4806 529 4861 duobu's
548 4804 677 4860 lateribus
696 4804 767 4858 circa
784 4804 889 4857 hiatum
908 4807 941 4861 et'
955 4809 1066 4871 excluso
1085 4807 1162 4862 hiatu
1189 4821 1300 4860 necesse
1323 4814 1366 4860 est
1388 4821 1531 4876 assurgere
1550 4822 1634 4876 angu-

277 4884 334 4939 lum
352 4892 379 4940 et
398 4882 517 4939 solidari.
554 4886 586 4940 In
605 4883 692 4952 figura
710 4884 736 4938 H
754 4884 811 4952 typi
830 4886 907 4939 aenei
927 4885 973 4943 fol.
993 4902 1050 4956 seq.
1075 4892 1138 4940 sunt
1155 4882 1221 4953 picti
1245 4892 1300 4939 tres
1327 4886 1474 4954 pentagoni
1496 4884 1524 4940 iu
1548 4884 1634 4958 plaui-

279 4963 345 5019 uem
364 4962 441 5017 strati
460 4969 488 5018 et
505 4963 621 5018 hiantes.

276 5106 278 5108 ,
364 5054 466 5114 XVII.
490 5056 728 5132 Propositio
773 5056 882 5133 Figura
897 5059 1101 5136 impariletera‚
1118 5059 1201 5133 cujus
1218 5065 1368 5136 aptantur
1363 5056 1509 5117 lateribus
1523 5056 1634 5133 figurae

278 5143 401 5204 duarum
421 5146 593 5223 specierum,
616 5159 675 5202 nou
697 5149 794 5222 potest
808 5146 927 5222 aequali
942 5149 1035 5206 forma
1051 5147 1185 5206 omnibus
1207 5141 1323 5223 aug’ulis
1347 5162 1516 5205 concurrere
1539 5144 1612 5205 vel
1605 5162 1633 5203 ru

278 5230 469 5369 plauoNppl
452 5229 627 5370 ιιῖἰιὸιοξιίιίιὶιῗ
619 5312 704 5383 ipsius
723 5314 893 5383 angulorum,
911 5321 943 5369 ut
955 5315 1078 5384 ejusdem
1090 5314 1189 5383 speciei
1182 5315 1305 5385 'figuram
1320 5315 1447 5386 utrinque
1460 5321 1541 5384 stent,
1561 5314 1634 5385 quod

200 5431 208 5451 .
278 5394 306 5450 iu
324 5394 421 5451 ceteris
440 5392 547 5462 angulis
565 5410 620 5447 non
638 5393 676 5448 fit.
713 5393 802 5462 Hujus
816 5395 855 5448 rei
874 5410 957 5450 causa
975 5393 1035 5450 vide
1052 5394 1167 5462 liguram
1185 5397 1205 5451 C
1223 5396 1279 5465 typi
1298 5395 1375 5451 aenei
1393 5410 1450 5464 seq.

295 5521 297 5526 -
366 5486 484 5545 XVIII.
508 5486 742 5563 Propositio.
788 5485 1481 5565 Planumlocumperiectissimaexplentplaua
1503 5467 1635 5563 ejusdem

280 5573 391 5653 figurae
413 5581 527 5634 tantum
551 5576 619 5633 tria:
643 5576 748 5650 trigoni
773 5575 844 5647 seui,
869 5578 1014 5650 tetragoni
1036 5577 1176 5650 quaterni,
1201 5574 1348 5650 hexagoni
1371 5577 1455 5635 terni.

365 5658 436 5713 Nam
453 5657 541 5726 perl.
561 5658 602 5711 33.
620 5656 702 5723 hujus
726 5654 825 5723 trigoni
843 5653 958 5723 angulus
977 5661 1020 5710 est
1037 5655 1053 5726 2
1072 5656 1151 5711 unlus
1163 5658 1238 5726 recti,
1262 5673 1312 5713 sex
1324 5672 1397 5726 ergo
1403 5659 1494 5727 auguli
1507 5646 1633 5714 senorum

278 5737 453 5809 trigonorum
465 5736 594 5806 aautlff,
612 5733 640 5791 id
658 5741 702 5792 est
719 5735 736 5788 l
753 5734 860 5805 integri
888 5734 1012 5792 Videl).
1107 5733 1111 5742 '
