<?xml version="1.0" encoding="UTF-8"?>
<!DOCTYPE html PUBLIC "-//W3C//DTD XHTML 1.0 Transitional//EN"
    "http://www.w3.org/TR/xhtml1/DTD/xhtml1-transitional.dtd">
<html xmlns="http://www.w3.org/1999/xhtml" xml:lang="en" lang="en">
 <head>
  <title>
</title>
<meta http-equiv="Content-Type" content="text/html;charset=utf-8" />
  <meta name='ocr-system' content='tesseract 3.04.00' />
  <meta name='ocr-capabilities' content='ocr_page ocr_carea ocr_par ocr_line ocrx_word'/>
</head>
<body>
  <div class='ocr_page' id='page_1' title='image "./joanniskepleria09frisgoog_0247.png"; bbox 0 0 3684 7259; ppageno 0'>
   <div class='ocr_carea' id='block_1_1' title="bbox 742 1171 1572 1265">
    <p class='ocr_par' dir='ltr' id='par_1_1' title="bbox 742 1171 1572 1265">
     <span class='ocr_line' id='line_1_1' title="bbox 742 1171 1572 1265; baseline 0 -19"><span class='ocrx_word' id='word_1_1' title='bbox 742 1191 825 1248; x_wconf 83' lang='lat' dir='ltr'>Liber</span> <span class='ocrx_word' id='word_1_2' title='bbox 841 1190 888 1250; x_wconf 77' lang='lat' dir='ltr'>lv.</span> <span class='ocrx_word' id='word_1_3' title='bbox 907 1195 995 1265; x_wconf 82' lang='lat' dir='ltr'>Capul</span> <span class='ocrx_word' id='word_1_4' title='bbox 1011 1193 1058 1250; x_wconf 81' lang='lat' dir='ltr'>IV.</span> <span class='ocrx_word' id='word_1_5' title='bbox 1349 1225 1352 1230; x_wconf 61' lang='lat'>&gt;</span> <span class='ocrx_word' id='word_1_6' title='bbox 1458 1251 1460 1262; x_wconf 31' lang='grc' dir='ltr'>ι</span> <span class='ocrx_word' id='word_1_7' title='bbox 1509 1171 1572 1249; x_wconf 60' lang='lat'>23⁸</span> 
     </span>
    </p>
   </div>
   <div class='ocr_carea' id='block_1_2' title="bbox 223 1362 1582 3020">
    <p class='ocr_par' dir='ltr' id='par_1_2' title="bbox 223 1362 1574 1886">
     <span class='ocr_line' id='line_1_2' title="bbox 224 1362 1574 1450; baseline -0.001 -27"><span class='ocrx_word' id='word_1_8' title='bbox 224 1365 259 1424; x_wconf 91' lang='lat' dir='ltr'>de</span> <span class='ocrx_word' id='word_1_9' title='bbox 283 1382 328 1438; x_wconf 91' lang='lat' dir='ltr'>eo,</span> <span class='ocrx_word' id='word_1_10' title='bbox 352 1365 512 1443; x_wconf 78' lang='lat' dir='ltr'>quodiam</span> <span class='ocrx_word' id='word_1_11' title='bbox 534 1370 755 1448; x_wconf 86' lang='lat' dir='ltr'>praemisimus,</span> <span class='ocrx_word' id='word_1_12' title='bbox 781 1388 813 1431; x_wconf 91' lang='lat' dir='ltr'>se</span> <span class='ocrx_word' id='word_1_13' title='bbox 836 1370 948 1432; x_wconf 87' lang='lat' dir='ltr'>scilieet</span> <span class='ocrx_word' id='word_1_14' title='bbox 970 1385 1028 1432; x_wconf 88' lang='lat' dir='ltr'>non</span> <span class='ocrx_word' id='word_1_15' title='bbox 1051 1370 1307 1430; x_wconf 84' lang='lat' dir='ltr'>minasinstinctu</span> <span class='ocrx_word' id='word_1_16' title='bbox 1331 1362 1460 1450; x_wconf 85' lang='lat' dir='ltr'>quodam</span> <span class='ocrx_word' id='word_1_17' title='bbox 1482 1368 1574 1422; x_wconf 85' lang='lat' dir='ltr'>nats·</span> 
     </span>
     <span class='ocr_line' id='line_1_3' title="bbox 223 1448 1574 1537; baseline 0.001 -27"><span class='ocrx_word' id='word_1_18' title='bbox 223 1452 277 1511; x_wconf 89' lang='lat' dir='ltr'>rali</span> <span class='ocrx_word' id='word_1_19' title='bbox 299 1454 398 1513; x_wconf 86' lang='lat' dir='ltr'>valere</span> <span class='ocrx_word' id='word_1_20' title='bbox 421 1455 458 1512; x_wconf 91' lang='lat' dir='ltr'>ad</span> <span class='ocrx_word' id='word_1_21' title='bbox 480 1458 697 1533; x_wconf 89' lang='lat' dir='ltr'>percipiendum</span> <span class='ocrx_word' id='word_1_22' title='bbox 720 1461 920 1536; x_wconf 73' lang='lat' dir='ltr'>proportiones</span> <span class='ocrx_word' id='word_1_23' title='bbox 944 1460 1116 1537; x_wconf 79' lang='lat' dir='ltr'>angulorum</span> <span class='ocrx_word' id='word_1_24' title='bbox 1140 1458 1336 1526; x_wconf 89' lang='lat' dir='ltr'>harmonicas,</span> <span class='ocrx_word' id='word_1_25' title='bbox 1370 1468 1460 1527; x_wconf 91' lang='lat' dir='ltr'>quam</span> <span class='ocrx_word' id='word_1_26' title='bbox 1481 1448 1574 1527; x_wconf 78' lang='lat' dir='ltr'>pollet</span> 
     </span>
     <span class='ocr_line' id='line_1_4' title="bbox 223 1537 1574 1624; baseline 0 -27"><span class='ocrx_word' id='word_1_27' title='bbox 223 1540 362 1601; x_wconf 75' lang='lat' dir='ltr'><strong>facultate</strong></span> <span class='ocrx_word' id='word_1_28' title='bbox 386 1544 526 1613; x_wconf 87' lang='lat' dir='ltr'>naturali,</span> <span class='ocrx_word' id='word_1_29' title='bbox 558 1544 656 1603; x_wconf 84' lang='lat' dir='ltr'>vitalis</span> <span class='ocrx_word' id='word_1_30' title='bbox 679 1555 796 1605; x_wconf 87' lang='lat' dir='ltr'>nostrae</span> <span class='ocrx_word' id='word_1_31' title='bbox 819 1547 921 1620; x_wconf 88' lang='lat' dir='ltr'>simili,</span> <span class='ocrx_word' id='word_1_32' title='bbox 950 1548 988 1607; x_wconf 88' lang='lat' dir='ltr'>ad</span> <span class='ocrx_word' id='word_1_33' title='bbox 1010 1564 1116 1624; x_wconf 92' lang='lat' dir='ltr'>corpus</span> <span class='ocrx_word' id='word_1_34' title='bbox 1137 1545 1264 1605; x_wconf 74' lang='lat' dir='ltr'>Telluris</span> <span class='ocrx_word' id='word_1_35' title='bbox 1284 1540 1477 1615; x_wconf 85' lang='lat' dir='ltr'>olbclnasque</span> <span class='ocrx_word' id='word_1_36' title='bbox 1499 1537 1574 1597; x_wconf 84' lang='lat' dir='ltr'>suh·</span> 
     </span>
     <span class='ocr_line' id='line_1_5' title="bbox 224 1626 1574 1712; baseline 0 -27"><span class='ocrx_word' id='word_1_37' title='bbox 224 1638 372 1688; x_wconf 88' lang='lat' dir='ltr'>terraneas</span> <span class='ocrx_word' id='word_1_38' title='bbox 395 1632 424 1685; x_wconf 90' lang='lat' dir='ltr'>in</span> <span class='ocrx_word' id='word_1_39' title='bbox 448 1634 593 1689; x_wconf 89' lang='lat' dir='ltr'>montanis</span> <span class='ocrx_word' id='word_1_40' title='bbox 615 1634 701 1691; x_wconf 90' lang='lat' dir='ltr'>certis</span> <span class='ocrx_word' id='word_1_41' title='bbox 723 1632 939 1693; x_wconf 80' lang='lat' dir='ltr'>harmoniarum</span> <span class='ocrx_word' id='word_1_42' title='bbox 969 1636 1147 1712; x_wconf 73' lang='lat' dir='ltr'>temporibus</span> <span class='ocrx_word' id='word_1_43' title='bbox 1170 1628 1384 1692; x_wconf 89' lang='lat' dir='ltr'>calelaciendas</span> <span class='ocrx_word' id='word_1_44' title='bbox 1417 1626 1574 1702; x_wconf 75' lang='lat' dir='ltr'>exagitas·</span> 
     </span>
     <span class='ocr_line' id='line_1_6' title="bbox 224 1713 1574 1798; baseline 0.001 -27"><span class='ocrx_word' id='word_1_45' title='bbox 224 1713 348 1791; x_wconf 72' lang='lat' dir='ltr'>dasqu‘c,</span> <span class='ocrx_word' id='word_1_46' title='bbox 379 1725 409 1775; x_wconf 92' lang='lat' dir='ltr'>nt</span> <span class='ocrx_word' id='word_1_47' title='bbox 434 1718 501 1777; x_wconf 87' lang='lat' dir='ltr'>illae</span> <span class='ocrx_word' id='word_1_48' title='bbox 531 1735 666 1794; x_wconf 78' lang='lat' dir='ltr'>magnam</span> <span class='ocrx_word' id='word_1_49' title='bbox 690 1737 832 1795; x_wconf 84' lang='lat' dir='ltr'>vaporum</span> <span class='ocrx_word' id='word_1_50' title='bbox 854 1722 1085 1798; x_wconf 71' lang='lat' dir='ltr'>nobiliorumque</span> <span class='ocrx_word' id='word_1_51' title='bbox 1116 1722 1231 1798; x_wconf 85' lang='lat' dir='ltr'>copiam</span> <span class='ocrx_word' id='word_1_52' title='bbox 1261 1714 1411 1781; x_wconf 79' lang='lat' dir='ltr'>exhalent,</span> <span class='ocrx_word' id='word_1_53' title='bbox 1444 1730 1479 1772; x_wconf 88' lang='lat' dir='ltr'>ex</span> <span class='ocrx_word' id='word_1_54' title='bbox 1503 1724 1574 1789; x_wconf 70' lang='lat' dir='ltr'>qua,-</span> 
     </span>
     <span class='ocr_line' id='line_1_7' title="bbox 226 1804 1460 1886; baseline 0.003 -27"><span class='ocrx_word' id='word_1_55' title='bbox 226 1821 278 1879; x_wconf 86' lang='lat' dir='ltr'>per</span> <span class='ocrx_word' id='word_1_56' title='bbox 301 1805 520 1880; x_wconf 88' lang='lat' dir='ltr'>antiperiatases</span> <span class='ocrx_word' id='word_1_57' title='bbox 542 1807 656 1881; x_wconf 81' lang='lat' dir='ltr'>trigoris</span> <span class='ocrx_word' id='word_1_58' title='bbox 679 1811 806 1884; x_wconf 78' lang='lat' dir='ltr'>superni,</span> <span class='ocrx_word' id='word_1_59' title='bbox 830 1810 924 1869; x_wconf 86' lang='lat' dir='ltr'>omnis</span> <span class='ocrx_word' id='word_1_60' title='bbox 947 1811 1061 1886; x_wconf 89' lang='lat' dir='ltr'>generis</span> <span class='ocrx_word' id='word_1_61' title='bbox 1084 1817 1213 1868; x_wconf 86' lang='lat' dir='ltr'>metecra</span> <span class='ocrx_word' id='word_1_62' title='bbox 1236 1804 1460 1871; x_wconf 73' lang='lat' dir='ltr'>confomantur.</span> 
     </span>
    </p>

    <p class='ocr_par' dir='ltr' id='par_1_3' title="bbox 224 1886 1575 2228">
     <span class='ocr_line' id='line_1_8' title="bbox 311 1886 1574 1971; baseline -0.002 -23"><span class='ocrx_word' id='word_1_63' title='bbox 311 1891 346 1948; x_wconf 93' lang='lat' dir='ltr'>ln</span> <span class='ocrx_word' id='word_1_64' title='bbox 368 1890 477 1950; x_wconf 76' lang='lat' dir='ltr'>Terrrie</span> <span class='ocrx_word' id='word_1_65' title='bbox 500 1896 575 1951; x_wconf 91' lang='lat' dir='ltr'>enim</span> <span class='ocrx_word' id='word_1_66' title='bbox 599 1910 719 1971; x_wconf 83' lang='lat' dir='ltr'>corpore</span> <span class='ocrx_word' id='word_1_67' title='bbox 741 1895 879 1971; x_wconf 91' lang='lat' dir='ltr'>ponenda</span> <span class='ocrx_word' id='word_1_68' title='bbox 900 1904 945 1956; x_wconf 89' lang='lat' dir='ltr'>est</span> <span class='ocrx_word' id='word_1_69' title='bbox 973 1896 1048 1957; x_wconf 88' lang='lat' dir='ltr'>haec</span> <span class='ocrx_word' id='word_1_70' title='bbox 1069 1898 1182 1967; x_wconf 89' lang='lat' dir='ltr'>anima,</span> <span class='ocrx_word' id='word_1_71' title='bbox 1213 1896 1284 1970; x_wconf 87' lang='lat' dir='ltr'>quia</span> <span class='ocrx_word' id='word_1_72' title='bbox 1306 1907 1360 1949; x_wconf 91' lang='lat' dir='ltr'>nec</span> <span class='ocrx_word' id='word_1_73' title='bbox 1382 1887 1481 1966; x_wconf 77' lang='lat' dir='ltr'>anguli</span> <span class='ocrx_word' id='word_1_74' title='bbox 1504 1886 1574 1946; x_wconf 86' lang='lat' dir='ltr'>har-</span> 
     </span>
     <span class='ocr_line' id='line_1_9' title="bbox 225 1979 1575 2062; baseline 0.001 -27"><span class='ocrx_word' id='word_1_75' title='bbox 225 1979 330 2035; x_wconf 89' lang='lat' dir='ltr'>monici</span> <span class='ocrx_word' id='word_1_76' title='bbox 353 1979 499 2037; x_wconf 90' lang='lat' dir='ltr'>radiorum</span> <span class='ocrx_word' id='word_1_77' title='bbox 532 1983 562 2038; x_wconf 85' lang='lat' dir='ltr'>in</span> <span class='ocrx_word' id='word_1_78' title='bbox 584 1979 645 2039; x_wconf 90' lang='lat' dir='ltr'>ulla</span> <span class='ocrx_word' id='word_1_79' title='bbox 667 1981 727 2040; x_wconf 90' lang='lat' dir='ltr'>alia</span> <span class='ocrx_word' id='word_1_80' title='bbox 747 1991 830 2059; x_wconf 90' lang='lat' dir='ltr'>parte</span> <span class='ocrx_word' id='word_1_81' title='bbox 852 1983 953 2042; x_wconf 92' lang='lat' dir='ltr'>mundi</span> <span class='ocrx_word' id='word_1_82' title='bbox 985 2001 1074 2062; x_wconf 90' lang='lat' dir='ltr'>quam</span> <span class='ocrx_word' id='word_1_83' title='bbox 1095 1986 1125 2041; x_wconf 90' lang='lat' dir='ltr'>in</span> <span class='ocrx_word' id='word_1_84' title='bbox 1149 1982 1239 2044; x_wconf 86' lang='lat' dir='ltr'>Terra</span> <span class='ocrx_word' id='word_1_85' title='bbox 1269 1981 1410 2052; x_wconf 88' lang='lat' dir='ltr'>existunt,</span> <span class='ocrx_word' id='word_1_86' title='bbox 1434 1982 1464 2037; x_wconf 88' lang='lat' dir='ltr'>et</span> <span class='ocrx_word' id='word_1_87' title='bbox 1486 1989 1575 2053; x_wconf 78' lang='lat' dir='ltr'>opera</span> 
     </span>
     <span class='ocr_line' id='line_1_10' title="bbox 224 2063 1572 2148; baseline -0.001 -26"><span class='ocrx_word' id='word_1_88' title='bbox 224 2074 363 2135; x_wconf 86' lang='lat' dir='ltr'>naturae,</span> <span class='ocrx_word' id='word_1_89' title='bbox 394 2084 469 2142; x_wconf 91' lang='lat' dir='ltr'>qnae</span> <span class='ocrx_word' id='word_1_90' title='bbox 498 2066 537 2124; x_wconf 93' lang='lat' dir='ltr'>ad</span> <span class='ocrx_word' id='word_1_91' title='bbox 561 2068 804 2145; x_wconf 84' lang='lat' dir='ltr'>configurationes</span> <span class='ocrx_word' id='word_1_92' title='bbox 834 2071 981 2130; x_wconf 88' lang='lat' dir='ltr'>radiorum</span> <span class='ocrx_word' id='word_1_93' title='bbox 1009 2078 1185 2148; x_wconf 85' lang='lat' dir='ltr'>sequuntur,</span> <span class='ocrx_word' id='word_1_94' title='bbox 1216 2085 1251 2128; x_wconf 86' lang='lat' dir='ltr'>ex</span> <span class='ocrx_word' id='word_1_95' title='bbox 1274 2066 1382 2126; x_wconf 86' lang='lat' dir='ltr'>Terrae</span> <span class='ocrx_word' id='word_1_96' title='bbox 1411 2063 1572 2124; x_wconf 82' lang='lat' dir='ltr'>visceribus</span> 
     </span>
     <span class='ocr_line' id='line_1_11' title="bbox 227 2155 849 2228; baseline 0.013 -18"><span class='ocrx_word' id='word_1_97' title='bbox 227 2155 425 2228; x_wconf 90' lang='lat' dir='ltr'>montiumque</span> <span class='ocrx_word' id='word_1_98' title='bbox 449 2158 580 2213; x_wconf 82' lang='lat' dir='ltr'>cavernis</span> <span class='ocrx_word' id='word_1_99' title='bbox 604 2166 698 2215; x_wconf 87' lang='lat' dir='ltr'>ortum</span> <span class='ocrx_word' id='word_1_100' title='bbox 722 2157 849 2220; x_wconf 88' lang='lat' dir='ltr'>trahunt.</span> 
     </span>
    </p>

    <p class='ocr_par' dir='ltr' id='par_1_4' title="bbox 224 2238 1574 2405">
     <span class='ocr_line' id='line_1_12' title="bbox 312 2238 1574 2322; baseline -0.002 -23"><span class='ocrx_word' id='word_1_101' title='bbox 312 2240 366 2299; x_wconf 86' lang='lat' dir='ltr'>1v.</span> <span class='ocrx_word' id='word_1_102' title='bbox 390 2240 532 2316; x_wconf 85' lang='lat' dir='ltr'>Quartum</span> <span class='ocrx_word' id='word_1_103' title='bbox 556 2242 709 2304; x_wconf 77' lang='lat' dir='ltr'>discrimen</span> <span class='ocrx_word' id='word_1_104' title='bbox 733 2247 916 2305; x_wconf 83' lang='lat' dir='ltr'>consistitis</span> <span class='ocrx_word' id='word_1_105' title='bbox 939 2244 1042 2319; x_wconf 89' lang='lat' dir='ltr'>modis,</span> <span class='ocrx_word' id='word_1_106' title='bbox 1066 2244 1174 2322; x_wconf 91' lang='lat' dir='ltr'>qulbus</span> <span class='ocrx_word' id='word_1_107' title='bbox 1195 2241 1366 2303; x_wconf 91' lang='lat' dir='ltr'>harmoniae</span> <span class='ocrx_word' id='word_1_108' title='bbox 1387 2238 1574 2298; x_wconf 57' lang='lat' dir='ltr'>diversaa&#39;in</span> 
     </span>
     <span class='ocr_line' id='line_1_13' title="bbox 224 2329 578 2405; baseline 0.014 -21"><span class='ocrx_word' id='word_1_109' title='bbox 224 2330 285 2386; x_wconf 87' lang='lat' dir='ltr'>suis</span> <span class='ocrx_word' id='word_1_110' title='bbox 307 2330 406 2387; x_wconf 84' lang='lat' dir='ltr'>insuat</span> <span class='ocrx_word' id='word_1_111' title='bbox 428 2329 578 2405; x_wconf 89' lang='lat' dir='ltr'>subjectis.</span> 
     </span>
    </p>

    <p class='ocr_par' dir='ltr' id='par_1_5' title="bbox 225 2410 1582 3020">
     <span class='ocr_line' id='line_1_14' title="bbox 311 2410 1576 2490; baseline -0.002 -17"><span class='ocrx_word' id='word_1_112' title='bbox 311 2415 386 2474; x_wconf 85' lang='lat' dir='ltr'>Nam</span> <span class='ocrx_word' id='word_1_113' title='bbox 409 2415 484 2475; x_wconf 88' lang='lat' dir='ltr'>libro</span> <span class='ocrx_word' id='word_1_114' title='bbox 507 2417 562 2475; x_wconf 86' lang='grc' dir='ltr'><strong>ΙΙΙ.</strong></span> <span class='ocrx_word' id='word_1_115' title='bbox 586 2435 652 2478; x_wconf 92' lang='lat' dir='ltr'>cum</span> <span class='ocrx_word' id='word_1_116' title='bbox 674 2421 704 2477; x_wconf 92' lang='lat' dir='ltr'>in</span> <span class='ocrx_word' id='word_1_117' title='bbox 728 2427 815 2479; x_wconf 86' lang='lat' dir='ltr'>cantu</span> <span class='ocrx_word' id='word_1_118' title='bbox 837 2421 982 2490; x_wconf 85' lang='lat' dir='ltr'>inessent,</span> <span class='ocrx_word' id='word_1_119' title='bbox 1005 2419 1034 2476; x_wconf 92' lang='lat' dir='ltr'>in</span> <span class='ocrx_word' id='word_1_120' title='bbox 1059 2417 1110 2477; x_wconf 92' lang='lat' dir='ltr'>illo</span> <span class='ocrx_word' id='word_1_121' title='bbox 1134 2424 1197 2478; x_wconf 89' lang='lat' dir='ltr'>toto</span> <span class='ocrx_word' id='word_1_122' title='bbox 1219 2419 1349 2487; x_wconf 89' lang='lat' dir='ltr'>inerant,</span> <span class='ocrx_word' id='word_1_123' title='bbox 1378 2421 1441 2474; x_wconf 90' lang='lat' dir='ltr'>toto</span> <span class='ocrx_word' id='word_1_124' title='bbox 1464 2410 1576 2473; x_wconf 87' lang='lat' dir='ltr'>scilieet</span> 
     </span>
     <span class='ocr_line' id='line_1_15' title="bbox 226 2504 1576 2583; baseline -0.001 -25"><span class='ocrx_word' id='word_1_125' title='bbox 226 2510 364 2577; x_wconf 86' lang='lat' dir='ltr'>tempore,</span> <span class='ocrx_word' id='word_1_126' title='bbox 389 2520 447 2578; x_wconf 92' lang='lat' dir='ltr'>quo</span> <span class='ocrx_word' id='word_1_127' title='bbox 472 2504 597 2563; x_wconf 87' lang='lat' dir='ltr'>durabat</span> <span class='ocrx_word' id='word_1_128' title='bbox 618 2514 732 2565; x_wconf 89' lang='lat' dir='ltr'>cautus.</span> <span class='ocrx_word' id='word_1_129' title='bbox 778 2507 813 2565; x_wconf 83' lang='lat' dir='ltr'>Et</span> <span class='ocrx_word' id='word_1_130' title='bbox 837 2510 972 2583; x_wconf 86' lang='lat' dir='ltr'>quamvls</span> <span class='ocrx_word' id='word_1_131' title='bbox 995 2505 1150 2564; x_wconf 76' lang='lat' dir='ltr'>interualla</span> <span class='ocrx_word' id='word_1_132' title='bbox 1172 2521 1287 2577; x_wconf 84' lang='lat' dir='ltr'>vocum,</span> <span class='ocrx_word' id='word_1_133' title='bbox 1311 2510 1343 2561; x_wconf 94' lang='lat' dir='ltr'>ut</span> <span class='ocrx_word' id='word_1_134' title='bbox 1358 2504 1456 2562; x_wconf 91' lang='lat' dir='ltr'>omnia</span> <span class='ocrx_word' id='word_1_135' title='bbox 1479 2516 1576 2577; x_wconf 90' lang='lat' dir='ltr'>quan-</span> 
     </span>
     <span class='ocr_line' id='line_1_16' title="bbox 225 2590 1576 2667; baseline 0 -21"><span class='ocrx_word' id='word_1_136' title='bbox 225 2592 308 2648; x_wconf 88' lang='lat' dir='ltr'>titate</span> <span class='ocrx_word' id='word_1_137' title='bbox 324 2593 538 2667; x_wconf 87' lang='lat' dir='ltr'>participantia,</span> <span class='ocrx_word' id='word_1_138' title='bbox 562 2596 728 2652; x_wconf 89' lang='lat' dir='ltr'>continuam</span> <span class='ocrx_word' id='word_1_139' title='bbox 742 2593 898 2653; x_wconf 82' lang='lat' dir='ltr'>admittent</span> <span class='ocrx_word' id='word_1_140' title='bbox 912 2594 1096 2665; x_wconf 85' lang='lat' dir='ltr'>divisionem,</span> <span class='ocrx_word' id='word_1_141' title='bbox 1119 2609 1177 2652; x_wconf 91' lang='lat' dir='ltr'>non</span> <span class='ocrx_word' id='word_1_142' title='bbox 1193 2600 1256 2651; x_wconf 87' lang='lat' dir='ltr'>arat</span> <span class='ocrx_word' id='word_1_143' title='bbox 1269 2600 1366 2650; x_wconf 89' lang='lat' dir='ltr'>tamen</span> <span class='ocrx_word' id='word_1_144' title='bbox 1380 2591 1420 2649; x_wconf 92' lang='lat' dir='ltr'>ibi</span> <span class='ocrx_word' id='word_1_145' title='bbox 1437 2590 1576 2648; x_wconf 84' lang='lat' dir='ltr'>transitus</span> 
     </span>
     <span class='ocr_line' id='line_1_17' title="bbox 226 2677 1582 2757; baseline 0 -22"><span class='ocrx_word' id='word_1_146' title='bbox 226 2681 324 2735; x_wconf 90' lang='lat' dir='ltr'>cantui</span> <span class='ocrx_word' id='word_1_147' title='bbox 354 2695 372 2735; x_wconf 92' lang='lat' dir='ltr'>a</span> <span class='ocrx_word' id='word_1_148' title='bbox 400 2696 472 2736; x_wconf 90' lang='lat' dir='ltr'>sono</span> <span class='ocrx_word' id='word_1_149' title='bbox 502 2680 627 2738; x_wconf 85' lang='lat' dir='ltr'>interiori</span> <span class='ocrx_word' id='word_1_150' title='bbox 658 2699 708 2757; x_wconf 91' lang='lat' dir='ltr'>per</span> <span class='ocrx_word' id='word_1_151' title='bbox 731 2682 917 2741; x_wconf 84' lang='lat' dir='ltr'>intermedios</span> <span class='ocrx_word' id='word_1_152' title='bbox 949 2682 1075 2740; x_wconf 86' lang='lat' dir='ltr'>infinitos</span> <span class='ocrx_word' id='word_1_153' title='bbox 1104 2697 1196 2756; x_wconf 88' lang='lat' dir='ltr'>usque</span> <span class='ocrx_word' id='word_1_154' title='bbox 1226 2678 1264 2739; x_wconf 91' lang='lat' dir='ltr'>ad</span> <span class='ocrx_word' id='word_1_155' title='bbox 1291 2695 1370 2751; x_wconf 91' lang='lat' dir='ltr'>enm,</span> <span class='ocrx_word' id='word_1_156' title='bbox 1402 2680 1452 2753; x_wconf 91' lang='lat' dir='ltr'>qni</span> <span class='ocrx_word' id='word_1_157' title='bbox 1481 2677 1582 2753; x_wconf 82' lang='lat' dir='ltr'>primo:</span> 
     </span>
     <span class='ocr_line' id='line_1_18' title="bbox 226 2764 1576 2842; baseline -0.001 -20"><span class='ocrx_word' id='word_1_158' title='bbox 226 2781 372 2824; x_wconf 88' lang='lat' dir='ltr'>consonus</span> <span class='ocrx_word' id='word_1_159' title='bbox 395 2775 447 2824; x_wconf 90' lang='lat' dir='ltr'>aut</span> <span class='ocrx_word' id='word_1_160' title='bbox 469 2768 626 2827; x_wconf 91' lang='lat' dir='ltr'>concinnus</span> <span class='ocrx_word' id='word_1_161' title='bbox 650 2778 742 2840; x_wconf 87' lang='lat' dir='ltr'>esset,</span> <span class='ocrx_word' id='word_1_162' title='bbox 772 2768 823 2828; x_wconf 89' lang='lat' dir='ltr'>sed</span> <span class='ocrx_word' id='word_1_163' title='bbox 847 2787 913 2827; x_wconf 92' lang='lat' dir='ltr'>cum</span> <span class='ocrx_word' id='word_1_164' title='bbox 936 2767 1014 2834; x_wconf 90' lang='lat' dir='ltr'>saltu</span> <span class='ocrx_word' id='word_1_165' title='bbox 1044 2775 1074 2827; x_wconf 87' lang='lat' dir='ltr'>et</span> <span class='ocrx_word' id='word_1_166' title='bbox 1095 2766 1212 2827; x_wconf 85' lang='lat' dir='ltr'>silentio</span> <span class='ocrx_word' id='word_1_167' title='bbox 1243 2765 1463 2842; x_wconf 85' lang='lat' dir='ltr'>trajiciebantnr</span> <span class='ocrx_word' id='word_1_168' title='bbox 1485 2764 1576 2823; x_wconf 87' lang='lat' dir='ltr'>inter·</span> 
     </span>
     <span class='ocr_line' id='line_1_19' title="bbox 227 2852 1575 2926; baseline 0 -17"><span class='ocrx_word' id='word_1_169' title='bbox 227 2852 324 2911; x_wconf 89' lang='lat' dir='ltr'>media</span> <span class='ocrx_word' id='word_1_170' title='bbox 347 2855 454 2926; x_wconf 90' lang='lat' dir='ltr'>omnia,</span> <span class='ocrx_word' id='word_1_171' title='bbox 478 2857 572 2914; x_wconf 91' lang='lat' dir='ltr'>omnis</span> <span class='ocrx_word' id='word_1_172' title='bbox 589 2873 658 2914; x_wconf 83' lang='lat' dir='ltr'>vero</span> <span class='ocrx_word' id='word_1_173' title='bbox 682 2857 793 2915; x_wconf 83' lang='lat' dir='ltr'>vocalis</span> <span class='ocrx_word' id='word_1_174' title='bbox 816 2858 1007 2916; x_wconf 76' lang='lat' dir='ltr'>commoratio</span> <span class='ocrx_word' id='word_1_175' title='bbox 1031 2863 1094 2914; x_wconf 88' lang='lat' dir='ltr'>arat</span> <span class='ocrx_word' id='word_1_176' title='bbox 1115 2857 1145 2913; x_wconf 92' lang='lat' dir='ltr'>in</span> <span class='ocrx_word' id='word_1_177' title='bbox 1168 2853 1248 2913; x_wconf 90' lang='lat' dir='ltr'>sonis</span> <span class='ocrx_word' id='word_1_178' title='bbox 1270 2856 1347 2913; x_wconf 90' lang='lat' dir='ltr'>inter</span> <span class='ocrx_word' id='word_1_179' title='bbox 1361 2869 1393 2912; x_wconf 86' lang='lat' dir='ltr'>ss</span> <span class='ocrx_word' id='word_1_180' title='bbox 1415 2852 1575 2912; x_wconf 86' lang='lat' dir='ltr'>concinnis.</span> 
     </span>
     <span class='ocr_line' id='line_1_20' title="bbox 228 2938 1576 3020; baseline 0 -23"><span class='ocrx_word' id='word_1_181' title='bbox 228 2939 338 2998; x_wconf 85' lang='lat' dir='ltr'>Eodem</span> <span class='ocrx_word' id='word_1_182' title='bbox 361 2938 449 2999; x_wconf 91' lang='lat' dir='ltr'>modo</span> <span class='ocrx_word' id='word_1_183' title='bbox 473 2942 501 2998; x_wconf 93' lang='lat' dir='ltr'>in</span> <span class='ocrx_word' id='word_1_184' title='bbox 525 2952 680 3018; x_wconf 74' lang='lat' dir='ltr'>coercente,</span> <span class='ocrx_word' id='word_1_185' title='bbox 713 2946 849 3018; x_wconf 85' lang='lat' dir='ltr'>quamvis</span> <span class='ocrx_word' id='word_1_186' title='bbox 873 2946 946 3004; x_wconf 87' lang='lat' dir='ltr'>inter</span> <span class='ocrx_word' id='word_1_187' title='bbox 969 2944 1111 3020; x_wconf 81' lang='lat' dir='ltr'>diapason</span> <span class='ocrx_word' id='word_1_188' title='bbox 1140 2951 1170 3002; x_wconf 94' lang='lat' dir='ltr'>et</span> <span class='ocrx_word' id='word_1_189' title='bbox 1191 2941 1279 3002; x_wconf 84' lang='lat' dir='ltr'>dihex</span> <span class='ocrx_word' id='word_1_190' title='bbox 1309 2942 1443 3000; x_wconf 84' lang='lat' dir='ltr'>intersint</span> <span class='ocrx_word' id='word_1_191' title='bbox 1463 2938 1576 2997; x_wconf 79' lang='lat' dir='ltr'>infinita</span> 
     </span>
    </p>
   </div>
   <div class='ocr_carea' id='block_1_3' title="bbox 229 3025 1687 3106">
    <p class='ocr_par' dir='ltr' id='par_1_6' title="bbox 229 3025 1687 3106">
     <span class='ocr_line' id='line_1_21' title="bbox 229 3025 1687 3106; baseline 0.002 -22"><span class='ocrx_word' id='word_1_192' title='bbox 229 3027 398 3101; x_wconf 85' lang='lat' dir='ltr'>intervalla,</span> <span class='ocrx_word' id='word_1_193' title='bbox 427 3043 485 3088; x_wconf 87' lang='lat' dir='ltr'>non</span> <span class='ocrx_word' id='word_1_194' title='bbox 508 3028 596 3092; x_wconf 87' lang='lat' dir='ltr'>fiebat</span> <span class='ocrx_word' id='word_1_195' title='bbox 618 3040 716 3090; x_wconf 74' lang='lat' dir='ltr'>minen</span> <span class='ocrx_word' id='word_1_196' title='bbox 745 3033 870 3091; x_wconf 86' lang='lat' dir='ltr'>intensio</span> <span class='ocrx_word' id='word_1_197' title='bbox 902 3047 1009 3090; x_wconf 85' lang='lat' dir='ltr'>vocum</span> <span class='ocrx_word' id='word_1_198' title='bbox 1032 3032 1171 3089; x_wconf 88' lang='lat' dir='ltr'>continua</span> <span class='ocrx_word' id='word_1_199' title='bbox 1198 3035 1250 3106; x_wconf 84' lang='lat' dir='ltr'>per</span> <span class='ocrx_word' id='word_1_200' title='bbox 1272 3030 1370 3087; x_wconf 87' lang='lat' dir='ltr'>omnia</span> <span class='ocrx_word' id='word_1_201' title='bbox 1395 3025 1577 3099; x_wconf 86' lang='lat' dir='ltr'>intermedia,</span> <span class='ocrx_word' id='word_1_202' title='bbox 1681 3057 1687 3064; x_wconf 40' lang='grc' dir='ltr'>ν</span> 
     </span>
    </p>
   </div>
   <div class='ocr_carea' id='block_1_4' title="bbox 228 3114 1577 3193">
    <p class='ocr_par' dir='ltr' id='par_1_7' title="bbox 228 3114 1577 3193">
     <span class='ocr_line' id='line_1_22' title="bbox 228 3114 1577 3193; baseline 0.002 -22"><span class='ocrx_word' id='word_1_203' title='bbox 228 3114 327 3189; x_wconf 90' lang='lat' dir='ltr'>quoad</span> <span class='ocrx_word' id='word_1_204' title='bbox 349 3133 385 3173; x_wconf 83' lang='lat' dir='ltr'>cx</span> <span class='ocrx_word' id='word_1_205' title='bbox 409 3114 550 3193; x_wconf 87' lang='lat' dir='ltr'>diapason</span> <span class='ocrx_word' id='word_1_206' title='bbox 573 3117 654 3178; x_wconf 88' lang='lat' dir='ltr'>lieret</span> <span class='ocrx_word' id='word_1_207' title='bbox 677 3127 774 3188; x_wconf 85' lang='lat' dir='ltr'>sexta,</span> <span class='ocrx_word' id='word_1_208' title='bbox 802 3118 854 3177; x_wconf 88' lang='lat' dir='ltr'>sed</span> <span class='ocrx_word' id='word_1_209' title='bbox 877 3119 955 3177; x_wconf 90' lang='lat' dir='ltr'>saltu</span> <span class='ocrx_word' id='word_1_210' title='bbox 979 3119 1144 3177; x_wconf 80' lang='lat' dir='ltr'>terebantur</span> <span class='ocrx_word' id='word_1_211' title='bbox 1174 3134 1262 3176; x_wconf 81' lang='lat' dir='ltr'>noces</span> <span class='ocrx_word' id='word_1_212' title='bbox 1290 3134 1308 3175; x_wconf 92' lang='lat' dir='ltr'>a</span> <span class='ocrx_word' id='word_1_213' title='bbox 1331 3131 1411 3175; x_wconf 89' lang='lat' dir='ltr'>mera</span> <span class='ocrx_word' id='word_1_214' title='bbox 1432 3114 1577 3192; x_wconf 87' lang='lat' dir='ltr'>diapason</span> 
     </span>
    </p>
   </div>
   <div class='ocr_carea' id='block_1_5' title="bbox 110 3192 1677 3366">
    <p class='ocr_par' dir='ltr' id='par_1_8' title="bbox 110 3192 1677 3366">
     <span class='ocr_line' id='line_1_23' title="bbox 228 3192 1677 3278; baseline 0.002 -21"><span class='ocrx_word' id='word_1_215' title='bbox 228 3204 256 3257; x_wconf 93' lang='lat' dir='ltr'>in</span> <span class='ocrx_word' id='word_1_216' title='bbox 286 3220 396 3261; x_wconf 89' lang='lat' dir='ltr'>meram</span> <span class='ocrx_word' id='word_1_217' title='bbox 425 3210 552 3277; x_wconf 71' lang='lat' dir='ltr'>matam,</span> <span class='ocrx_word' id='word_1_218' title='bbox 584 3205 761 3264; x_wconf 87' lang='lat' dir='ltr'>intermediis</span> <span class='ocrx_word' id='word_1_219' title='bbox 789 3207 924 3265; x_wconf 92' lang='lat' dir='ltr'>omnibus</span> <span class='ocrx_word' id='word_1_220' title='bbox 953 3201 1070 3264; x_wconf 77' lang='lat' dir='ltr'>silentio</span> <span class='ocrx_word' id='word_1_221' title='bbox 1099 3204 1286 3263; x_wconf 86' lang='lat' dir='ltr'>transmissis.</span> <span class='ocrx_word' id='word_1_222' title='bbox 1333 3202 1371 3261; x_wconf 73' lang='lat' dir='ltr'>st</span> <span class='ocrx_word' id='word_1_223' title='bbox 1401 3205 1428 3261; x_wconf 92' lang='lat' dir='ltr'>ln</span> <span class='ocrx_word' id='word_1_224' title='bbox 1459 3192 1580 3278; x_wconf 63' lang='lat' dir='ltr'>organis¹</span> <span class='ocrx_word' id='word_1_225' title='bbox 1673 3201 1677 3206; x_wconf 83' lang='grc'><strong>’</strong></span> 
     </span>
     <span class='ocr_line' id='line_1_24' title="bbox 110 3289 1576 3366; baseline 0.002 -21"><span class='ocrx_word' id='word_1_226' title='bbox 110 3298 117 3309; x_wconf 85' lang='grc'><em>·</em></span> <span class='ocrx_word' id='word_1_227' title='bbox 229 3289 346 3364; x_wconf 88' lang='lat' dir='ltr'>quidem</span> <span class='ocrx_word' id='word_1_228' title='bbox 369 3289 533 3351; x_wconf 82' lang='lat' dir='ltr'>saltabatur</span> <span class='ocrx_word' id='word_1_229' title='bbox 555 3293 592 3351; x_wconf 93' lang='lat' dir='ltr'>ab</span> <span class='ocrx_word' id='word_1_230' title='bbox 616 3311 674 3352; x_wconf 90' lang='lat' dir='ltr'>nna</span> <span class='ocrx_word' id='word_1_231' title='bbox 697 3310 791 3352; x_wconf 88' lang='lat' dir='ltr'>canna</span> <span class='ocrx_word' id='word_1_232' title='bbox 814 3293 852 3351; x_wconf 92' lang='lat' dir='ltr'>ad</span> <span class='ocrx_word' id='word_1_233' title='bbox 874 3292 971 3364; x_wconf 89' lang='lat' dir='ltr'>aliam,</span> <span class='ocrx_word' id='word_1_234' title='bbox 995 3294 1023 3350; x_wconf 94' lang='lat' dir='ltr'>in</span> <span class='ocrx_word' id='word_1_235' title='bbox 1048 3294 1147 3364; x_wconf 88' lang='lat' dir='ltr'>tensis,</span> <span class='ocrx_word' id='word_1_236' title='bbox 1172 3300 1204 3351; x_wconf 92' lang='lat' dir='ltr'>ut</span> <span class='ocrx_word' id='word_1_237' title='bbox 1219 3293 1409 3350; x_wconf 88' lang='lat' dir='ltr'>instrumento</span> <span class='ocrx_word' id='word_1_238' title='bbox 1433 3297 1463 3352; x_wconf 90' lang='lat' dir='ltr'>et</span> <span class='ocrx_word' id='word_1_239' title='bbox 1477 3290 1576 3366; x_wconf 84' lang='lat' dir='ltr'>harpe,</span> 
     </span>
    </p>
   </div>
   <div class='ocr_carea' id='block_1_6' title="bbox 229 3376 1579 3631">
    <p class='ocr_par' dir='ltr' id='par_1_9' title="bbox 229 3376 1579 3631">
     <span class='ocr_line' id='line_1_25' title="bbox 230 3376 1578 3456; baseline 0.001 -22"><span class='ocrx_word' id='word_1_240' title='bbox 230 3378 267 3434; x_wconf 91' lang='lat' dir='ltr'>ab</span> <span class='ocrx_word' id='word_1_241' title='bbox 290 3376 482 3437; x_wconf 83' lang='lat' dir='ltr'>unachorda</span> <span class='ocrx_word' id='word_1_242' title='bbox 504 3378 542 3437; x_wconf 87' lang='lat' dir='ltr'>sd</span> <span class='ocrx_word' id='word_1_243' title='bbox 566 3380 662 3454; x_wconf 88' lang='lat' dir='ltr'>aliam,</span> <span class='ocrx_word' id='word_1_244' title='bbox 686 3381 733 3439; x_wconf 82' lang='lat' dir='ltr'>vel</span> <span class='ocrx_word' id='word_1_245' title='bbox 757 3383 782 3438; x_wconf 90' lang='lat' dir='ltr'>si</span> <span class='ocrx_word' id='word_1_246' title='bbox 804 3381 980 3440; x_wconf 86' lang='lat' dir='ltr'>multisonas</span> <span class='ocrx_word' id='word_1_247' title='bbox 996 3379 1122 3439; x_wconf 81' lang='lat' dir='ltr'>chordae</span> <span class='ocrx_word' id='word_1_248' title='bbox 1144 3385 1360 3456; x_wconf 84' lang='lat' dir='ltr'>usurparentur,</span> <span class='ocrx_word' id='word_1_249' title='bbox 1383 3384 1416 3436; x_wconf 88' lang='lat' dir='ltr'>ot</span> <span class='ocrx_word' id='word_1_250' title='bbox 1439 3377 1578 3437; x_wconf 78' lang='lat' dir='ltr'>inclarl-</span> 
     </span>
     <span class='ocr_line' id='line_1_26' title="bbox 229 3463 1579 3545; baseline 0.003 -24"><span class='ocrx_word' id='word_1_251' title='bbox 229 3464 364 3535; x_wconf 89' lang='lat' dir='ltr'>cbordin,</span> <span class='ocrx_word' id='word_1_252' title='bbox 387 3463 535 3542; x_wconf 90' lang='lat' dir='ltr'>pandora,</span> <span class='ocrx_word' id='word_1_253' title='bbox 560 3467 662 3545; x_wconf 81' lang='lat' dir='ltr'>chely,</span> <span class='ocrx_word' id='word_1_254' title='bbox 675 3467 816 3544; x_wconf 85' lang='lat' dir='ltr'>cythara,</span> <span class='ocrx_word' id='word_1_255' title='bbox 839 3468 877 3527; x_wconf 91' lang='lat' dir='ltr'>ab</span> <span class='ocrx_word' id='word_1_256' title='bbox 900 3485 959 3528; x_wconf 88' lang='lat' dir='ltr'>nno</span> <span class='ocrx_word' id='word_1_257' title='bbox 980 3475 1078 3538; x_wconf 88' lang='lat' dir='ltr'>tacto,</span> <span class='ocrx_word' id='word_1_258' title='bbox 1101 3474 1153 3526; x_wconf 86' lang='lat' dir='ltr'>aut</span> <span class='ocrx_word' id='word_1_259' title='bbox 1175 3468 1205 3524; x_wconf 92' lang='lat' dir='ltr'>in</span> <span class='ocrx_word' id='word_1_260' title='bbox 1227 3466 1331 3525; x_wconf 80' lang='lat' dir='ltr'>fistulis</span> <span class='ocrx_word' id='word_1_261' title='bbox 1355 3465 1393 3525; x_wconf 91' lang='lat' dir='ltr'>ah</span> <span class='ocrx_word' id='word_1_262' title='bbox 1415 3482 1475 3524; x_wconf 91' lang='lat' dir='ltr'>uno</span> <span class='ocrx_word' id='word_1_263' title='bbox 1498 3465 1579 3525; x_wconf 76' lang='lat' dir='ltr'>lora·</span> 
     </span>
     <span class='ocr_line' id='line_1_27' title="bbox 230 3550 1578 3631; baseline 0.004 -24"><span class='ocrx_word' id='word_1_264' title='bbox 230 3554 305 3611; x_wconf 89' lang='lat' dir='ltr'>mine</span> <span class='ocrx_word' id='word_1_265' title='bbox 329 3551 365 3609; x_wconf 89' lang='lat' dir='ltr'>ad</span> <span class='ocrx_word' id='word_1_266' title='bbox 389 3551 484 3624; x_wconf 89' lang='lat' dir='ltr'>aliud,</span> <span class='ocrx_word' id='word_1_267' title='bbox 509 3555 536 3610; x_wconf 92' lang='lat' dir='ltr'>in</span> <span class='ocrx_word' id='word_1_268' title='bbox 560 3563 676 3631; x_wconf 77' lang='lat' dir='ltr'>gutture</span> <span class='ocrx_word' id='word_1_269' title='bbox 698 3556 827 3615; x_wconf 89' lang='lat' dir='ltr'>humano</span> <span class='ocrx_word' id='word_1_270' title='bbox 850 3556 888 3614; x_wconf 91' lang='lat' dir='ltr'>ab</span> <span class='ocrx_word' id='word_1_271' title='bbox 911 3571 970 3613; x_wconf 92' lang='lat' dir='ltr'>uno</span> <span class='ocrx_word' id='word_1_272' title='bbox 993 3553 1101 3614; x_wconf 90' lang='lat' dir='ltr'>circulo</span> <span class='ocrx_word' id='word_1_273' title='bbox 1124 3556 1247 3614; x_wconf 83' lang='lat' dir='ltr'>arteriae</span> <span class='ocrx_word' id='word_1_274' title='bbox 1270 3569 1391 3630; x_wconf 87' lang='lat' dir='ltr'>asperae</span> <span class='ocrx_word' id='word_1_275' title='bbox 1417 3553 1455 3611; x_wconf 89' lang='lat' dir='ltr'>sd</span> <span class='ocrx_word' id='word_1_276' title='bbox 1477 3550 1578 3612; x_wconf 76' lang='lat' dir='ltr'>silua.</span> 
     </span>
    </p>
   </div>
   <div class='ocr_carea' id='block_1_7' title="bbox 230 3639 1692 3720">
    <p class='ocr_par' dir='ltr' id='par_1_10' title="bbox 230 3639 1692 3720">
     <span class='ocr_line' id='line_1_28' title="bbox 230 3639 1692 3720; baseline 0.002 -24"><span class='ocrx_word' id='word_1_277' title='bbox 230 3639 293 3696; x_wconf 79' lang='lat' dir='ltr'>Non</span> <span class='ocrx_word' id='word_1_278' title='bbox 317 3641 410 3696; x_wconf 86' lang='lat' dir='ltr'>sicin</span> <span class='ocrx_word' id='word_1_279' title='bbox 433 3639 507 3698; x_wconf 89' lang='lat' dir='ltr'>libro</span> <span class='ocrx_word' id='word_1_280' title='bbox 531 3641 582 3699; x_wconf 84' lang='lat' dir='ltr'>lV.</span> <span class='ocrx_word' id='word_1_281' title='bbox 617 3642 702 3701; x_wconf 84' lang='lat' dir='ltr'>&#39;Nam</span> <span class='ocrx_word' id='word_1_282' title='bbox 726 3661 801 3719; x_wconf 81' lang='lat' dir='ltr'>quoe</span> <span class='ocrx_word' id='word_1_283' title='bbox 830 3644 859 3700; x_wconf 93' lang='lat' dir='ltr'>in</span> <span class='ocrx_word' id='word_1_284' title='bbox 883 3659 918 3702; x_wconf 92' lang='lat' dir='ltr'>eo</span> <span class='ocrx_word' id='word_1_285' title='bbox 941 3640 1192 3701; x_wconf 78' lang='lat' dir='ltr'>considerabimus</span> <span class='ocrx_word' id='word_1_286' title='bbox 1217 3641 1398 3715; x_wconf 83' lang='lat' dir='ltr'>harmonias,</span> <span class='ocrx_word' id='word_1_287' title='bbox 1427 3640 1515 3720; x_wconf 88' lang='lat' dir='ltr'>illae,</span> <span class='ocrx_word' id='word_1_288' title='bbox 1546 3648 1579 3699; x_wconf 86' lang='lat' dir='ltr'>nt</span> <span class='ocrx_word' id='word_1_289' title='bbox 1689 3711 1692 3717; x_wconf 88' lang='lat'><em>.</em></span> 
     </span>
    </p>
   </div>
   <div class='ocr_carea' id='block_1_8' title="bbox 132 3726 1665 5729">
    <p class='ocr_par' dir='ltr' id='par_1_11' title="bbox 132 3726 1665 5729">
     <span class='ocr_line' id='line_1_29' title="bbox 231 3726 1580 3811; baseline 0.002 -28"><span class='ocrx_word' id='word_1_290' title='bbox 231 3726 287 3784; x_wconf 91' lang='lat' dir='ltr'>dici</span> <span class='ocrx_word' id='word_1_291' title='bbox 310 3734 445 3802; x_wconf 90' lang='lat' dir='ltr'>coeptum</span> <span class='ocrx_word' id='word_1_292' title='bbox 468 3730 564 3804; x_wconf 91' lang='lat' dir='ltr'>capite</span> <span class='ocrx_word' id='word_1_293' title='bbox 585 3730 787 3805; x_wconf 87' lang='lat' dir='ltr'>praecedenti,</span> <span class='ocrx_word' id='word_1_294' title='bbox 819 3747 876 3789; x_wconf 89' lang='lat' dir='ltr'>non</span> <span class='ocrx_word' id='word_1_295' title='bbox 899 3747 1014 3809; x_wconf 88' lang='lat' dir='ltr'>semper</span> <span class='ocrx_word' id='word_1_296' title='bbox 1035 3732 1163 3789; x_wconf 82' lang='lat' dir='ltr'>existunt</span> <span class='ocrx_word' id='word_1_297' title='bbox 1190 3730 1264 3811; x_wconf 85' lang='lat' dir='ltr'>inter</span> <span class='ocrx_word' id='word_1_298' title='bbox 1286 3729 1419 3787; x_wconf 83' lang='lat' dir='ltr'>binorum</span> <span class='ocrx_word' id='word_1_299' title='bbox 1441 3726 1580 3805; x_wconf 88' lang='lat' dir='ltr'>planeta·</span> 
     </span>
     <span class='ocr_line' id='line_1_30' title="bbox 229 3815 1578 3899; baseline 0.004 -30"><span class='ocrx_word' id='word_1_300' title='bbox 229 3816 335 3871; x_wconf 83' lang='lat' dir='ltr'>riorum</span> <span class='ocrx_word' id='word_1_301' title='bbox 358 3815 503 3873; x_wconf 87' lang='lat' dir='ltr'>radiorum</span> <span class='ocrx_word' id='word_1_302' title='bbox 526 3816 665 3891; x_wconf 80' lang='lat' dir='ltr'>angulum</span> <span class='ocrx_word' id='word_1_303' title='bbox 698 3824 728 3876; x_wconf 91' lang='lat' dir='ltr'>et</span> <span class='ocrx_word' id='word_1_304' title='bbox 748 3818 823 3877; x_wconf 89' lang='lat' dir='ltr'>inter</span> <span class='ocrx_word' id='word_1_305' title='bbox 845 3824 972 3894; x_wconf 85' lang='lat' dir='ltr'>quatuor</span> <span class='ocrx_word' id='word_1_306' title='bbox 994 3825 1102 3890; x_wconf 91' lang='lat' dir='ltr'>rectos,</span> <span class='ocrx_word' id='word_1_307' title='bbox 1134 3815 1187 3875; x_wconf 90' lang='lat' dir='ltr'>sed</span> <span class='ocrx_word' id='word_1_308' title='bbox 1209 3816 1241 3875; x_wconf 86' lang='lat' dir='ltr'>dt</span> <span class='ocrx_word' id='word_1_309' title='bbox 1271 3818 1409 3899; x_wconf 72' lang='lat' dir='ltr'>condona</span> <span class='ocrx_word' id='word_1_310' title='bbox 1431 3816 1578 3891; x_wconf 82' lang='lat' dir='ltr'>separatio</span> 
     </span>
     <span class='ocr_line' id='line_1_31' title="bbox 230 3900 1580 3980; baseline 0.001 -22"><span class='ocrx_word' id='word_1_311' title='bbox 230 3902 420 3975; x_wconf 86' lang='lat' dir='ltr'>planetarum,</span> <span class='ocrx_word' id='word_1_312' title='bbox 444 3904 549 3977; x_wconf 89' lang='lat' dir='ltr'>quibus</span> <span class='ocrx_word' id='word_1_313' title='bbox 573 3904 691 3980; x_wconf 89' lang='lat' dir='ltr'>quidem</span> <span class='ocrx_word' id='word_1_314' title='bbox 714 3903 771 3964; x_wconf 91' lang='lat' dir='ltr'>hoc</span> <span class='ocrx_word' id='word_1_315' title='bbox 793 3904 893 3963; x_wconf 90' lang='lat' dir='ltr'>datum</span> <span class='ocrx_word' id='word_1_316' title='bbox 916 3912 970 3978; x_wconf 88' lang='lat' dir='ltr'>est,</span> <span class='ocrx_word' id='word_1_317' title='bbox 995 3905 1050 3962; x_wconf 88' lang='lat' dir='ltr'>snb</span> <span class='ocrx_word' id='word_1_318' title='bbox 1072 3904 1194 3963; x_wconf 86' lang='lat' dir='ltr'>aodlsco</span> <span class='ocrx_word' id='word_1_319' title='bbox 1218 3903 1325 3964; x_wconf 89' lang='lat' dir='ltr'>circulo</span> <span class='ocrx_word' id='word_1_320' title='bbox 1348 3920 1399 3980; x_wconf 89' lang='lat' dir='ltr'>per</span> <span class='ocrx_word' id='word_1_321' title='bbox 1422 3900 1580 3962; x_wconf 81' lang='lat' dir='ltr'>intervalla</span> 
     </span>
     <span class='ocr_line' id='line_1_32' title="bbox 231 3986 1579 4069; baseline 0.004 -25"><span class='ocrx_word' id='word_1_322' title='bbox 231 3986 399 4064; x_wconf 64' lang='lat' dir='ltr'>ricapecora</span> <span class='ocrx_word' id='word_1_323' title='bbox 422 3993 520 4048; x_wconf 88' lang='lat' dir='ltr'>omnia</span> <span class='ocrx_word' id='word_1_324' title='bbox 543 3994 571 4047; x_wconf 91' lang='lat' dir='ltr'>in</span> <span class='ocrx_word' id='word_1_325' title='bbox 595 3991 771 4065; x_wconf 88' lang='lat' dir='ltr'>harmonica,</span> <span class='ocrx_word' id='word_1_326' title='bbox 795 4004 918 4069; x_wconf 90' lang='lat' dir='ltr'>quorum</span> <span class='ocrx_word' id='word_1_327' title='bbox 934 3999 1103 4065; x_wconf 85' lang='lat' dir='ltr'>extremum,</span> <span class='ocrx_word' id='word_1_328' title='bbox 1127 3992 1184 4050; x_wconf 90' lang='lat' dir='ltr'>duo</span> <span class='ocrx_word' id='word_1_329' title='bbox 1200 3994 1281 4061; x_wconf 91' lang='lat' dir='ltr'>recti,</span> <span class='ocrx_word' id='word_1_330' title='bbox 1304 3989 1502 4050; x_wconf 89' lang='lat' dir='ltr'>semicirculus</span> <span class='ocrx_word' id='word_1_331' title='bbox 1524 4005 1579 4049; x_wconf 89' lang='lat' dir='ltr'>ssu</span> 
     </span>
     <span class='ocr_line' id='line_1_33' title="bbox 232 4075 1579 4156; baseline 0.002 -24"><span class='ocrx_word' id='word_1_332' title='bbox 232 4078 385 4151; x_wconf 85' lang='lat' dir='ltr'>oppositio,</span> <span class='ocrx_word' id='word_1_333' title='bbox 411 4077 535 4152; x_wconf 81' lang='lat' dir='ltr'>indeque</span> <span class='ocrx_word' id='word_1_334' title='bbox 559 4081 727 4156; x_wconf 81' lang='lat' dir='ltr'>retrogrado</span> <span class='ocrx_word' id='word_1_335' title='bbox 751 4078 851 4138; x_wconf 89' lang='lat' dir='ltr'>ordine</span> <span class='ocrx_word' id='word_1_336' title='bbox 874 4096 927 4156; x_wconf 90' lang='lat' dir='ltr'>per</span> <span class='ocrx_word' id='word_1_337' title='bbox 949 4078 1104 4138; x_wconf 79' lang='lat' dir='ltr'>intervalla</span> <span class='ocrx_word' id='word_1_338' title='bbox 1135 4095 1247 4136; x_wconf 87' lang='lat' dir='ltr'>rursum</span> <span class='ocrx_word' id='word_1_339' title='bbox 1269 4079 1443 4137; x_wconf 79' lang='lat' dir='ltr'>inconcinna</span> <span class='ocrx_word' id='word_1_340' title='bbox 1465 4084 1494 4135; x_wconf 87' lang='lat' dir='ltr'>et</span> <span class='ocrx_word' id='word_1_341' title='bbox 1517 4075 1579 4136; x_wconf 87' lang='lat' dir='ltr'>tlla·</span> 
     </span>
     <span class='ocr_line' id='line_1_34' title="bbox 232 4164 1579 4241; baseline 0.004 -22"><span class='ocrx_word' id='word_1_342' title='bbox 232 4180 302 4220; x_wconf 89' lang='lat' dir='ltr'>sona</span> <span class='ocrx_word' id='word_1_343' title='bbox 326 4166 423 4221; x_wconf 91' lang='lat' dir='ltr'>omnia</span> <span class='ocrx_word' id='word_1_344' title='bbox 446 4182 538 4239; x_wconf 89' lang='lat' dir='ltr'>usquo</span> <span class='ocrx_word' id='word_1_345' title='bbox 564 4169 592 4224; x_wconf 93' lang='lat' dir='ltr'>in</span> <span class='ocrx_word' id='word_1_346' title='bbox 616 4167 863 4241; x_wconf 72' lang='lat' dir='ltr'>conjunctionum</span> <span class='ocrx_word' id='word_1_347' title='bbox 888 4165 985 4224; x_wconf 89' lang='lat' dir='ltr'>nullus</span> <span class='ocrx_word' id='word_1_348' title='bbox 1007 4165 1055 4225; x_wconf 92' lang='lat' dir='ltr'>hic</span> <span class='ocrx_word' id='word_1_349' title='bbox 1077 4164 1169 4224; x_wconf 90' lang='lat' dir='ltr'>saltus</span> <span class='ocrx_word' id='word_1_350' title='bbox 1184 4165 1216 4224; x_wconf 91' lang='lat' dir='ltr'>fit</span> <span class='ocrx_word' id='word_1_351' title='bbox 1239 4183 1274 4224; x_wconf 88' lang='lat' dir='ltr'>ex</span> <span class='ocrx_word' id='word_1_352' title='bbox 1299 4182 1356 4223; x_wconf 92' lang='lat' dir='ltr'>une</span> <span class='ocrx_word' id='word_1_353' title='bbox 1379 4164 1487 4240; x_wconf 83' lang='lat' dir='ltr'>angulo</span> <span class='ocrx_word' id='word_1_354' title='bbox 1510 4164 1579 4224; x_wconf 85' lang='lat' dir='ltr'>lrar·</span> 
     </span>
     <span class='ocr_line' id='line_1_35' title="bbox 232 4249 1579 4328; baseline 0.001 -21"><span class='ocrx_word' id='word_1_355' title='bbox 232 4253 346 4309; x_wconf 87' lang='lat' dir='ltr'>monice</span> <span class='ocrx_word' id='word_1_356' title='bbox 370 4253 398 4308; x_wconf 92' lang='lat' dir='ltr'>in</span> <span class='ocrx_word' id='word_1_357' title='bbox 422 4250 521 4322; x_wconf 80' lang='lat' dir='ltr'>aliurn,</span> <span class='ocrx_word' id='word_1_358' title='bbox 548 4255 626 4313; x_wconf 77' lang='lat' dir='ltr'>serbi</span> <span class='ocrx_word' id='word_1_359' title='bbox 651 4272 739 4313; x_wconf 86' lang='lat' dir='ltr'>causa</span> <span class='ocrx_word' id='word_1_360' title='bbox 762 4273 798 4313; x_wconf 84' lang='lat' dir='ltr'>cx</span> <span class='ocrx_word' id='word_1_361' title='bbox 822 4256 935 4328; x_wconf 87' lang='lat' dir='ltr'>trigono</span> <span class='ocrx_word' id='word_1_362' title='bbox 959 4256 989 4311; x_wconf 94' lang='lat' dir='ltr'>in</span> <span class='ocrx_word' id='word_1_363' title='bbox 1012 4252 1200 4328; x_wconf 88' lang='lat' dir='ltr'>quadratum,</span> <span class='ocrx_word' id='word_1_364' title='bbox 1229 4252 1280 4312; x_wconf 87' lang='lat' dir='ltr'>sed</span> <span class='ocrx_word' id='word_1_365' title='bbox 1303 4255 1443 4311; x_wconf 90' lang='lat' dir='ltr'>transitus</span> <span class='ocrx_word' id='word_1_366' title='bbox 1467 4249 1579 4310; x_wconf 88' lang='lat' dir='ltr'>abillo</span> 
     </span>
     <span class='ocr_line' id='line_1_36' title="bbox 233 4336 1579 4420; baseline 0.003 -25"><span class='ocrx_word' id='word_1_367' title='bbox 233 4336 268 4395; x_wconf 85' lang='lat' dir='ltr'>ad</span> <span class='ocrx_word' id='word_1_368' title='bbox 292 4338 369 4396; x_wconf 90' lang='lat' dir='ltr'>bunc</span> <span class='ocrx_word' id='word_1_369' title='bbox 391 4342 545 4399; x_wconf 92' lang='lat' dir='ltr'>continuus</span> <span class='ocrx_word' id='word_1_370' title='bbox 577 4351 621 4400; x_wconf 88' lang='lat' dir='ltr'>est</span> <span class='ocrx_word' id='word_1_371' title='bbox 650 4359 702 4420; x_wconf 89' lang='lat' dir='ltr'>per</span> <span class='ocrx_word' id='word_1_372' title='bbox 733 4340 904 4400; x_wconf 88' lang='lat' dir='ltr'>intermedia</span> <span class='ocrx_word' id='word_1_373' title='bbox 931 4342 1037 4400; x_wconf 85' lang='lat' dir='ltr'>omnia.</span> <span class='ocrx_word' id='word_1_374' title='bbox 1082 4339 1241 4416; x_wconf 82' lang='lat' dir='ltr'>Propterea</span> <span class='ocrx_word' id='word_1_375' title='bbox 1270 4350 1384 4416; x_wconf 90' lang='lat' dir='ltr'>tempus</span> <span class='ocrx_word' id='word_1_376' title='bbox 1412 4341 1579 4399; x_wconf 73' lang='lat' dir='ltr'>intriversum</span> 
     </span>
     <span class='ocr_line' id='line_1_37' title="bbox 232 4425 1583 4507; baseline 0.002 -25"><span class='ocrx_word' id='word_1_377' title='bbox 232 4433 362 4484; x_wconf 91' lang='lat' dir='ltr'>motuum</span> <span class='ocrx_word' id='word_1_378' title='bbox 386 4428 555 4486; x_wconf 88' lang='lat' dir='ltr'>coelestium</span> <span class='ocrx_word' id='word_1_379' title='bbox 580 4437 724 4504; x_wconf 90' lang='lat' dir='ltr'>occupant</span> <span class='ocrx_word' id='word_1_380' title='bbox 745 4428 990 4507; x_wconf 82' lang='lat' dir='ltr'>configurationes</span> <span class='ocrx_word' id='word_1_381' title='bbox 1011 4425 1158 4485; x_wconf 89' lang='lat' dir='ltr'>radiomm</span> <span class='ocrx_word' id='word_1_382' title='bbox 1180 4430 1379 4500; x_wconf 85' lang='lat' dir='ltr'>inconcinnae,</span> <span class='ocrx_word' id='word_1_383' title='bbox 1404 4427 1583 4504; x_wconf 76' lang='lat' dir='ltr'>dispurrunnt</span> 
     </span>
     <span class='ocr_line' id='line_1_38' title="bbox 235 4512 1582 4601; baseline 0.004 -33"><span class='ocrx_word' id='word_1_384' title='bbox 235 4530 301 4570; x_wconf 87' lang='lat' dir='ltr'>vero</span> <span class='ocrx_word' id='word_1_385' title='bbox 325 4512 428 4571; x_wconf 87' lang='lat' dir='ltr'>saltem</span> <span class='ocrx_word' id='word_1_386' title='bbox 453 4518 538 4573; x_wconf 87' lang='lat' dir='ltr'>certis</span> <span class='ocrx_word' id='word_1_387' title='bbox 561 4519 713 4575; x_wconf 89' lang='lat' dir='ltr'>momentis</span> <span class='ocrx_word' id='word_1_388' title='bbox 731 4515 977 4589; x_wconf 79' lang='lat' dir='ltr'>configurationes</span> <span class='ocrx_word' id='word_1_389' title='bbox 993 4514 1126 4573; x_wconf 90' lang='lat' dir='ltr'>binorum</span> <span class='ocrx_word' id='word_1_390' title='bbox 1142 4523 1193 4573; x_wconf 89' lang='lat' dir='ltr'>aul</span> <span class='ocrx_word' id='word_1_391' title='bbox 1208 4515 1352 4573; x_wconf 90' lang='lat' dir='ltr'>interdum</span> <span class='ocrx_word' id='word_1_392' title='bbox 1368 4516 1506 4572; x_wconf 88' lang='lat' dir='ltr'>trinorurn</span> <span class='ocrx_word' id='word_1_393' title='bbox 1529 4522 1582 4601; x_wconf 79' lang='lat' dir='ltr'>aut</span> 
     </span>
     <span class='ocr_line' id='line_1_39' title="bbox 233 4602 1579 4678; baseline 0.001 -22"><span class='ocrx_word' id='word_1_394' title='bbox 233 4602 318 4658; x_wconf 89' lang='lat' dir='ltr'>etiam</span> <span class='ocrx_word' id='word_1_395' title='bbox 350 4611 555 4675; x_wconf 88' lang='lat' dir='ltr'>quaternorum</span> <span class='ocrx_word' id='word_1_396' title='bbox 585 4604 784 4675; x_wconf 89' lang='lat' dir='ltr'>harmonicae,</span> <span class='ocrx_word' id='word_1_397' title='bbox 818 4602 936 4677; x_wconf 88' lang='lat' dir='ltr'>reliquis</span> <span class='ocrx_word' id='word_1_398' title='bbox 970 4603 999 4658; x_wconf 93' lang='lat' dir='ltr'>in</span> <span class='ocrx_word' id='word_1_399' title='bbox 1022 4604 1243 4678; x_wconf 82' lang='lat' dir='ltr'>incongruentia</span> <span class='ocrx_word' id='word_1_400' title='bbox 1266 4602 1468 4677; x_wconf 82' lang='lat' dir='ltr'>pergentibus3</span> <span class='ocrx_word' id='word_1_401' title='bbox 1500 4606 1533 4659; x_wconf 87' lang='lat' dir='ltr'>ut</span> <span class='ocrx_word' id='word_1_402' title='bbox 1554 4603 1579 4665; x_wconf 83' lang='lat' dir='ltr'>si</span> 
     </span>
     <span class='ocr_line' id='line_1_40' title="bbox 233 4683 1581 4763; baseline 0.004 -20"><span class='ocrx_word' id='word_1_403' title='bbox 233 4696 343 4762; x_wconf 87' lang='lat' dir='ltr'>septem</span> <span class='ocrx_word' id='word_1_404' title='bbox 368 4705 478 4746; x_wconf 83' lang='lat' dir='ltr'>carmne</span> <span class='ocrx_word' id='word_1_405' title='bbox 502 4693 656 4763; x_wconf 74' lang='lat' dir='ltr'>organicas</span> <span class='ocrx_word' id='word_1_406' title='bbox 678 4707 767 4749; x_wconf 88' lang='lat' dir='ltr'>sonos</span> <span class='ocrx_word' id='word_1_407' title='bbox 789 4683 1069 4748; x_wconf 78' lang='lat' dir='ltr'>totidem&#39;dissonoa</span> <span class='ocrx_word' id='word_1_408' title='bbox 1092 4691 1231 4748; x_wconf 89' lang='lat' dir='ltr'>continua</span> <span class='ocrx_word' id='word_1_409' title='bbox 1253 4690 1394 4747; x_wconf 81' lang='lat' dir='ltr'>tensionis</span> <span class='ocrx_word' id='word_1_410' title='bbox 1410 4688 1581 4748; x_wconf 80' lang='lat' dir='ltr'>alteratione</span> 
     </span>
     <span class='ocr_line' id='line_1_41' title="bbox 233 4774 1582 4854; baseline 0.001 -22"><span class='ocrx_word' id='word_1_411' title='bbox 233 4777 396 4834; x_wconf 85' lang='lat' dir='ltr'>emitterent</span> <span class='ocrx_word' id='word_1_412' title='bbox 418 4776 557 4851; x_wconf 86' lang='lat' dir='ltr'>fieretque</span> <span class='ocrx_word' id='word_1_413' title='bbox 580 4780 743 4836; x_wconf 90' lang='lat' dir='ltr'>tensionum</span> <span class='ocrx_word' id='word_1_414' title='bbox 768 4777 938 4836; x_wconf 83' lang='lat' dir='ltr'>obviatione</span> <span class='ocrx_word' id='word_1_415' title='bbox 961 4784 1073 4854; x_wconf 86' lang='lat' dir='ltr'>mutos,</span> <span class='ocrx_word' id='word_1_416' title='bbox 1096 4783 1128 4834; x_wconf 92' lang='lat' dir='ltr'>nt</span> <span class='ocrx_word' id='word_1_417' title='bbox 1150 4774 1293 4835; x_wconf 88' lang='lat' dir='ltr'>interdurn</span> <span class='ocrx_word' id='word_1_418' title='bbox 1314 4776 1400 4834; x_wconf 88' lang='lat' dir='ltr'>binae</span> <span class='ocrx_word' id='word_1_419' title='bbox 1423 4774 1471 4834; x_wconf 85' lang='lat' dir='ltr'>vel</span> <span class='ocrx_word' id='word_1_420' title='bbox 1487 4778 1582 4854; x_wconf 81' lang='lat' dir='ltr'>trinae</span> 
     </span>
     <span class='ocr_line' id='line_1_42' title="bbox 233 4862 1581 4941; baseline 0.004 -22"><span class='ocrx_word' id='word_1_421' title='bbox 233 4872 442 4936; x_wconf 85' lang='lat' dir='ltr'>consonarent,</span> <span class='ocrx_word' id='word_1_422' title='bbox 473 4866 575 4922; x_wconf 89' lang='lat' dir='ltr'>ceteris</span> <span class='ocrx_word' id='word_1_423' title='bbox 606 4865 833 4925; x_wconf 85' lang='lat' dir='ltr'>dissonantibus.</span> <span class='ocrx_word' id='word_1_424' title='bbox 878 4863 924 4923; x_wconf 89' lang='lat' dir='ltr'>lta</span> <span class='ocrx_word' id='word_1_425' title='bbox 953 4880 1022 4923; x_wconf 83' lang='lat' dir='ltr'>vere</span> <span class='ocrx_word' id='word_1_426' title='bbox 1048 4871 1078 4923; x_wconf 87' lang='lat' dir='ltr'>et</span> <span class='ocrx_word' id='word_1_427' title='bbox 1100 4865 1216 4941; x_wconf 89' lang='lat' dir='ltr'>proprie</span> <span class='ocrx_word' id='word_1_428' title='bbox 1245 4862 1392 4939; x_wconf 88' lang='lat' dir='ltr'>loquendo</span> <span class='ocrx_word' id='word_1_429' title='bbox 1415 4865 1581 4939; x_wconf 85' lang='lat' dir='ltr'>ipsissimas</span> 
     </span>
     <span class='ocr_line' id='line_1_43' title="bbox 233 4944 1581 5028; baseline 0.003 -23"><span class='ocrx_word' id='word_1_430' title='bbox 233 4948 420 5008; x_wconf 88' lang='lat' dir='ltr'>harmonicae</span> <span class='ocrx_word' id='word_1_431' title='bbox 444 4950 689 5026; x_wconf 84' lang='lat' dir='ltr'>configurationes</span> <span class='ocrx_word' id='word_1_432' title='bbox 712 4970 769 5011; x_wconf 91' lang='lat' dir='ltr'>non</span> <span class='ocrx_word' id='word_1_433' title='bbox 792 4959 859 5010; x_wconf 88' lang='lat' dir='ltr'>sunt</span> <span class='ocrx_word' id='word_1_434' title='bbox 883 4952 913 5009; x_wconf 93' lang='lat' dir='ltr'>in</span> <span class='ocrx_word' id='word_1_435' title='bbox 936 4944 1082 5028; x_wconf 83' lang='lat' dir='ltr'>te&#39;mpore,</span> <span class='ocrx_word' id='word_1_436' title='bbox 1109 4950 1161 5010; x_wconf 89' lang='lat' dir='ltr'>sed</span> <span class='ocrx_word' id='word_1_437' title='bbox 1183 4953 1212 5007; x_wconf 91' lang='lat' dir='ltr'>in</span> <span class='ocrx_word' id='word_1_438' title='bbox 1235 4952 1389 5009; x_wconf 88' lang='lat' dir='ltr'>momentis</span> <span class='ocrx_word' id='word_1_439' title='bbox 1411 4950 1581 5009; x_wconf 78' lang='lat' dir='ltr'>indivisibi-</span> 
     </span>
     <span class='ocr_line' id='line_1_44' title="bbox 231 5033 1582 5114; baseline 0.003 -23"><span class='ocrx_word' id='word_1_440' title='bbox 231 5034 310 5095; x_wconf 92' lang='lat' dir='ltr'>libus</span> <span class='ocrx_word' id='word_1_441' title='bbox 333 5037 529 5111; x_wconf 81' lang='lat' dir='ltr'>perficiuntur.</span> <span class='ocrx_word' id='word_1_442' title='bbox 574 5040 636 5097; x_wconf 80' lang='lat' dir='ltr'>Etsi</span> <span class='ocrx_word' id='word_1_443' title='bbox 660 5058 761 5099; x_wconf 87' lang='lat' dir='ltr'>verum</span> <span class='ocrx_word' id='word_1_444' title='bbox 780 5040 867 5113; x_wconf 82' lang='lat' dir='ltr'>juxta</span> <span class='ocrx_word' id='word_1_445' title='bbox 890 5047 918 5098; x_wconf 86' lang='lat' dir='ltr'>et</span> <span class='ocrx_word' id='word_1_446' title='bbox 940 5039 997 5099; x_wconf 92' lang='lat' dir='ltr'>hoc</span> <span class='ocrx_word' id='word_1_447' title='bbox 1019 5047 1072 5111; x_wconf 87' lang='lat' dir='ltr'>est,</span> <span class='ocrx_word' id='word_1_448' title='bbox 1096 5039 1320 5111; x_wconf 90' lang='lat' dir='ltr'>commotiones,</span> <span class='ocrx_word' id='word_1_449' title='bbox 1344 5055 1420 5114; x_wconf 89' lang='lat' dir='ltr'>qnae</span> <span class='ocrx_word' id='word_1_450' title='bbox 1443 5055 1476 5096; x_wconf 81' lang='lat' dir='ltr'>cr</span> <span class='ocrx_word' id='word_1_451' title='bbox 1500 5033 1582 5102; x_wconf 80' lang='lat' dir='ltr'>bisce</span> 
     </span>
     <span class='ocr_line' id='line_1_45' title="bbox 232 5123 1582 5200; baseline 0.003 -20"><span class='ocrx_word' id='word_1_452' title='bbox 232 5123 391 5181; x_wconf 87' lang='lat' dir='ltr'>harmoniis</span> <span class='ocrx_word' id='word_1_453' title='bbox 415 5127 443 5182; x_wconf 97' lang='lat' dir='ltr'>in</span> <span class='ocrx_word' id='word_1_454' title='bbox 468 5127 571 5183; x_wconf 89' lang='lat' dir='ltr'>animis</span> <span class='ocrx_word' id='word_1_455' title='bbox 594 5129 730 5200; x_wconf 82' lang='lat' dir='ltr'>existunt,</span> <span class='ocrx_word' id='word_1_456' title='bbox 755 5143 812 5185; x_wconf 93' lang='lat' dir='ltr'>non</span> <span class='ocrx_word' id='word_1_457' title='bbox 836 5144 900 5186; x_wconf 88' lang='lat' dir='ltr'>esse</span> <span class='ocrx_word' id='word_1_458' title='bbox 915 5135 1144 5198; x_wconf 87' lang='lat' dir='ltr'>momentaneas,</span> <span class='ocrx_word' id='word_1_459' title='bbox 1167 5133 1287 5185; x_wconf 84' lang='lat' dir='ltr'>movent</span> <span class='ocrx_word' id='word_1_460' title='bbox 1302 5128 1378 5184; x_wconf 84' lang='lat' dir='ltr'>enirn</span> <span class='ocrx_word' id='word_1_461' title='bbox 1394 5123 1582 5186; x_wconf 86' lang='lat' dir='ltr'>bannonlesie</span> 
     </span>
     <span class='ocr_line' id='line_1_46' title="bbox 233 5212 1581 5291; baseline 0.004 -22"><span class='ocrx_word' id='word_1_462' title='bbox 233 5213 491 5288; x_wconf 86' lang='lat' dir='ltr'>configurationes,</span> <span class='ocrx_word' id='word_1_463' title='bbox 525 5222 669 5288; x_wconf 86' lang='lat' dir='ltr'>quatenus</span> <span class='ocrx_word' id='word_1_464' title='bbox 699 5222 766 5273; x_wconf 90' lang='lat' dir='ltr'>sunt</span> <span class='ocrx_word' id='word_1_465' title='bbox 797 5214 826 5269; x_wconf 94' lang='lat' dir='ltr'>in</span> <span class='ocrx_word' id='word_1_466' title='bbox 848 5213 930 5289; x_wconf 65' lang='lat' dir='ltr'>licei,</span> <span class='ocrx_word' id='word_1_467' title='bbox 961 5223 990 5273; x_wconf 91' lang='lat' dir='ltr'>et</span> <span class='ocrx_word' id='word_1_468' title='bbox 1017 5215 1134 5290; x_wconf 88' lang='lat' dir='ltr'>inipso</span> <span class='ocrx_word' id='word_1_469' title='bbox 1162 5220 1325 5285; x_wconf 85' lang='lat' dir='ltr'>momento,</span> <span class='ocrx_word' id='word_1_470' title='bbox 1354 5230 1413 5289; x_wconf 87' lang='lat' dir='ltr'>quo</span> <span class='ocrx_word' id='word_1_471' title='bbox 1435 5212 1581 5291; x_wconf 80' lang='lat' dir='ltr'>periectas</span> 
     </span>
     <span class='ocr_line' id='line_1_47' title="bbox 233 5298 1665 5377; baseline 0.001 -20"><span class='ocrx_word' id='word_1_472' title='bbox 233 5299 313 5371; x_wconf 86' lang='lat' dir='ltr'>liunt,</span> <span class='ocrx_word' id='word_1_473' title='bbox 336 5317 448 5357; x_wconf 90' lang='lat' dir='ltr'>rursum</span> <span class='ocrx_word' id='word_1_474' title='bbox 473 5303 592 5358; x_wconf 89' lang='lat' dir='ltr'>remittit</span> <span class='ocrx_word' id='word_1_475' title='bbox 616 5319 713 5360; x_wconf 87' lang='lat' dir='ltr'>carum</span> <span class='ocrx_word' id='word_1_476' title='bbox 737 5298 889 5373; x_wconf 74' lang='lat' dir='ltr'>stimulus,</span> <span class='ocrx_word' id='word_1_477' title='bbox 913 5317 1002 5376; x_wconf 86' lang='lat' dir='ltr'>opera</span> <span class='ocrx_word' id='word_1_478' title='bbox 1027 5317 1096 5361; x_wconf 88' lang='lat' dir='ltr'>vero</span> <span class='ocrx_word' id='word_1_479' title='bbox 1119 5306 1254 5375; x_wconf 79' lang='lat' dir='ltr'>naturae,</span> <span class='ocrx_word' id='word_1_480' title='bbox 1278 5317 1354 5376; x_wconf 87' lang='lat' dir='ltr'>quse</span> <span class='ocrx_word' id='word_1_481' title='bbox 1376 5317 1428 5377; x_wconf 91' lang='lat' dir='ltr'>per</span> <span class='ocrx_word' id='word_1_482' title='bbox 1450 5299 1505 5361; x_wconf 85' lang='lat' dir='ltr'>hos</span> <span class='ocrx_word' id='word_1_483' title='bbox 1526 5299 1582 5360; x_wconf 66' lang='lat' dir='ltr'>slis·</span> <span class='ocrx_word' id='word_1_484' title='bbox 1660 5328 1665 5336; x_wconf 88' lang='lat'><strong>·</strong></span> 
     </span>
     <span class='ocr_line' id='line_1_48' title="bbox 233 5385 1582 5464; baseline 0.002 -21"><span class='ocrx_word' id='word_1_485' title='bbox 233 5387 328 5446; x_wconf 90' lang='lat' dir='ltr'>mulos</span> <span class='ocrx_word' id='word_1_486' title='bbox 350 5385 554 5464; x_wconf 78' lang='lat' dir='ltr'>sollicitantur,</span> <span class='ocrx_word' id='word_1_487' title='bbox 574 5387 635 5462; x_wconf 90' lang='lat' dir='ltr'>jam</span> <span class='ocrx_word' id='word_1_488' title='bbox 659 5407 676 5447; x_wconf 94' lang='lat' dir='ltr'>a</span> <span class='ocrx_word' id='word_1_489' title='bbox 699 5385 915 5448; x_wconf 89' lang='lat' dir='ltr'>conditionibus</span> <span class='ocrx_word' id='word_1_490' title='bbox 938 5388 1076 5447; x_wconf 89' lang='lat' dir='ltr'>materiae</span> <span class='ocrx_word' id='word_1_491' title='bbox 1098 5403 1249 5446; x_wconf 89' lang='lat' dir='ltr'>mensuras</span> <span class='ocrx_word' id='word_1_492' title='bbox 1267 5389 1416 5463; x_wconf 88' lang='lat' dir='ltr'>accipiunt</span> <span class='ocrx_word' id='word_1_493' title='bbox 1437 5388 1483 5448; x_wconf 90' lang='lat' dir='ltr'>sui</span> <span class='ocrx_word' id='word_1_494' title='bbox 1504 5396 1582 5450; x_wconf 83' lang='lat' dir='ltr'>tem-</span> 
     </span>
     <span class='ocr_line' id='line_1_49' title="bbox 234 5471 1582 5552; baseline 0.004 -19"><span class='ocrx_word' id='word_1_495' title='bbox 234 5478 312 5551; x_wconf 89' lang='lat' dir='ltr'>poris</span> <span class='ocrx_word' id='word_1_496' title='bbox 342 5474 504 5548; x_wconf 80' lang='lat' dir='ltr'>durantque</span> <span class='ocrx_word' id='word_1_497' title='bbox 532 5492 621 5552; x_wconf 88' lang='lat' dir='ltr'>saepe</span> <span class='ocrx_word' id='word_1_498' title='bbox 652 5476 738 5551; x_wconf 82' lang='lat' dir='ltr'>longe</span> <span class='ocrx_word' id='word_1_499' title='bbox 766 5471 843 5532; x_wconf 90' lang='lat' dir='ltr'>ultra</span> <span class='ocrx_word' id='word_1_500' title='bbox 864 5482 1056 5547; x_wconf 89' lang='lat' dir='ltr'>momentum,</span> <span class='ocrx_word' id='word_1_501' title='bbox 1088 5490 1147 5549; x_wconf 92' lang='lat' dir='ltr'>quo</span> <span class='ocrx_word' id='word_1_502' title='bbox 1177 5473 1322 5551; x_wconf 80' lang='lat' dir='ltr'>perficitur</span> <span class='ocrx_word' id='word_1_503' title='bbox 1351 5475 1486 5534; x_wconf 87' lang='lat' dir='ltr'>radiatio.</span> <span class='ocrx_word' id='word_1_504' title='bbox 1531 5473 1582 5538; x_wconf 83' lang='lat' dir='ltr'>Sla</span> 
     </span>
     <span class='ocr_line' id='line_1_50' title="bbox 233 5560 1590 5652; baseline 0.003 -32"><span class='ocrx_word' id='word_1_505' title='bbox 233 5562 368 5622; x_wconf 89' lang='lat' dir='ltr'>machina</span> <span class='ocrx_word' id='word_1_506' title='bbox 390 5575 483 5621; x_wconf 87' lang='lat' dir='ltr'>aenea</span> <span class='ocrx_word' id='word_1_507' title='bbox 506 5562 627 5643; x_wconf 71' lang='lat' dir='ltr'>explosa</span> <span class='ocrx_word' id='word_1_508' title='bbox 650 5564 679 5620; x_wconf 84' lang='lat' dir='ltr'>vi</span> <span class='ocrx_word' id='word_1_509' title='bbox 703 5563 837 5621; x_wconf 87' lang='lat' dir='ltr'>succensi</span> <span class='ocrx_word' id='word_1_510' title='bbox 864 5560 995 5636; x_wconf 83' lang='lat' dir='ltr'>pulsaris</span> <span class='ocrx_word' id='word_1_511' title='bbox 1017 5561 1092 5638; x_wconf 83' lang='lat' dir='ltr'>pyrii</span> <span class='ocrx_word' id='word_1_512' title='bbox 1122 5563 1259 5636; x_wconf 68' lang='lat' dir='ltr'>ignescat,</span> <span class='ocrx_word' id='word_1_513' title='bbox 1290 5579 1344 5622; x_wconf 93' lang='lat' dir='ltr'>nec</span> <span class='ocrx_word' id='word_1_514' title='bbox 1362 5564 1478 5635; x_wconf 89' lang='lat' dir='ltr'>statim,</span> <span class='ocrx_word' id='word_1_515' title='bbox 1509 5579 1590 5652; x_wconf 28' lang='lat' dir='ltr'>eon-v</span> 
     </span>
     <span class='ocr_line' id='line_1_51' title="bbox 132 5648 1582 5729; baseline -0.001 -18"><span class='ocrx_word' id='word_1_516' title='bbox 132 5695 135 5704; x_wconf 76' lang='grc'><strong>.</strong></span> <span class='ocrx_word' id='word_1_517' title='bbox 233 5660 330 5713; x_wconf 87' lang='lat' dir='ltr'>sumta</span> <span class='ocrx_word' id='word_1_518' title='bbox 351 5655 472 5712; x_wconf 89' lang='lat' dir='ltr'>materia</span> <span class='ocrx_word' id='word_1_519' title='bbox 495 5652 587 5729; x_wconf 84' lang='lat' dir='ltr'>ignis,</span> <span class='ocrx_word' id='word_1_520' title='bbox 609 5669 628 5711; x_wconf 91' lang='lat' dir='ltr'>a</span> <span class='ocrx_word' id='word_1_521' title='bbox 650 5651 753 5711; x_wconf 87' lang='lat' dir='ltr'>calore·</span> <span class='ocrx_word' id='word_1_522' title='bbox 767 5650 907 5725; x_wconf 83' lang='lat' dir='ltr'>remittit3</span> <span class='ocrx_word' id='word_1_523' title='bbox 939 5652 982 5708; x_wconf 92' lang='lat' dir='ltr'>sic</span> <span class='ocrx_word' id='word_1_524' title='bbox 1004 5665 1109 5726; x_wconf 82' lang='lat' dir='ltr'>corpus</span> <span class='ocrx_word' id='word_1_525' title='bbox 1132 5648 1281 5724; x_wconf 82' lang='lat' dir='ltr'>animalis,</span> <span class='ocrx_word' id='word_1_526' title='bbox 1304 5656 1338 5709; x_wconf 87' lang='lat' dir='ltr'>nt</span> <span class='ocrx_word' id='word_1_527' title='bbox 1359 5649 1523 5729; x_wconf 82' lang='lat' dir='ltr'>exemplum</span> <span class='ocrx_word' id='word_1_528' title='bbox 1543 5651 1582 5714; x_wconf 88' lang='lat' dir='ltr'>alt</span> 
     </span>
    </p>
   </div>
   <div class='ocr_carea' id='block_1_9' title="bbox 0 0 1863 7252">
    <p class='ocr_par' dir='ltr' id='par_1_12' title="bbox 0 0 1863 7252">
     <span class='ocr_line' id='line_1_52' title="bbox 0 0 1863 7252; baseline 0 0"><span class='ocrx_word' id='word_1_529' title='bbox 0 0 1863 7252; x_wconf 95' lang='lat' dir='ltr'> </span> 
     </span>
    </p>
   </div>
  </div>
 </body>
</html>
