<?xml version="1.0" encoding="UTF-8"?>
<!DOCTYPE html PUBLIC "-//W3C//DTD XHTML 1.0 Transitional//EN"
    "http://www.w3.org/TR/xhtml1/DTD/xhtml1-transitional.dtd">
<html xmlns="http://www.w3.org/1999/xhtml" xml:lang="en" lang="en">
 <head>
  <title>
</title>
<meta http-equiv="Content-Type" content="text/html;charset=utf-8" />
  <meta name='ocr-system' content='tesseract 3.04.00' />
  <meta name='ocr-capabilities' content='ocr_page ocr_carea ocr_par ocr_line ocrx_word'/>
</head>
<body>
  <div class='ocr_page' id='page_1' title='image "./joanniskepleria09frisgoog_0462.png"; bbox 0 0 3684 7259; ppageno 0'>
   <div class='ocr_carea' id='block_1_1' title="bbox 271 1167 1256 1259">
    <p class='ocr_par' dir='ltr' id='par_1_1' title="bbox 271 1167 1256 1259">
     <span class='ocr_line' id='line_1_1' title="bbox 271 1167 1256 1259; baseline -0.003 -11"><span class='ocrx_word' id='word_1_1' title='bbox 271 1171 337 1249; x_wconf 72' lang='lat'><strong>450</strong></span> <span class='ocrx_word' id='word_1_2' title='bbox 738 1187 905 1259; x_wconf 77' lang='lat' dir='ltr'><strong>Appendicis</strong></span> <span class='ocrx_word' id='word_1_3' title='bbox 922 1188 1147 1246; x_wconf 77' lang='lat' dir='ltr'><strong>Harmonieornm</strong></span> <span class='ocrx_word' id='word_1_4' title='bbox 1251 1167 1256 1184; x_wconf 62' lang='lat'><strong><em>¹</em></strong></span> 
     </span>
    </p>
   </div>
   <div class='ocr_carea' id='block_1_2' title="bbox 203 1359 1627 3977">
    <p class='ocr_par' dir='ltr' id='par_1_2' title="bbox 247 1359 1624 1790">
     <span class='ocr_line' id='line_1_2' title="bbox 271 1359 1620 1443; baseline -0.005 -19"><span class='ocrx_word' id='word_1_5' title='bbox 271 1362 418 1441; x_wconf 58' lang='lat' dir='ltr'><strong>snmus</strong></span> <span class='ocrx_word' id='word_1_6' title='bbox 450 1364 717 1441; x_wconf 62' lang='lat' dir='ltr'><strong>comprehensionis</strong></span> <span class='ocrx_word' id='word_1_7' title='bbox 738 1369 778 1441; x_wconf 81' lang='lat' dir='ltr'><strong>(si</strong></span> <span class='ocrx_word' id='word_1_8' title='bbox 800 1384 861 1443; x_wconf 89' lang='lat' dir='ltr'><strong>qua</strong></span> <span class='ocrx_word' id='word_1_9' title='bbox 888 1368 942 1427; x_wconf 88' lang='lat' dir='ltr'><strong>ills</strong></span> <span class='ocrx_word' id='word_1_10' title='bbox 965 1368 993 1424; x_wconf 93' lang='lat' dir='ltr'><strong>in</strong></span> <span class='ocrx_word' id='word_1_11' title='bbox 1016 1368 1155 1438; x_wconf 87' lang='lat' dir='ltr'><strong>materia,</strong></span> <span class='ocrx_word' id='word_1_12' title='bbox 1185 1371 1218 1423; x_wconf 85' lang='lat' dir='ltr'><strong>at</strong></span> <span class='ocrx_word' id='word_1_13' title='bbox 1242 1371 1287 1423; x_wconf 87' lang='lat' dir='ltr'><strong>est</strong></span> <span class='ocrx_word' id='word_1_14' title='bbox 1308 1361 1493 1433; x_wconf 76' lang='lat' dir='ltr'><strong>harmonica,</strong></span> <span class='ocrx_word' id='word_1_15' title='bbox 1523 1359 1620 1419; x_wconf 89' lang='lat' dir='ltr'><strong>locum</strong></span> 
     </span>
     <span class='ocr_line' id='line_1_3' title="bbox 271 1449 1624 1530; baseline -0.008 -13"><span class='ocrx_word' id='word_1_16' title='bbox 271 1452 461 1525; x_wconf 68' lang='lat' dir='ltr'><strong>meritos)</strong></span> <span class='ocrx_word' id='word_1_17' title='bbox 490 1454 697 1512; x_wconf 67' lang='lat' dir='ltr'><strong>excellentiora</strong></span> <span class='ocrx_word' id='word_1_18' title='bbox 727 1456 906 1514; x_wconf 73' lang='lat' dir='ltr'><strong>cbuoe‘saesn</strong></span> <span class='ocrx_word' id='word_1_19' title='bbox 959 1453 1017 1530; x_wconf 86' lang='lat' dir='ltr'><strong>Qni</strong></span> <span class='ocrx_word' id='word_1_20' title='bbox 1048 1471 1114 1512; x_wconf 84' lang='lat' dir='ltr'><strong>cnm</strong></span> <span class='ocrx_word' id='word_1_21' title='bbox 1143 1454 1183 1510; x_wconf 88' lang='lat' dir='ltr'><strong>sit</strong></span> <span class='ocrx_word' id='word_1_22' title='bbox 1210 1449 1462 1527; x_wconf 85' lang='lat' dir='ltr'><strong>comparationum</strong></span> <span class='ocrx_word' id='word_1_23' title='bbox 1494 1465 1624 1506; x_wconf 72' lang='lat' dir='ltr'><strong>marum</strong></span> 
     </span>
     <span class='ocr_line' id='line_1_4' title="bbox 270 1537 1623 1618; baseline -0.004 -21"><span class='ocrx_word' id='word_1_24' title='bbox 270 1556 387 1614; x_wconf 87' lang='lat' dir='ltr'><strong>scopus,</strong></span> <span class='ocrx_word' id='word_1_25' title='bbox 410 1539 563 1599; x_wconf 87' lang='lat' dir='ltr'><strong>ostendere</strong></span> <span class='ocrx_word' id='word_1_26' title='bbox 584 1540 695 1600; x_wconf 88' lang='lat' dir='ltr'><strong>scilieet</strong></span> <span class='ocrx_word' id='word_1_27' title='bbox 718 1542 884 1615; x_wconf 81' lang='lat' dir='ltr'><strong>lectoribus,</strong></span> <span class='ocrx_word' id='word_1_28' title='bbox 908 1542 988 1618; x_wconf 93' lang='lat' dir='ltr'><strong>qnod</strong></span> <span class='ocrx_word' id='word_1_29' title='bbox 1010 1543 1189 1611; x_wconf 69' lang='lat' dir='ltr'><strong>harmonica</strong></span> <span class='ocrx_word' id='word_1_30' title='bbox 1211 1557 1272 1598; x_wconf 88' lang='lat' dir='ltr'><strong>sem</strong></span> <span class='ocrx_word' id='word_1_31' title='bbox 1294 1537 1544 1608; x_wconf 84' lang='lat' dir='ltr'><strong>mathematicam,</strong></span> <span class='ocrx_word' id='word_1_32' title='bbox 1566 1552 1623 1610; x_wconf 76' lang='lat' dir='ltr'><strong>ego</strong></span> 
     </span>
     <span class='ocr_line' id='line_1_5' title="bbox 270 1624 1623 1704; baseline -0.003 -19"><span class='ocrx_word' id='word_1_33' title='bbox 270 1627 383 1685; x_wconf 86' lang='lat' dir='ltr'><strong>tradam</strong></span> <span class='ocrx_word' id='word_1_34' title='bbox 406 1626 625 1700; x_wconf 85' lang='lat' dir='ltr'><strong>mathematice,</strong></span> <span class='ocrx_word' id='word_1_35' title='bbox 656 1639 687 1687; x_wconf 91' lang='lat' dir='ltr'><strong>tn</strong></span> <span class='ocrx_word' id='word_1_36' title='bbox 711 1629 892 1702; x_wconf 87' lang='lat' dir='ltr'><strong>Hermetioe,</strong></span> <span class='ocrx_word' id='word_1_37' title='bbox 925 1632 1014 1688; x_wconf 87' lang='lat' dir='ltr'><strong>miror</strong></span> <span class='ocrx_word' id='word_1_38' title='bbox 1034 1632 1137 1704; x_wconf 79' lang='lat' dir='ltr'><strong>igitur,</strong></span> <span class='ocrx_word' id='word_1_39' title='bbox 1168 1645 1219 1685; x_wconf 87' lang='lat' dir='ltr'><strong>cur</strong></span> <span class='ocrx_word' id='word_1_40' title='bbox 1249 1626 1332 1684; x_wconf 92' lang='lat' dir='ltr'><strong>illum</strong></span> <span class='ocrx_word' id='word_1_41' title='bbox 1362 1635 1393 1682; x_wconf 92' lang='lat' dir='ltr'><strong>tu</strong></span> <span class='ocrx_word' id='word_1_42' title='bbox 1416 1624 1491 1682; x_wconf 89' lang='lat' dir='ltr'><strong>mihi</strong></span> <span class='ocrx_word' id='word_1_43' title='bbox 1518 1641 1623 1700; x_wconf 80' lang='lat' dir='ltr'><strong>pergas</strong></span> 
     </span>
     <span class='ocr_line' id='line_1_6' title="bbox 247 1711 1624 1790; baseline -0.004 -17"><span class='ocrx_word' id='word_1_44' title='bbox 247 1749 250 1758; x_wconf 80' lang='lat'><em>=</em></span> <span class='ocrx_word' id='word_1_45' title='bbox 269 1714 415 1786; x_wconf 76' lang='lat' dir='ltr'><strong>ablatum,</strong></span> <span class='ocrx_word' id='word_1_46' title='bbox 434 1732 521 1790; x_wconf 90' lang='lat' dir='ltr'><strong>quem</strong></span> <span class='ocrx_word' id='word_1_47' title='bbox 544 1715 680 1775; x_wconf 86' lang='lat' dir='ltr'><strong>omuibus</strong></span> <span class='ocrx_word' id='word_1_48' title='bbox 702 1721 842 1776; x_wconf 91' lang='lat' dir='ltr'><strong>orationis</strong></span> <span class='ocrx_word' id='word_1_49' title='bbox 856 1730 925 1776; x_wconf 87' lang='lat' dir='ltr'><strong>tuae</strong></span> <span class='ocrx_word' id='word_1_50' title='bbox 940 1716 1053 1777; x_wconf 82' lang='lat' dir='ltr'><strong>voculis</strong></span> <span class='ocrx_word' id='word_1_51' title='bbox 1070 1716 1233 1774; x_wconf 81' lang='lat' dir='ltr'><strong>confirmari</strong></span> <span class='ocrx_word' id='word_1_52' title='bbox 1251 1714 1399 1787; x_wconf 87' lang='lat' dir='ltr'><strong>altiusque</strong></span> <span class='ocrx_word' id='word_1_53' title='bbox 1415 1711 1503 1787; x_wconf 82' lang='lat' dir='ltr'><strong>deligi</strong></span> <span class='ocrx_word' id='word_1_54' title='bbox 1520 1714 1624 1769; x_wconf 90' lang='lat' dir='ltr'><strong>cemia.</strong></span> 
     </span>
    </p>

    <p class='ocr_par' dir='ltr' id='par_1_3' title="bbox 206 1799 1627 2836">
     <span class='ocr_line' id='line_1_7' title="bbox 357 1799 1624 1881; baseline -0.004 -20"><span class='ocrx_word' id='word_1_55' title='bbox 357 1801 416 1861; x_wconf 81' lang='lat' dir='ltr'><strong>Sed</strong></span> <span class='ocrx_word' id='word_1_56' title='bbox 444 1803 599 1861; x_wconf 82' lang='lat' dir='ltr'><strong>audiamus</strong></span> <span class='ocrx_word' id='word_1_57' title='bbox 629 1806 732 1879; x_wconf 87' lang='lat' dir='ltr'><strong>etism,</strong></span> <span class='ocrx_word' id='word_1_58' title='bbox 764 1805 834 1881; x_wconf 86' lang='lat' dir='ltr'><strong>qnid</strong></span> <span class='ocrx_word' id='word_1_59' title='bbox 863 1816 894 1864; x_wconf 93' lang='lat' dir='ltr'><strong>tu</strong></span> <span class='ocrx_word' id='word_1_60' title='bbox 916 1808 991 1864; x_wconf 89' lang='lat' dir='ltr'><strong>mols</strong></span> <span class='ocrx_word' id='word_1_61' title='bbox 1021 1804 1146 1879; x_wconf 83' lang='lat' dir='ltr'><strong>objicias</strong></span> <span class='ocrx_word' id='word_1_62' title='bbox 1173 1800 1472 1860; x_wconf 72' lang='lat' dir='ltr'><strong>demonstrationibus</strong></span> <span class='ocrx_word' id='word_1_63' title='bbox 1494 1799 1624 1856; x_wconf 86' lang='lat' dir='ltr'><strong>musicis.</strong></span> 
     </span>
     <span class='ocr_line' id='line_1_8' title="bbox 270 1886 1626 1969; baseline -0.005 -20"><span class='ocrx_word' id='word_1_64' title='bbox 270 1889 358 1949; x_wconf 72' lang='lat' dir='ltr'><strong>Duos</strong></span> <span class='ocrx_word' id='word_1_65' title='bbox 381 1892 478 1965; x_wconf 88' lang='lat' dir='ltr'><strong>inquis</strong></span> <span class='ocrx_word' id='word_1_66' title='bbox 500 1891 629 1949; x_wconf 76' lang='lat' dir='ltr'><em>chordae</em></span> <span class='ocrx_word' id='word_1_67' title='bbox 651 1895 789 1969; x_wconf 63' lang='lat' dir='ltr'><strong>emulis</strong></span> <span class='ocrx_word' id='word_1_68' title='bbox 811 1897 953 1952; x_wconf 62' lang='lat' dir='ltr'><strong>menonis</strong></span> <span class='ocrx_word' id='word_1_69' title='bbox 973 1892 1166 1966; x_wconf 47' lang='lat' dir='ltr'><strong>&amp;aedemque</strong></span> <span class='ocrx_word' id='word_1_70' title='bbox 1186 1889 1394 1964; x_wconf 63' lang='lat' dir='ltr'><strong>tammonis,</strong></span> <span class='ocrx_word' id='word_1_71' title='bbox 1417 1886 1469 1945; x_wconf 79' lang='lat' dir='ltr'><strong>ssd</strong></span> <span class='ocrx_word' id='word_1_72' title='bbox 1489 1886 1626 1943; x_wconf 77' lang='lat' dir='ltr'><strong>divorsos</strong></span> 
     </span>
     <span class='ocr_line' id='line_1_9' title="bbox 268 1974 1622 2055; baseline -0.004 -20"><span class='ocrx_word' id='word_1_73' title='bbox 268 1980 435 2054; x_wconf 75' lang='lat' dir='ltr'><strong>qroseitici,</strong></span> <span class='ocrx_word' id='word_1_74' title='bbox 464 1983 678 2037; x_wconf 68' lang='lat' dir='ltr'><strong>wmonmthos</strong></span> <span class='ocrx_word' id='word_1_75' title='bbox 708 1984 812 2037; x_wconf 71' lang='lat' dir='ltr'><strong>comos</strong></span> <span class='ocrx_word' id='word_1_76' title='bbox 841 1985 875 2037; x_wconf 86' lang='lat' dir='ltr'><strong>in</strong></span> <span class='ocrx_word' id='word_1_77' title='bbox 901 1982 1050 2055; x_wconf 71' lang='lat' dir='ltr'><strong>praeibas</strong></span> <span class='ocrx_word' id='word_1_78' title='bbox 1077 1986 1105 2036; x_wconf 81' lang='lat' dir='ltr'><strong>et</strong></span> <span class='ocrx_word' id='word_1_79' title='bbox 1133 1981 1231 2035; x_wconf 72' lang='lat' dir='ltr'><strong>acuas</strong></span> <span class='ocrx_word' id='word_1_80' title='bbox 1257 1976 1382 2034; x_wconf 81' lang='lat' dir='ltr'><strong>reddere</strong></span> <span class='ocrx_word' id='word_1_81' title='bbox 1410 1975 1515 2032; x_wconf 73' lang='grc' dir='ltr'>ιοίειιι</span> <span class='ocrx_word' id='word_1_82' title='bbox 1563 1974 1622 2030; x_wconf 79' lang='lat' dir='ltr'><strong>Aut</strong></span> 
     </span>
     <span class='ocr_line' id='line_1_10' title="bbox 270 2061 1626 2144; baseline -0.002 -24"><span class='ocrx_word' id='word_1_83' title='bbox 270 2061 371 2123; x_wconf 89' lang='lat' dir='ltr'><strong>desine</strong></span> <span class='ocrx_word' id='word_1_84' title='bbox 393 2064 464 2121; x_wconf 89' lang='lat' dir='ltr'><strong>mihi</strong></span> <span class='ocrx_word' id='word_1_85' title='bbox 487 2064 609 2140; x_wconf 80' lang='lat' dir='ltr'><strong>obloqui</strong></span> <span class='ocrx_word' id='word_1_86' title='bbox 632 2070 659 2124; x_wconf 93' lang='lat' dir='ltr'><strong>in</strong></span> <span class='ocrx_word' id='word_1_87' title='bbox 682 2070 863 2144; x_wconf 68' lang='lat' dir='ltr'><strong>professione</strong></span> <span class='ocrx_word' id='word_1_88' title='bbox 886 2084 961 2141; x_wconf 89' lang='lat' dir='ltr'><strong>mea,</strong></span> <span class='ocrx_word' id='word_1_89' title='bbox 985 2076 1037 2126; x_wconf 88' lang='lat' dir='ltr'><strong>aut</strong></span> <span class='ocrx_word' id='word_1_90' title='bbox 1059 2086 1078 2124; x_wconf 88' lang='lat' dir='ltr'><strong>a</strong></span> <span class='ocrx_word' id='word_1_91' title='bbox 1099 2083 1146 2123; x_wconf 90' lang='lat' dir='ltr'><strong>me</strong></span> <span class='ocrx_word' id='word_1_92' title='bbox 1169 2064 1248 2123; x_wconf 89' lang='lat' dir='ltr'><strong>disce</strong></span> <span class='ocrx_word' id='word_1_93' title='bbox 1267 2061 1360 2138; x_wconf 86' lang='lat' dir='ltr'><strong>loqui.</strong></span> <span class='ocrx_word' id='word_1_94' title='bbox 1403 2061 1556 2132; x_wconf 80' lang='lat' dir='ltr'><strong>Diversoa,</strong></span> <span class='ocrx_word' id='word_1_95' title='bbox 1581 2064 1626 2117; x_wconf 83' lang='lat' dir='ltr'><strong>sis</strong></span> 
     </span>
     <span class='ocr_line' id='line_1_11' title="bbox 270 2147 1627 2230; baseline -0.001 -22"><span class='ocrx_word' id='word_1_96' title='bbox 270 2149 382 2223; x_wconf 63' lang='lat' dir='ltr'><strong>disee,</strong></span> <span class='ocrx_word' id='word_1_97' title='bbox 411 2168 501 2211; x_wconf 91' lang='lat' dir='ltr'><strong>sonos</strong></span> <span class='ocrx_word' id='word_1_98' title='bbox 529 2152 619 2211; x_wconf 88' lang='lat' dir='ltr'><strong>edunt</strong></span> <span class='ocrx_word' id='word_1_99' title='bbox 647 2171 738 2213; x_wconf 84' lang='lat' dir='ltr'><strong>eausa</strong></span> <span class='ocrx_word' id='word_1_100' title='bbox 767 2158 910 2213; x_wconf 81' lang='lat' dir='ltr'><strong>acuminis</strong></span> <span class='ocrx_word' id='word_1_101' title='bbox 941 2165 970 2212; x_wconf 88' lang='lat' dir='ltr'><strong>et</strong></span> <span class='ocrx_word' id='word_1_102' title='bbox 998 2153 1163 2230; x_wconf 71' lang='lat' dir='ltr'><strong>graviensis.</strong></span> <span class='ocrx_word' id='word_1_103' title='bbox 1208 2153 1299 2226; x_wconf 81' lang='lat' dir='ltr'><strong>Atqui</strong></span> <span class='ocrx_word' id='word_1_104' title='bbox 1327 2148 1514 2230; x_wconf 13' lang='lat' dir='ltr'><strong>siudiversos</strong></span> <span class='ocrx_word' id='word_1_105' title='bbox 1537 2147 1627 2206; x_wconf 87' lang='lat' dir='ltr'><strong>edunt</strong></span> 
     </span>
     <span class='ocr_line' id='line_1_12' title="bbox 269 2234 1625 2317; baseline -0.004 -20"><span class='ocrx_word' id='word_1_106' title='bbox 269 2254 368 2310; x_wconf 91' lang='lat' dir='ltr'><strong>sonos,</strong></span> <span class='ocrx_word' id='word_1_107' title='bbox 391 2256 450 2298; x_wconf 88' lang='lat' dir='ltr'><strong>non</strong></span> <span class='ocrx_word' id='word_1_108' title='bbox 473 2248 628 2298; x_wconf 86' lang='lat' dir='ltr'><strong>censentur</strong></span> <span class='ocrx_word' id='word_1_109' title='bbox 649 2243 819 2317; x_wconf 80' lang='lat' dir='ltr'><strong>aequaliter</strong></span> <span class='ocrx_word' id='word_1_110' title='bbox 840 2251 951 2301; x_wconf 67' lang='lat' dir='ltr'><strong>mos.</strong></span> <span class='ocrx_word' id='word_1_111' title='bbox 995 2241 1126 2299; x_wconf 86' lang='lat' dir='ltr'><strong>Primum</strong></span> <span class='ocrx_word' id='word_1_112' title='bbox 1149 2241 1236 2314; x_wconf 81' lang='lat' dir='ltr'><strong>igitur</strong></span> <span class='ocrx_word' id='word_1_113' title='bbox 1265 2244 1381 2313; x_wconf 87' lang='lat' dir='ltr'><strong>oportet</strong></span> <span class='ocrx_word' id='word_1_114' title='bbox 1404 2236 1478 2294; x_wconf 87' lang='lat' dir='ltr'><strong>dnss</strong></span> <span class='ocrx_word' id='word_1_115' title='bbox 1501 2234 1625 2293; x_wconf 77' lang='lat' dir='ltr'><strong>chordas</strong></span> 
     </span>
     <span class='ocr_line' id='line_1_13' title="bbox 270 2324 1624 2405; baseline -0.004 -21"><span class='ocrx_word' id='word_1_116' title='bbox 270 2343 337 2384; x_wconf 87' lang='lat' dir='ltr'><strong>esse</strong></span> <span class='ocrx_word' id='word_1_117' title='bbox 359 2336 459 2385; x_wconf 88' lang='lat' dir='ltr'><strong>tensas</strong></span> <span class='ocrx_word' id='word_1_118' title='bbox 481 2327 520 2385; x_wconf 90' lang='lat' dir='ltr'><strong>sd</strong></span> <span class='ocrx_word' id='word_1_119' title='bbox 543 2330 708 2399; x_wconf 85' lang='lat' dir='ltr'><strong>unisonum,</strong></span> <span class='ocrx_word' id='word_1_120' title='bbox 732 2346 791 2404; x_wconf 86' lang='lat' dir='ltr'><strong>quo</strong></span> <span class='ocrx_word' id='word_1_121' title='bbox 814 2330 902 2401; x_wconf 88' lang='lat' dir='ltr'><strong>lacto,</strong></span> <span class='ocrx_word' id='word_1_122' title='bbox 922 2330 986 2405; x_wconf 85' lang='lat' dir='ltr'><strong>jam</strong></span> <span class='ocrx_word' id='word_1_123' title='bbox 1009 2328 1133 2388; x_wconf 83' lang='lat' dir='ltr'><strong>eaedem</strong></span> <span class='ocrx_word' id='word_1_124' title='bbox 1154 2328 1241 2404; x_wconf 82' lang='lat' dir='ltr'><strong>plane</strong></span> <span class='ocrx_word' id='word_1_125' title='bbox 1264 2328 1444 2384; x_wconf 81' lang='lat' dir='ltr'><strong>divisionum</strong></span> <span class='ocrx_word' id='word_1_126' title='bbox 1467 2324 1549 2397; x_wconf 73' lang='lat' dir='ltr'><strong>leges</strong></span> <span class='ocrx_word' id='word_1_127' title='bbox 1573 2341 1624 2379; x_wconf 85' lang='lat' dir='ltr'><strong>va-</strong></span> 
     </span>
     <span class='ocr_line' id='line_1_14' title="bbox 268 2412 1623 2492; baseline -0.002 -22"><span class='ocrx_word' id='word_1_128' title='bbox 268 2412 372 2471; x_wconf 88' lang='lat' dir='ltr'><strong>lebunt</strong></span> <span class='ocrx_word' id='word_1_129' title='bbox 404 2419 433 2471; x_wconf 91' lang='lat' dir='ltr'><strong>in</strong></span> <span class='ocrx_word' id='word_1_130' title='bbox 465 2425 603 2489; x_wconf 86' lang='lat' dir='ltr'><strong>utraque,</strong></span> <span class='ocrx_word' id='word_1_131' title='bbox 636 2416 708 2477; x_wconf 90' lang='lat' dir='ltr'><strong>nibil</strong></span> <span class='ocrx_word' id='word_1_132' title='bbox 738 2416 914 2492; x_wconf 84' lang='lat' dir='ltr'><strong>impediente</strong></span> <span class='ocrx_word' id='word_1_133' title='bbox 945 2417 1062 2475; x_wconf 85' lang='lat' dir='ltr'><strong>diversa</strong></span> <span class='ocrx_word' id='word_1_134' title='bbox 1083 2417 1227 2475; x_wconf 75' lang='lat' dir='ltr'><strong>crassitie.</strong></span> <span class='ocrx_word' id='word_1_135' title='bbox 1272 2416 1360 2485; x_wconf 78' lang='lat' dir='ltr'><strong>Esto,</strong></span> <span class='ocrx_word' id='word_1_136' title='bbox 1391 2419 1479 2469; x_wconf 88' lang='lat' dir='ltr'><strong>sonet</strong></span> <span class='ocrx_word' id='word_1_137' title='bbox 1501 2422 1623 2485; x_wconf 86' lang='lat' dir='ltr'><strong>utruque</strong></span> 
     </span>
     <span class='ocr_line' id='line_1_15' title="bbox 206 2497 1623 2578; baseline -0.001 -22"><span class='ocrx_word' id='word_1_138' title='bbox 206 2566 211 2575; x_wconf 34' lang='grc' dir='ltr'>Ι</span> <span class='ocrx_word' id='word_1_139' title='bbox 270 2516 373 2559; x_wconf 84' lang='lat' dir='ltr'><strong>rocem</strong></span> <span class='ocrx_word' id='word_1_140' title='bbox 401 2503 490 2559; x_wconf 89' lang='lat' dir='ltr'><strong>imam</strong></span> <span class='ocrx_word' id='word_1_141' title='bbox 516 2501 543 2559; x_wconf 85' lang='lat' dir='ltr'><strong><em>G</em></strong></span> <span class='ocrx_word' id='word_1_142' title='bbox 565 2504 683 2578; x_wconf 84' lang='lat' dir='ltr'><strong>sintque</strong></span> <span class='ocrx_word' id='word_1_143' title='bbox 716 2507 760 2561; x_wconf 86' lang='lat' dir='ltr'><strong>sic</strong></span> <span class='ocrx_word' id='word_1_144' title='bbox 781 2504 911 2576; x_wconf 79' lang='lat' dir='ltr'><strong>divisae,</strong></span> <span class='ocrx_word' id='word_1_145' title='bbox 941 2516 974 2562; x_wconf 88' lang='lat' dir='ltr'><strong>ut</strong></span> <span class='ocrx_word' id='word_1_146' title='bbox 997 2504 1169 2562; x_wconf 86' lang='lat' dir='ltr'><strong>altrinsecus</strong></span> <span class='ocrx_word' id='word_1_147' title='bbox 1198 2511 1277 2560; x_wconf 91' lang='lat' dir='ltr'><strong>stent</strong></span> <span class='ocrx_word' id='word_1_148' title='bbox 1299 2501 1401 2559; x_wconf 87' lang='lat' dir='ltr'><strong>besses</strong></span> <span class='ocrx_word' id='word_1_149' title='bbox 1421 2498 1471 2557; x_wconf 82' lang='lat' dir='ltr'><strong>rel</strong></span> <span class='ocrx_word' id='word_1_150' title='bbox 1494 2497 1623 2556; x_wconf 81' lang='lat' dir='ltr'><strong>dodran·</strong></span> 
     </span>
     <span class='ocr_line' id='line_1_16' title="bbox 269 2584 1620 2668; baseline -0.002 -23"><span class='ocrx_word' id='word_1_151' title='bbox 269 2596 328 2659; x_wconf 80' lang='lat' dir='ltr'><strong>sss,</strong></span> <span class='ocrx_word' id='word_1_152' title='bbox 361 2590 513 2664; x_wconf 87' lang='lat' dir='ltr'><strong>utriusque</strong></span> <span class='ocrx_word' id='word_1_153' title='bbox 542 2600 602 2647; x_wconf 91' lang='lat' dir='ltr'><strong>tam</strong></span> <span class='ocrx_word' id='word_1_154' title='bbox 630 2592 791 2649; x_wconf 82' lang='lat' dir='ltr'><strong>subtilioris</strong></span> <span class='ocrx_word' id='word_1_155' title='bbox 818 2609 906 2668; x_wconf 90' lang='lat' dir='ltr'><strong>quam</strong></span> <span class='ocrx_word' id='word_1_156' title='bbox 938 2584 1089 2650; x_wconf 83' lang='lat' dir='ltr'><strong>crassioris</strong></span> <span class='ocrx_word' id='word_1_157' title='bbox 1122 2591 1174 2649; x_wconf 87' lang='lat' dir='ltr'><strong>hes</strong></span> <span class='ocrx_word' id='word_1_158' title='bbox 1204 2590 1325 2647; x_wconf 89' lang='lat' dir='ltr'><strong>sonabit</strong></span> <span class='ocrx_word' id='word_1_159' title='bbox 1351 2604 1465 2645; x_wconf 91' lang='lat' dir='ltr'><strong>rursum</strong></span> <span class='ocrx_word' id='word_1_160' title='bbox 1497 2585 1620 2644; x_wconf 79' lang='lat' dir='ltr'><strong>enridem</strong></span> 
     </span>
     <span class='ocr_line' id='line_1_17' title="bbox 270 2674 1622 2754; baseline -0.001 -23"><span class='ocrx_word' id='word_1_161' title='bbox 270 2691 372 2733; x_wconf 82' lang='lat' dir='ltr'><strong>rocem</strong></span> <span class='ocrx_word' id='word_1_162' title='bbox 394 2675 444 2749; x_wconf 88' lang='lat' dir='ltr'><strong>D,</strong></span> <span class='ocrx_word' id='word_1_163' title='bbox 468 2686 585 2736; x_wconf 83' lang='lat' dir='ltr'><strong>servato</strong></span> <span class='ocrx_word' id='word_1_164' title='bbox 608 2680 698 2737; x_wconf 86' lang='lat' dir='ltr'><strong>etism</strong></span> <span class='ocrx_word' id='word_1_165' title='bbox 720 2682 748 2735; x_wconf 87' lang='lat' dir='ltr'><strong>in</strong></span> <span class='ocrx_word' id='word_1_166' title='bbox 771 2682 904 2754; x_wconf 91' lang='lat' dir='ltr'><strong>partibus</strong></span> <span class='ocrx_word' id='word_1_167' title='bbox 928 2678 1054 2738; x_wconf 85' lang='lat' dir='ltr'><strong>chordae</strong></span> <span class='ocrx_word' id='word_1_168' title='bbox 1076 2680 1219 2752; x_wconf 87' lang='lat' dir='ltr'><strong>unisono;</strong></span> <span class='ocrx_word' id='word_1_169' title='bbox 1245 2679 1396 2752; x_wconf 86' lang='lat' dir='ltr'><strong>utriusqus</strong></span> <span class='ocrx_word' id='word_1_170' title='bbox 1420 2674 1549 2732; x_wconf 80' lang='lat' dir='ltr'><strong>dodrans</strong></span> <span class='ocrx_word' id='word_1_171' title='bbox 1572 2691 1622 2731; x_wconf 91' lang='lat' dir='ltr'><strong>so·</strong></span> 
     </span>
     <span class='ocr_line' id='line_1_18' title="bbox 268 2761 984 2836; baseline 0.004 -16"><span class='ocrx_word' id='word_1_172' title='bbox 268 2762 352 2820; x_wconf 84' lang='lat' dir='ltr'><strong>nabit</strong></span> <span class='ocrx_word' id='word_1_173' title='bbox 378 2761 418 2836; x_wconf 81' lang='lat'><strong>0,</strong></span> <span class='ocrx_word' id='word_1_174' title='bbox 441 2763 513 2821; x_wconf 88' lang='lat' dir='ltr'><strong>nibil</strong></span> <span class='ocrx_word' id='word_1_175' title='bbox 536 2765 665 2824; x_wconf 87' lang='lat' dir='ltr'><strong>turbabit</strong></span> <span class='ocrx_word' id='word_1_176' title='bbox 687 2765 804 2825; x_wconf 75' lang='lat' dir='ltr'><strong>dis-ersa</strong></span> <span class='ocrx_word' id='word_1_177' title='bbox 827 2767 984 2826; x_wconf 88' lang='lat' dir='ltr'><strong>crassitics.</strong></span> 
     </span>
    </p>

    <p class='ocr_par' dir='ltr' id='par_1_4' title="bbox 203 2847 1623 3977">
     <span class='ocr_line' id='line_1_19' title="bbox 355 2847 1622 2931; baseline -0.002 -24"><span class='ocrx_word' id='word_1_178' title='bbox 355 2847 432 2925; x_wconf 85' lang='lat' dir='ltr'><strong>Quin</strong></span> <span class='ocrx_word' id='word_1_179' title='bbox 456 2868 551 2927; x_wconf 91' lang='lat' dir='ltr'><strong>neque</strong></span> <span class='ocrx_word' id='word_1_180' title='bbox 574 2851 650 2912; x_wconf 87' lang='lat' dir='ltr'><strong>hanc</strong></span> <span class='ocrx_word' id='word_1_181' title='bbox 672 2855 813 2912; x_wconf 90' lang='lat' dir='ltr'><strong>orationis</strong></span> <span class='ocrx_word' id='word_1_182' title='bbox 836 2863 905 2912; x_wconf 87' lang='lat' dir='ltr'><strong>tuae</strong></span> <span class='ocrx_word' id='word_1_183' title='bbox 927 2852 1102 2931; x_wconf 91' lang='lat' dir='ltr'><strong>particulam</strong></span> <span class='ocrx_word' id='word_1_184' title='bbox 1124 2855 1188 2911; x_wconf 88' lang='lat' dir='ltr'><strong>sine</strong></span> <span class='ocrx_word' id='word_1_185' title='bbox 1210 2851 1379 2910; x_wconf 83' lang='lat' dir='ltr'><strong>testimonio</strong></span> <span class='ocrx_word' id='word_1_186' title='bbox 1394 2849 1537 2923; x_wconf 86' lang='lat' dir='ltr'><strong>relinquis</strong></span> <span class='ocrx_word' id='word_1_187' title='bbox 1558 2847 1622 2922; x_wconf 78' lang='lat' dir='ltr'><strong>ejus</strong></span> 
     </span>
     <span class='ocr_line' id='line_1_20' title="bbox 267 2935 1623 3015; baseline -0.002 -21"><span class='ocrx_word' id='word_1_188' title='bbox 267 2935 402 2994; x_wconf 85' lang='lat' dir='ltr'><strong>affirmati</strong></span> <span class='ocrx_word' id='word_1_189' title='bbox 427 2941 493 3010; x_wconf 90' lang='lat' dir='ltr'><strong>mei,</strong></span> <span class='ocrx_word' id='word_1_190' title='bbox 517 2939 595 3014; x_wconf 86' lang='lat' dir='ltr'><strong>quod</strong></span> <span class='ocrx_word' id='word_1_191' title='bbox 619 2940 655 2999; x_wconf 89' lang='lat' dir='ltr'><strong>de</strong></span> <span class='ocrx_word' id='word_1_192' title='bbox 678 2949 707 2999; x_wconf 91' lang='lat' dir='ltr'><strong>te</strong></span> <span class='ocrx_word' id='word_1_193' title='bbox 729 2941 839 2999; x_wconf 84' lang='lat' dir='ltr'><strong>dictum</strong></span> <span class='ocrx_word' id='word_1_194' title='bbox 861 2944 1004 3001; x_wconf 88' lang='lat' dir='ltr'><strong>irasceris.</strong></span> <span class='ocrx_word' id='word_1_195' title='bbox 1050 2941 1214 3015; x_wconf 69' lang='lat' dir='ltr'><strong>Assiqnors</strong></span> <span class='ocrx_word' id='word_1_196' title='bbox 1243 2947 1271 2996; x_wconf 81' lang='lat' dir='ltr'><strong>te</strong></span> <span class='ocrx_word' id='word_1_197' title='bbox 1298 2939 1343 2996; x_wconf 87' lang='lat' dir='ltr'><strong>sis</strong></span> <span class='ocrx_word' id='word_1_198' title='bbox 1370 2953 1458 2995; x_wconf 86' lang='lat' dir='ltr'><strong>sonos</strong></span> <span class='ocrx_word' id='word_1_199' title='bbox 1479 2936 1623 2994; x_wconf 82' lang='lat' dir='ltr'><strong>hossiores</strong></span> 
     </span>
     <span class='ocr_line' id='line_1_21' title="bbox 244 3023 1621 3101; baseline -0.001 -19"><span class='ocrx_word' id='word_1_200' title='bbox 244 3024 399 3084; x_wconf 64' lang='lat' dir='ltr'><strong>*denseri</strong></span> <span class='ocrx_word' id='word_1_201' title='bbox 421 3033 448 3083; x_wconf 82' lang='lat' dir='ltr'><strong>et</strong></span> <span class='ocrx_word' id='word_1_202' title='bbox 468 3028 603 3100; x_wconf 79' lang='lat' dir='ltr'><strong>spissiori</strong></span> <span class='ocrx_word' id='word_1_203' title='bbox 624 3028 734 3085; x_wconf 84' lang='lat' dir='ltr'><strong>mundi</strong></span> <span class='ocrx_word' id='word_1_204' title='bbox 754 3032 915 3101; x_wconf 68' lang='lat' dir='ltr'><strong>mumius,</strong></span> <span class='ocrx_word' id='word_1_205' title='bbox 939 3033 1090 3088; x_wconf 75' lang='lat' dir='ltr'><strong>acutiores</strong></span> <span class='ocrx_word' id='word_1_206' title='bbox 1111 3044 1184 3088; x_wconf 83' lang='lat' dir='ltr'><strong>vcro</strong></span> <span class='ocrx_word' id='word_1_207' title='bbox 1204 3028 1338 3085; x_wconf 71' lang='lat' dir='ltr'><strong>oenuiori</strong></span> <span class='ocrx_word' id='word_1_208' title='bbox 1359 3023 1471 3081; x_wconf 82' lang='lat' dir='ltr'><strong>mundi</strong></span> <span class='ocrx_word' id='word_1_209' title='bbox 1488 3025 1621 3098; x_wconf 77' lang='lat' dir='ltr'><strong>spis-itai</strong></span> 
     </span>
     <span class='ocr_line' id='line_1_22' title="bbox 268 3109 1621 3193; baseline -0.002 -23"><span class='ocrx_word' id='word_1_210' title='bbox 268 3109 300 3170; x_wconf 81' lang='lat' dir='ltr'><strong>st</strong></span> <span class='ocrx_word' id='word_1_211' title='bbox 323 3121 355 3170; x_wconf 84' lang='lat' dir='ltr'><strong>tn</strong></span> <span class='ocrx_word' id='word_1_212' title='bbox 377 3114 624 3189; x_wconf 79' lang='lat' dir='ltr'><strong>sonos-assignas</strong></span> <span class='ocrx_word' id='word_1_213' title='bbox 646 3114 746 3172; x_wconf 92' lang='lat' dir='ltr'><strong>mnndi</strong></span> <span class='ocrx_word' id='word_1_214' title='bbox 768 3117 915 3191; x_wconf 86' lang='lat' dir='ltr'><strong>partibus,</strong></span> <span class='ocrx_word' id='word_1_215' title='bbox 939 3120 1020 3193; x_wconf 92' lang='lat' dir='ltr'><strong>prins</strong></span> <span class='ocrx_word' id='word_1_216' title='bbox 1043 3117 1144 3190; x_wconf 81' lang='lat' dir='ltr'><strong>igitur,</strong></span> <span class='ocrx_word' id='word_1_217' title='bbox 1173 3131 1262 3190; x_wconf 91' lang='lat' dir='ltr'><strong>qnam</strong></span> <span class='ocrx_word' id='word_1_218' title='bbox 1288 3114 1471 3188; x_wconf 77' lang='lat' dir='ltr'><strong>assignares,</strong></span> <span class='ocrx_word' id='word_1_219' title='bbox 1502 3112 1621 3170; x_wconf 88' lang='lat' dir='ltr'><strong>seorsim</strong></span> 
     </span>
     <span class='ocr_line' id='line_1_23' title="bbox 267 3198 1621 3277; baseline 0.001 -23"><span class='ocrx_word' id='word_1_220' title='bbox 267 3198 310 3255; x_wconf 91' lang='lat' dir='ltr'><strong>illi</strong></span> <span class='ocrx_word' id='word_1_221' title='bbox 334 3200 426 3259; x_wconf 84' lang='lat' dir='ltr'><strong>eratr&#39;t.</strong></span> <span class='ocrx_word' id='word_1_222' title='bbox 472 3202 512 3257; x_wconf 79' lang='lat' dir='ltr'><strong>As</strong></span> <span class='ocrx_word' id='word_1_223' title='bbox 539 3210 607 3259; x_wconf 89' lang='lat' dir='ltr'><strong>eunt</strong></span> <span class='ocrx_word' id='word_1_224' title='bbox 629 3205 694 3261; x_wconf 93' lang='lat' dir='ltr'><strong>soni</strong></span> <span class='ocrx_word' id='word_1_225' title='bbox 718 3204 863 3262; x_wconf 87' lang='lat' dir='ltr'><strong>bassiores</strong></span> <span class='ocrx_word' id='word_1_226' title='bbox 885 3222 904 3261; x_wconf 88' lang='lat' dir='ltr'><strong>a</strong></span> <span class='ocrx_word' id='word_1_227' title='bbox 926 3207 1052 3263; x_wconf 88' lang='lat' dir='ltr'><strong>numeris</strong></span> <span class='ocrx_word' id='word_1_228' title='bbox 1075 3202 1252 3277; x_wconf 85' lang='lat' dir='ltr'><strong>majoribus,</strong></span> <span class='ocrx_word' id='word_1_229' title='bbox 1282 3217 1418 3258; x_wconf 90' lang='lat' dir='ltr'><strong>numeros</strong></span> <span class='ocrx_word' id='word_1_230' title='bbox 1446 3201 1538 3271; x_wconf 81' lang='lat' dir='ltr'><strong>igitur</strong></span> <span class='ocrx_word' id='word_1_231' title='bbox 1559 3215 1621 3255; x_wconf 88' lang='lat' dir='ltr'><strong>ma·</strong></span> 
     </span>
     <span class='ocr_line' id='line_1_24' title="bbox 264 3286 1620 3367; baseline -0.001 -24"><span class='ocrx_word' id='word_1_232' title='bbox 264 3286 346 3361; x_wconf 84' lang='lat' dir='ltr'><strong>joses</strong></span> <span class='ocrx_word' id='word_1_233' title='bbox 374 3288 510 3362; x_wconf 76' lang='lat' dir='ltr'><strong>assignas</strong></span> <span class='ocrx_word' id='word_1_234' title='bbox 537 3292 678 3350; x_wconf 84' lang='lat' dir='ltr'><strong>materiae</strong></span> <span class='ocrx_word' id='word_1_235' title='bbox 705 3288 847 3363; x_wconf 86' lang='lat' dir='ltr'><strong>densiori,</strong></span> <span class='ocrx_word' id='word_1_236' title='bbox 879 3295 929 3367; x_wconf 89' lang='lat' dir='ltr'><strong>qul</strong></span> <span class='ocrx_word' id='word_1_237' title='bbox 958 3301 1117 3366; x_wconf 87' lang='lat' dir='ltr'><strong>antequam</strong></span> <span class='ocrx_word' id='word_1_238' title='bbox 1145 3292 1174 3347; x_wconf 91' lang='lat' dir='ltr'><strong>in</strong></span> <span class='ocrx_word' id='word_1_239' title='bbox 1200 3290 1277 3347; x_wconf 88' lang='lat' dir='ltr'><strong>hunc</strong></span> <span class='ocrx_word' id='word_1_240' title='bbox 1299 3286 1420 3345; x_wconf 88' lang='lat' dir='ltr'><strong>modum</strong></span> <span class='ocrx_word' id='word_1_241' title='bbox 1449 3304 1470 3344; x_wconf 92' lang='lat' dir='ltr'><strong>a</strong></span> <span class='ocrx_word' id='word_1_242' title='bbox 1492 3297 1520 3344; x_wconf 88' lang='lat' dir='ltr'><strong>te</strong></span> <span class='ocrx_word' id='word_1_243' title='bbox 1551 3301 1620 3344; x_wconf 87' lang='lat' dir='ltr'><strong>con·</strong></span> 
     </span>
     <span class='ocr_line' id='line_1_25' title="bbox 266 3372 1620 3450; baseline 0 -20"><span class='ocrx_word' id='word_1_244' title='bbox 266 3375 448 3432; x_wconf 85' lang='lat' dir='ltr'><strong>sociarentur</strong></span> <span class='ocrx_word' id='word_1_245' title='bbox 477 3378 635 3450; x_wconf 89' lang='lat' dir='ltr'><strong>materiae,</strong></span> <span class='ocrx_word' id='word_1_246' title='bbox 666 3378 803 3436; x_wconf 85' lang='lat' dir='ltr'><strong>abstracti</strong></span> <span class='ocrx_word' id='word_1_247' title='bbox 833 3388 915 3437; x_wconf 87' lang='lat' dir='ltr'><strong>erant</strong></span> <span class='ocrx_word' id='word_1_248' title='bbox 945 3396 963 3438; x_wconf 90' lang='lat' dir='ltr'><strong>a</strong></span> <span class='ocrx_word' id='word_1_249' title='bbox 995 3381 1127 3436; x_wconf 87' lang='lat' dir='ltr'><strong>materia.</strong></span> <span class='ocrx_word' id='word_1_250' title='bbox 1175 3377 1245 3435; x_wconf 86' lang='lat' dir='ltr'><strong>Esto</strong></span> <span class='ocrx_word' id='word_1_251' title='bbox 1275 3385 1306 3433; x_wconf 89' lang='lat' dir='ltr'><strong>ut</strong></span> <span class='ocrx_word' id='word_1_252' title='bbox 1335 3375 1395 3432; x_wconf 85' lang='lat' dir='ltr'><strong>vim</strong></span> <span class='ocrx_word' id='word_1_253' title='bbox 1417 3372 1516 3444; x_wconf 86' lang='lat' dir='ltr'><strong>illam,</strong></span> <span class='ocrx_word' id='word_1_254' title='bbox 1547 3389 1620 3447; x_wconf 89' lang='lat' dir='ltr'><strong>quas</strong></span> 
     </span>
     <span class='ocr_line' id='line_1_26' title="bbox 267 3461 1620 3541; baseline -0.001 -23"><span class='ocrx_word' id='word_1_255' title='bbox 267 3464 393 3519; x_wconf 83' lang='lat' dir='ltr'><strong>acumini</strong></span> <span class='ocrx_word' id='word_1_256' title='bbox 423 3470 454 3520; x_wconf 88' lang='lat' dir='ltr'><strong>et</strong></span> <span class='ocrx_word' id='word_1_257' title='bbox 481 3467 620 3537; x_wconf 82' lang='lat' dir='ltr'><strong>gravitati</strong></span> <span class='ocrx_word' id='word_1_258' title='bbox 649 3475 847 3540; x_wconf 88' lang='lat' dir='ltr'><strong>comparatur,</strong></span> <span class='ocrx_word' id='word_1_259' title='bbox 877 3483 934 3524; x_wconf 90' lang='lat' dir='ltr'><strong>non</strong></span> <span class='ocrx_word' id='word_1_260' title='bbox 963 3467 1129 3541; x_wconf 86' lang='lat' dir='ltr'><strong>acceperint</strong></span> <span class='ocrx_word' id='word_1_261' title='bbox 1156 3463 1316 3524; x_wconf 86' lang='lat' dir='ltr'><strong>secundum</strong></span> <span class='ocrx_word' id='word_1_262' title='bbox 1343 3471 1374 3521; x_wconf 85' lang='lat' dir='ltr'><strong>te</strong></span> <span class='ocrx_word' id='word_1_263' title='bbox 1403 3461 1442 3519; x_wconf 88' lang='lat' dir='ltr'><strong>ab</strong></span> <span class='ocrx_word' id='word_1_264' title='bbox 1472 3461 1529 3526; x_wconf 85' lang='lat' dir='ltr'><strong>hac</strong></span> <span class='ocrx_word' id='word_1_265' title='bbox 1552 3462 1620 3519; x_wconf 87' lang='lat' dir='ltr'><strong>abs·</strong></span> 
     </span>
     <span class='ocr_line' id='line_1_27' title="bbox 267 3549 1619 3625; baseline 0.001 -21"><span class='ocrx_word' id='word_1_266' title='bbox 267 3552 419 3621; x_wconf 84' lang='lat' dir='ltr'><strong>tructione,</strong></span> <span class='ocrx_word' id='word_1_267' title='bbox 443 3549 495 3608; x_wconf 89' lang='lat' dir='ltr'><strong>sed</strong></span> <span class='ocrx_word' id='word_1_268' title='bbox 518 3568 537 3608; x_wconf 88' lang='lat' dir='ltr'><strong>a</strong></span> <span class='ocrx_word' id='word_1_269' title='bbox 559 3556 682 3610; x_wconf 88' lang='lat' dir='ltr'><strong>materia</strong></span> <span class='ocrx_word' id='word_1_270' title='bbox 704 3555 874 3612; x_wconf 87' lang='lat' dir='ltr'><strong>consociata</strong></span> <span class='ocrx_word' id='word_1_271' title='bbox 896 3556 1042 3625; x_wconf 91' lang='lat' dir='ltr'><strong>numeris,</strong></span> <span class='ocrx_word' id='word_1_272' title='bbox 1066 3562 1098 3612; x_wconf 85' lang='lat' dir='ltr'><strong>st</strong></span> <span class='ocrx_word' id='word_1_273' title='bbox 1120 3561 1198 3611; x_wconf 86' lang='lat' dir='ltr'><strong>certe</strong></span> <span class='ocrx_word' id='word_1_274' title='bbox 1216 3554 1274 3608; x_wconf 87' lang='lat' dir='ltr'><strong>vim</strong></span> <span class='ocrx_word' id='word_1_275' title='bbox 1290 3549 1381 3610; x_wconf 88' lang='lat' dir='ltr'><strong>illam.</strong></span> <span class='ocrx_word' id='word_1_276' title='bbox 1405 3566 1482 3624; x_wconf 86' lang='lat' dir='ltr'><strong>quse</strong></span> <span class='ocrx_word' id='word_1_277' title='bbox 1498 3565 1619 3606; x_wconf 89' lang='lat' dir='ltr'><strong>acumen</strong></span> 
     </span>
     <span class='ocr_line' id='line_1_28' title="bbox 203 3637 1620 3717; baseline 0.001 -26"><span class='ocrx_word' id='word_1_278' title='bbox 203 3669 205 3673; x_wconf 93' lang='lat'>-</span> <span class='ocrx_word' id='word_1_279' title='bbox 267 3638 355 3694; x_wconf 90' lang='lat' dir='ltr'><strong>nnius</strong></span> <span class='ocrx_word' id='word_1_280' title='bbox 378 3645 408 3695; x_wconf 88' lang='lat' dir='ltr'><strong>st</strong></span> <span class='ocrx_word' id='word_1_281' title='bbox 429 3640 604 3715; x_wconf 82' lang='lat' dir='ltr'><strong>gravitatem</strong></span> <span class='ocrx_word' id='word_1_282' title='bbox 627 3639 747 3698; x_wconf 84' lang='lat' dir='ltr'><strong>alterius</strong></span> <span class='ocrx_word' id='word_1_283' title='bbox 770 3648 970 3717; x_wconf 83' lang='lat' dir='ltr'><strong>conternperat</strong></span> <span class='ocrx_word' id='word_1_284' title='bbox 991 3644 1020 3697; x_wconf 94' lang='lat' dir='ltr'><strong>in</strong></span> <span class='ocrx_word' id='word_1_285' title='bbox 1044 3657 1167 3699; x_wconf 86' lang='lat' dir='ltr'><strong>suarem</strong></span> <span class='ocrx_word' id='word_1_286' title='bbox 1190 3637 1443 3708; x_wconf 79' lang='lat' dir='ltr'><strong>concordantiam,</strong></span> <span class='ocrx_word' id='word_1_287' title='bbox 1471 3637 1620 3694; x_wconf 82' lang='lat' dir='ltr'><strong>habebunt</strong></span> 
     </span>
     <span class='ocr_line' id='line_1_29' title="bbox 266 3723 1621 3802; baseline -0.001 -21"><span class='ocrx_word' id='word_1_288' title='bbox 266 3723 428 3782; x_wconf 86' lang='lat' dir='ltr'><strong>secundom</strong></span> <span class='ocrx_word' id='word_1_289' title='bbox 451 3733 480 3783; x_wconf 90' lang='lat' dir='ltr'><strong>te</strong></span> <span class='ocrx_word' id='word_1_290' title='bbox 502 3728 591 3784; x_wconf 86' lang='lat' dir='ltr'><strong>etiam</strong></span> <span class='ocrx_word' id='word_1_291' title='bbox 615 3745 633 3784; x_wconf 95' lang='lat' dir='ltr'><strong>a</strong></span> <span class='ocrx_word' id='word_1_292' title='bbox 655 3731 844 3802; x_wconf 86' lang='lat' dir='ltr'><strong>proportione</strong></span> <span class='ocrx_word' id='word_1_293' title='bbox 866 3746 920 3786; x_wconf 89' lang='lat' dir='ltr'><strong>sna</strong></span> <span class='ocrx_word' id='word_1_294' title='bbox 942 3732 1070 3799; x_wconf 90' lang='lat' dir='ltr'><strong>numeri,</strong></span> <span class='ocrx_word' id='word_1_295' title='bbox 1102 3736 1135 3786; x_wconf 87' lang='lat' dir='ltr'><strong>ut</strong></span> <span class='ocrx_word' id='word_1_296' title='bbox 1159 3738 1229 3785; x_wconf 90' lang='lat' dir='ltr'><strong>sunt</strong></span> <span class='ocrx_word' id='word_1_297' title='bbox 1252 3728 1380 3797; x_wconf 90' lang='lat' dir='ltr'><strong>numeri,</strong></span> <span class='ocrx_word' id='word_1_298' title='bbox 1412 3726 1484 3799; x_wconf 88' lang='lat' dir='ltr'><strong>qnia</strong></span> <span class='ocrx_word' id='word_1_299' title='bbox 1511 3723 1621 3781; x_wconf 84' lang='lat' dir='ltr'><strong>scilicet</strong></span> 
     </span>
     <span class='ocr_line' id='line_1_30' title="bbox 266 3810 1620 3889; baseline 0 -21"><span class='ocrx_word' id='word_1_300' title='bbox 266 3810 339 3869; x_wconf 88' lang='lat' dir='ltr'><strong>alter</strong></span> <span class='ocrx_word' id='word_1_301' title='bbox 363 3814 380 3869; x_wconf 88' lang='lat'>3</span> <span class='ocrx_word' id='word_1_302' title='bbox 405 3814 532 3872; x_wconf 87' lang='lat' dir='ltr'><strong>unitates</strong></span> <span class='ocrx_word' id='word_1_303' title='bbox 555 3813 660 3886; x_wconf 90' lang='lat' dir='ltr'><strong>habet,</strong></span> <span class='ocrx_word' id='word_1_304' title='bbox 692 3815 765 3873; x_wconf 88' lang='lat' dir='ltr'><strong>alter</strong></span> <span class='ocrx_word' id='word_1_305' title='bbox 788 3819 823 3889; x_wconf 81' lang='lat'><strong>43</strong></span> <span class='ocrx_word' id='word_1_306' title='bbox 851 3833 918 3873; x_wconf 80' lang='lat' dir='ltr'><strong>snam</strong></span> <span class='ocrx_word' id='word_1_307' title='bbox 949 3817 1071 3875; x_wconf 72' lang='lat' dir='ltr'><strong>naltcr</strong></span> <span class='ocrx_word' id='word_1_308' title='bbox 1095 3818 1113 3873; x_wconf 91' lang='grc'><strong>6</strong></span> <span class='ocrx_word' id='word_1_309' title='bbox 1140 3814 1265 3887; x_wconf 74' lang='lat' dir='ltr'><strong>haheat,</strong></span> <span class='ocrx_word' id='word_1_310' title='bbox 1293 3816 1370 3873; x_wconf 87' lang='lat' dir='ltr'><strong>alter</strong></span> <span class='ocrx_word' id='word_1_311' title='bbox 1392 3816 1427 3881; x_wconf 81' lang='lat'><strong>7,</strong></span> <span class='ocrx_word' id='word_1_312' title='bbox 1453 3811 1518 3885; x_wconf 87' lang='lat' dir='ltr'><strong>jam</strong></span> <span class='ocrx_word' id='word_1_313' title='bbox 1540 3810 1620 3869; x_wconf 89' lang='lat' dir='ltr'><strong>nnha</strong></span> 
     </span>
     <span class='ocr_line' id='line_1_31' title="bbox 265 3897 1620 3977; baseline -0.001 -20"><span class='ocrx_word' id='word_1_314' title='bbox 265 3908 311 3957; x_wconf 84' lang='lat' dir='ltr'><strong>est</strong></span> <span class='ocrx_word' id='word_1_315' title='bbox 333 3897 549 3972; x_wconf 86' lang='lat' dir='ltr'><strong>concordantis,</strong></span> <span class='ocrx_word' id='word_1_316' title='bbox 572 3903 643 3976; x_wconf 87' lang='lat' dir='ltr'><strong>quia</strong></span> <span class='ocrx_word' id='word_1_317' title='bbox 664 3905 814 3977; x_wconf 84' lang='lat' dir='ltr'><strong>proportio</strong></span> <span class='ocrx_word' id='word_1_318' title='bbox 837 3903 939 3961; x_wconf 89' lang='lat' dir='ltr'><strong>horum</strong></span> <span class='ocrx_word' id='word_1_319' title='bbox 963 3919 1148 3961; x_wconf 83' lang='lat' dir='ltr'><strong>rumerornm</strong></span> <span class='ocrx_word' id='word_1_320' title='bbox 1170 3919 1229 3960; x_wconf 90' lang='lat' dir='ltr'><strong>non</strong></span> <span class='ocrx_word' id='word_1_321' title='bbox 1252 3912 1298 3960; x_wconf 85' lang='lat' dir='ltr'><strong>est</strong></span> <span class='ocrx_word' id='word_1_322' title='bbox 1319 3902 1497 3959; x_wconf 87' lang='lat' dir='ltr'><strong>harmonica.</strong></span> <span class='ocrx_word' id='word_1_323' title='bbox 1538 3897 1620 3972; x_wconf 86' lang='lat' dir='ltr'><strong>Quo-</strong></span> 
     </span>
    </p>
   </div>
   <div class='ocr_carea' id='block_1_3' title="bbox 145 3985 1618 4066">
    <p class='ocr_par' dir='ltr' id='par_1_5' title="bbox 145 3985 1618 4066">
     <span class='ocr_line' id='line_1_32' title="bbox 145 3985 1618 4066; baseline 0.002 -26"><span class='ocrx_word' id='word_1_324' title='bbox 145 4027 150 4040; x_wconf 75' lang='lat'><strong>.</strong></span> <span class='ocrx_word' id='word_1_325' title='bbox 264 4003 329 4045; x_wconf 88' lang='lat' dir='ltr'><strong>snm</strong></span> <span class='ocrx_word' id='word_1_326' title='bbox 350 3990 480 4045; x_wconf 92' lang='lat' dir='ltr'><strong>omnium</strong></span> <span class='ocrx_word' id='word_1_327' title='bbox 504 4002 560 4063; x_wconf 78' lang='lat' dir='ltr'><strong>ego</strong></span> <span class='ocrx_word' id='word_1_328' title='bbox 582 4005 688 4048; x_wconf 84' lang='lat' dir='ltr'><strong>causas</strong></span> <span class='ocrx_word' id='word_1_329' title='bbox 710 4007 745 4047; x_wconf 90' lang='lat' dir='ltr'><strong>ex</strong></span> <span class='ocrx_word' id='word_1_330' title='bbox 768 3989 950 4065; x_wconf 86' lang='lat' dir='ltr'><strong>aequalitate</strong></span> <span class='ocrx_word' id='word_1_331' title='bbox 979 3994 1123 4049; x_wconf 85' lang='lat' dir='ltr'><strong>usitatum</strong></span> <span class='ocrx_word' id='word_1_332' title='bbox 1146 3991 1345 4066; x_wconf 80' lang='lat' dir='ltr'><strong>quantitative</strong></span> <span class='ocrx_word' id='word_1_333' title='bbox 1375 4004 1471 4062; x_wconf 83' lang='lat' dir='ltr'><strong>exque</strong></span> <span class='ocrx_word' id='word_1_334' title='bbox 1494 3985 1618 4044; x_wconf 82' lang='lat' dir='ltr'><strong>divisio·</strong></span> 
     </span>
    </p>
   </div>
   <div class='ocr_carea' id='block_1_4' title="bbox 197 4073 1618 5206">
    <p class='ocr_par' dir='ltr' id='par_1_6' title="bbox 261 4073 1618 4833">
     <span class='ocr_line' id='line_1_33' title="bbox 264 4073 1616 4155; baseline -0.001 -24"><span class='ocrx_word' id='word_1_335' title='bbox 264 4074 351 4133; x_wconf 90' lang='lat' dir='ltr'><strong>nibus</strong></span> <span class='ocrx_word' id='word_1_336' title='bbox 372 4073 473 4133; x_wconf 91' lang='lat' dir='ltr'><strong>circuli</strong></span> <span class='ocrx_word' id='word_1_337' title='bbox 496 4074 634 4134; x_wconf 88' lang='lat' dir='ltr'><strong>desnmsi.</strong></span> <span class='ocrx_word' id='word_1_338' title='bbox 680 4074 832 4135; x_wconf 87' lang='lat' dir='ltr'><strong>Habemus</strong></span> <span class='ocrx_word' id='word_1_339' title='bbox 862 4081 964 4155; x_wconf 88' lang='lat' dir='ltr'><strong>itaque</strong></span> <span class='ocrx_word' id='word_1_340' title='bbox 993 4088 1022 4137; x_wconf 84' lang='lat' dir='ltr'><strong>te</strong></span> <span class='ocrx_word' id='word_1_341' title='bbox 1045 4078 1233 4137; x_wconf 85' lang='lat' dir='ltr'><strong>confitentem</strong></span> <span class='ocrx_word' id='word_1_342' title='bbox 1262 4077 1299 4135; x_wconf 90' lang='lat' dir='ltr'><strong>do</strong></span> <span class='ocrx_word' id='word_1_343' title='bbox 1322 4077 1539 4134; x_wconf 85' lang='lat' dir='ltr'><strong>abstracturum</strong></span> <span class='ocrx_word' id='word_1_344' title='bbox 1561 4090 1616 4155; x_wconf 81' lang='lat' dir='ltr'><strong>nn·</strong></span> 
     </span>
     <span class='ocr_line' id='line_1_34' title="bbox 265 4161 1616 4242; baseline -0.001 -22"><span class='ocrx_word' id='word_1_345' title='bbox 265 4178 412 4220; x_wconf 89' lang='lat' dir='ltr'><strong>meromm</strong></span> <span class='ocrx_word' id='word_1_346' title='bbox 434 4162 636 4240; x_wconf 85' lang='lat' dir='ltr'><strong>applicatione</strong></span> <span class='ocrx_word' id='word_1_347' title='bbox 659 4164 696 4222; x_wconf 88' lang='lat' dir='ltr'><strong>ad</strong></span> <span class='ocrx_word' id='word_1_348' title='bbox 719 4165 884 4238; x_wconf 88' lang='lat' dir='ltr'><strong>mundana,</strong></span> <span class='ocrx_word' id='word_1_349' title='bbox 916 4166 1133 4242; x_wconf 87' lang='lat' dir='ltr'><strong>qualiscunque</strong></span> <span class='ocrx_word' id='word_1_350' title='bbox 1157 4165 1208 4223; x_wconf 88' lang='lat' dir='ltr'><strong>illa</strong></span> <span class='ocrx_word' id='word_1_351' title='bbox 1230 4164 1331 4223; x_wconf 76' lang='lat' dir='ltr'><strong>diean-</strong></span> <span class='ocrx_word' id='word_1_352' title='bbox 1366 4162 1427 4221; x_wconf 86' lang='lat' dir='ltr'><strong>Sed</strong></span> <span class='ocrx_word' id='word_1_353' title='bbox 1449 4172 1480 4220; x_wconf 89' lang='lat' dir='ltr'><strong>et</strong></span> <span class='ocrx_word' id='word_1_354' title='bbox 1503 4180 1540 4220; x_wconf 87' lang='lat' dir='ltr'><strong>ex</strong></span> <span class='ocrx_word' id='word_1_355' title='bbox 1563 4161 1616 4219; x_wconf 90' lang='lat' dir='ltr'><strong>hnc</strong></span> 
     </span>
     <span class='ocr_line' id='line_1_35' title="bbox 263 4248 1618 4325; baseline -0.002 -17"><span class='ocrx_word' id='word_1_356' title='bbox 263 4248 369 4322; x_wconf 83' lang='lat' dir='ltr'><strong>elucet,</strong></span> <span class='ocrx_word' id='word_1_357' title='bbox 392 4265 481 4325; x_wconf 90' lang='lat' dir='ltr'><strong>quam</strong></span> <span class='ocrx_word' id='word_1_358' title='bbox 504 4251 558 4309; x_wconf 92' lang='lat' dir='ltr'><strong>tibi</strong></span> <span class='ocrx_word' id='word_1_359' title='bbox 580 4251 670 4309; x_wconf 84' lang='lat' dir='ltr'><strong>nollo</strong></span> <span class='ocrx_word' id='word_1_360' title='bbox 691 4255 730 4309; x_wconf 80' lang='lat' dir='ltr'><strong>sil</strong></span> <span class='ocrx_word' id='word_1_361' title='bbox 751 4269 842 4325; x_wconf 82' lang='lat' dir='ltr'><strong>curo,</strong></span> <span class='ocrx_word' id='word_1_362' title='bbox 866 4254 1190 4325; x_wconf 63' lang='lat' dir='ltr'><strong>mensurantem</strong></span> <span class='ocrx_word' id='word_1_363' title='bbox 1212 4252 1397 4323; x_wconf 72' lang='lat' dir='ltr'><strong>uesmulss,</strong></span> <span class='ocrx_word' id='word_1_364' title='bbox 1420 4257 1454 4307; x_wconf 94' lang='lat' dir='ltr'><strong>ut</strong></span> <span class='ocrx_word' id='word_1_365' title='bbox 1476 4249 1618 4308; x_wconf 84' lang='lat' dir='ltr'><strong>confletur</strong></span> 
     </span>
     <span class='ocr_line' id='line_1_36' title="bbox 263 4335 1616 4416; baseline 0.001 -23"><span class='ocrx_word' id='word_1_366' title='bbox 263 4337 318 4394; x_wconf 91' lang='lat' dir='ltr'><strong>tibi</strong></span> <span class='ocrx_word' id='word_1_367' title='bbox 340 4335 474 4406; x_wconf 88' lang='lat' dir='ltr'><strong>lormalis</strong></span> <span class='ocrx_word' id='word_1_368' title='bbox 504 4345 571 4396; x_wconf 87' lang='lat' dir='ltr'><strong>tuus</strong></span> <span class='ocrx_word' id='word_1_369' title='bbox 594 4355 747 4411; x_wconf 89' lang='lat' dir='ltr'><strong>numerus,</strong></span> <span class='ocrx_word' id='word_1_370' title='bbox 777 4339 856 4415; x_wconf 88' lang='lat' dir='ltr'><strong>qnod</strong></span> <span class='ocrx_word' id='word_1_371' title='bbox 881 4350 950 4400; x_wconf 88' lang='lat' dir='ltr'><strong>tuae</strong></span> <span class='ocrx_word' id='word_1_372' title='bbox 972 4344 1102 4414; x_wconf 78' lang='lat' dir='ltr'><strong>unitates</strong></span> <span class='ocrx_word' id='word_1_373' title='bbox 1118 4342 1239 4416; x_wconf 73' lang='lat' dir='ltr'><strong>‘partim</strong></span> <span class='ocrx_word' id='word_1_374' title='bbox 1266 4356 1303 4397; x_wconf 88' lang='lat' dir='ltr'><strong>ex</strong></span> <span class='ocrx_word' id='word_1_375' title='bbox 1324 4339 1449 4400; x_wconf 85' lang='lat' dir='ltr'><strong>materia</strong></span> <span class='ocrx_word' id='word_1_376' title='bbox 1471 4343 1616 4407; x_wconf 84' lang='lat' dir='ltr'><strong>constant,</strong></span> 
     </span>
     <span class='ocr_line' id='line_1_37' title="bbox 263 4424 1616 4506; baseline -0.001 -24"><span class='ocrx_word' id='word_1_377' title='bbox 263 4427 371 4499; x_wconf 87' lang='lat' dir='ltr'><strong>partim</strong></span> <span class='ocrx_word' id='word_1_378' title='bbox 395 4442 431 4483; x_wconf 83' lang='lat' dir='ltr'><strong>en</strong></span> <span class='ocrx_word' id='word_1_379' title='bbox 454 4426 568 4500; x_wconf 87' lang='lat' dir='ltr'><strong>spiritu,</strong></span> <span class='ocrx_word' id='word_1_380' title='bbox 592 4444 669 4502; x_wconf 88' lang='lat' dir='ltr'><strong>qnae</strong></span> <span class='ocrx_word' id='word_1_381' title='bbox 692 4426 752 4484; x_wconf 87' lang='lat' dir='ltr'><strong>duo</strong></span> <span class='ocrx_word' id='word_1_382' title='bbox 774 4427 935 4487; x_wconf 88' lang='lat' dir='ltr'><strong>secundum</strong></span> <span class='ocrx_word' id='word_1_383' title='bbox 950 4436 990 4506; x_wconf 88' lang='lat' dir='ltr'><strong>te,</strong></span> <span class='ocrx_word' id='word_1_384' title='bbox 1013 4431 1125 4504; x_wconf 89' lang='lat' dir='ltr'><strong>opinor,</strong></span> <span class='ocrx_word' id='word_1_385' title='bbox 1150 4444 1208 4485; x_wconf 92' lang='lat' dir='ltr'><strong>non</strong></span> <span class='ocrx_word' id='word_1_386' title='bbox 1223 4436 1293 4485; x_wconf 88' lang='lat' dir='ltr'><strong>snnt</strong></span> <span class='ocrx_word' id='word_1_387' title='bbox 1307 4424 1484 4484; x_wconf 86' lang='lat' dir='ltr'><strong>snb-codem</strong></span> <span class='ocrx_word' id='word_1_388' title='bbox 1500 4440 1616 4499; x_wconf 73' lang='lat' dir='ltr'><strong>gestem.</strong></span> 
     </span>
     <span class='ocr_line' id='line_1_38' title="bbox 262 4510 1617 4590; baseline 0.001 -20"><span class='ocrx_word' id='word_1_389' title='bbox 262 4510 328 4570; x_wconf 84' lang='lat' dir='ltr'><strong>Nou</strong></span> <span class='ocrx_word' id='word_1_390' title='bbox 352 4511 489 4587; x_wconf 88' lang='lat' dir='ltr'><strong>equidem</strong></span> <span class='ocrx_word' id='word_1_391' title='bbox 511 4513 645 4584; x_wconf 84' lang='lat' dir='ltr'><strong>invideo,</strong></span> <span class='ocrx_word' id='word_1_392' title='bbox 669 4517 757 4573; x_wconf 88' lang='lat' dir='ltr'><strong>miror</strong></span> <span class='ocrx_word' id='word_1_393' title='bbox 778 4518 889 4590; x_wconf 84' lang='lat' dir='ltr'><strong>magis,</strong></span> <span class='ocrx_word' id='word_1_394' title='bbox 912 4514 965 4575; x_wconf 90' lang='lat' dir='ltr'><strong>sed</strong></span> <span class='ocrx_word' id='word_1_395' title='bbox 988 4515 1056 4575; x_wconf 91' lang='lat' dir='ltr'><strong>hinc</strong></span> <span class='ocrx_word' id='word_1_396' title='bbox 1078 4524 1281 4590; x_wconf 79' lang='lat' dir='ltr'><strong>argumentum</strong></span> <span class='ocrx_word' id='word_1_397' title='bbox 1305 4512 1391 4584; x_wconf 91' lang='lat' dir='ltr'><strong>duco,</strong></span> <span class='ocrx_word' id='word_1_398' title='bbox 1417 4521 1497 4571; x_wconf 89' lang='lat' dir='ltr'><strong>recte</strong></span> <span class='ocrx_word' id='word_1_399' title='bbox 1519 4530 1567 4571; x_wconf 91' lang='lat' dir='ltr'><strong>me</strong></span> <span class='ocrx_word' id='word_1_400' title='bbox 1588 4519 1617 4570; x_wconf 88' lang='lat' dir='ltr'><strong>et</strong></span> 
     </span>
     <span class='ocr_line' id='line_1_39' title="bbox 263 4597 1616 4677; baseline 0 -20"><span class='ocrx_word' id='word_1_401' title='bbox 263 4616 299 4657; x_wconf 86' lang='lat' dir='ltr'><strong>ex</strong></span> <span class='ocrx_word' id='word_1_402' title='bbox 323 4617 378 4657; x_wconf 89' lang='lat' dir='ltr'><strong>usn</strong></span> <span class='ocrx_word' id='word_1_403' title='bbox 401 4597 520 4658; x_wconf 88' lang='lat' dir='ltr'><strong>lectoris</strong></span> <span class='ocrx_word' id='word_1_404' title='bbox 542 4601 661 4670; x_wconf 86' lang='lat' dir='ltr'><strong>lesisse,</strong></span> <span class='ocrx_word' id='word_1_405' title='bbox 686 4602 765 4676; x_wconf 91' lang='lat' dir='ltr'><strong>qnod</strong></span> <span class='ocrx_word' id='word_1_406' title='bbox 787 4602 844 4661; x_wconf 90' lang='lat' dir='ltr'><strong>hoc</strong></span> <span class='ocrx_word' id='word_1_407' title='bbox 866 4602 1021 4662; x_wconf 87' lang='lat' dir='ltr'><strong>discrimen</strong></span> <span class='ocrx_word' id='word_1_408' title='bbox 1045 4602 1190 4673; x_wconf 86' lang='lat' dir='ltr'><strong>indicavi,</strong></span> <span class='ocrx_word' id='word_1_409' title='bbox 1213 4611 1247 4661; x_wconf 91' lang='lat' dir='ltr'><strong>ut</strong></span> <span class='ocrx_word' id='word_1_410' title='bbox 1268 4605 1358 4673; x_wconf 75' lang='lat' dir='ltr'><strong>emat,</strong></span> <span class='ocrx_word' id='word_1_411' title='bbox 1383 4598 1464 4677; x_wconf 88' lang='lat' dir='ltr'><strong>apud</strong></span> <span class='ocrx_word' id='word_1_412' title='bbox 1486 4608 1517 4658; x_wconf 88' lang='lat' dir='ltr'><strong>te</strong></span> <span class='ocrx_word' id='word_1_413' title='bbox 1540 4598 1616 4657; x_wconf 88' lang='lat' dir='ltr'><strong>Her·</strong></span> 
     </span>
     <span class='ocr_line' id='line_1_40' title="bbox 261 4688 1616 4766; baseline -0.001 -22"><span class='ocrx_word' id='word_1_414' title='bbox 261 4689 398 4746; x_wconf 83' lang='lat' dir='ltr'><strong>mssicsm</strong></span> <span class='ocrx_word' id='word_1_415' title='bbox 420 4689 545 4746; x_wconf 81' lang='lat' dir='ltr'><strong>inveniri</strong></span> <span class='ocrx_word' id='word_1_416' title='bbox 569 4688 758 4762; x_wconf 87' lang='lat' dir='ltr'><strong>harmoniam,</strong></span> <span class='ocrx_word' id='word_1_417' title='bbox 782 4690 860 4766; x_wconf 89' lang='lat' dir='ltr'><strong>apud</strong></span> <span class='ocrx_word' id='word_1_418' title='bbox 883 4709 932 4750; x_wconf 88' lang='lat' dir='ltr'><strong>mc</strong></span> <span class='ocrx_word' id='word_1_419' title='bbox 953 4690 1208 4762; x_wconf 88' lang='lat' dir='ltr'><strong>mathematicam,</strong></span> <span class='ocrx_word' id='word_1_420' title='bbox 1233 4691 1333 4764; x_wconf 90' lang='lat' dir='ltr'><strong>itaqua</strong></span> <span class='ocrx_word' id='word_1_421' title='bbox 1355 4688 1438 4747; x_wconf 90' lang='lat' dir='ltr'><strong>nullo</strong></span> <span class='ocrx_word' id='word_1_422' title='bbox 1460 4690 1566 4747; x_wconf 87' lang='lat' dir='ltr'><strong>merito</strong></span> <span class='ocrx_word' id='word_1_423' title='bbox 1588 4696 1616 4744; x_wconf 89' lang='lat' dir='ltr'><strong>tc</strong></span> 
     </span>
     <span class='ocr_line' id='line_1_41' title="bbox 262 4773 452 4833; baseline 0 -1"><span class='ocrx_word' id='word_1_424' title='bbox 262 4773 333 4832; x_wconf 89' lang='lat' dir='ltr'><strong>mihi</strong></span> <span class='ocrx_word' id='word_1_425' title='bbox 356 4776 452 4833; x_wconf 82' lang='lat' dir='ltr'><strong>hassi.</strong></span> 
     </span>
    </p>

    <p class='ocr_par' dir='ltr' id='par_1_7' title="bbox 197 4860 1616 5206">
     <span class='ocr_line' id='line_1_42' title="bbox 300 4860 1616 4941; baseline -0.001 -21"><span class='ocrx_word' id='word_1_426' title='bbox 300 4883 302 4889; x_wconf 94' lang='lat'>·</span> <span class='ocrx_word' id='word_1_427' title='bbox 349 4860 405 4920; x_wconf 77' lang='lat' dir='ltr'><strong>Ad</strong></span> <span class='ocrx_word' id='word_1_428' title='bbox 429 4860 615 4939; x_wconf 81' lang='lat' dir='ltr'><strong>Anslysin</strong></span> <span class='ocrx_word' id='word_1_429' title='bbox 638 4861 756 4921; x_wconf 85' lang='lat' dir='ltr'><strong>XVIII.</strong></span> <span class='ocrx_word' id='word_1_430' title='bbox 801 4864 870 4923; x_wconf 84' lang='lat' dir='ltr'><strong>Jam</strong></span> <span class='ocrx_word' id='word_1_431' title='bbox 895 4869 1010 4941; x_wconf 89' lang='lat' dir='ltr'><strong>quoties</strong></span> <span class='ocrx_word' id='word_1_432' title='bbox 1031 4866 1088 4925; x_wconf 90' lang='lat' dir='ltr'><strong>hoc</strong></span> <span class='ocrx_word' id='word_1_433' title='bbox 1109 4865 1180 4924; x_wconf 90' lang='lat' dir='ltr'><strong>mihi</strong></span> <span class='ocrx_word' id='word_1_434' title='bbox 1201 4862 1392 4939; x_wconf 83' lang='lat' dir='ltr'><strong>repetendum</strong></span> <span class='ocrx_word' id='word_1_435' title='bbox 1408 4871 1464 4936; x_wconf 85' lang='lat' dir='ltr'><strong>est,</strong></span> <span class='ocrx_word' id='word_1_436' title='bbox 1487 4862 1616 4921; x_wconf 89' lang='lat' dir='ltr'><strong>nonhoc</strong></span> 
     </span>
     <span class='ocr_line' id='line_1_43' title="bbox 262 4949 1615 5030; baseline -0.002 -21"><span class='ocrx_word' id='word_1_437' title='bbox 262 4967 329 5009; x_wconf 87' lang='lat' dir='ltr'><strong>esse</strong></span> <span class='ocrx_word' id='word_1_438' title='bbox 351 4965 482 5009; x_wconf 88' lang='lat' dir='ltr'><strong>mearum</strong></span> <span class='ocrx_word' id='word_1_439' title='bbox 505 4949 765 5025; x_wconf 88' lang='lat' dir='ltr'><strong>reprehensionum</strong></span> <span class='ocrx_word' id='word_1_440' title='bbox 788 4954 940 5021; x_wconf 89' lang='lat' dir='ltr'><strong>intentum,</strong></span> <span class='ocrx_word' id='word_1_441' title='bbox 964 4962 996 5011; x_wconf 89' lang='lat' dir='ltr'><strong>nt</strong></span> <span class='ocrx_word' id='word_1_442' title='bbox 1019 4961 1099 5011; x_wconf 91' lang='lat' dir='ltr'><strong>tuam</strong></span> <span class='ocrx_word' id='word_1_443' title='bbox 1122 4970 1177 5029; x_wconf 78' lang='lat' dir='ltr'><strong>ego</strong></span> <span class='ocrx_word' id='word_1_444' title='bbox 1200 4951 1417 5030; x_wconf 89' lang='lat' dir='ltr'><strong>philosophiam</strong></span> <span class='ocrx_word' id='word_1_445' title='bbox 1441 4953 1615 5020; x_wconf 82' lang='lat' dir='ltr'><strong>examinem,</strong></span> 
     </span>
     <span class='ocr_line' id='line_1_44' title="bbox 197 5035 1615 5119; baseline -0.001 -24"><span class='ocrx_word' id='word_1_446' title='bbox 197 5068 200 5074; x_wconf 95' lang='lat'>·</span> <span class='ocrx_word' id='word_1_447' title='bbox 261 5037 313 5096; x_wconf 85' lang='lat' dir='ltr'><strong>vel</strong></span> <span class='ocrx_word' id='word_1_448' title='bbox 332 5038 492 5113; x_wconf 66' lang='lat' dir='ltr'><strong>nolensem</strong></span> <span class='ocrx_word' id='word_1_449' title='bbox 523 5040 729 5114; x_wconf 88' lang='lat' dir='ltr'><strong>pronunciem,</strong></span> <span class='ocrx_word' id='word_1_450' title='bbox 761 5039 806 5099; x_wconf 86' lang='lat' dir='ltr'><strong>vel</strong></span> <span class='ocrx_word' id='word_1_451' title='bbox 838 5044 950 5098; x_wconf 81' lang='lat' dir='ltr'><strong>aeriter</strong></span> <span class='ocrx_word' id='word_1_452' title='bbox 970 5041 1208 5115; x_wconf 69' lang='lat' dir='ltr'><strong>reprehendam,</strong></span> <span class='ocrx_word' id='word_1_453' title='bbox 1242 5039 1289 5098; x_wconf 89' lang='lat' dir='ltr'><strong>vel</strong></span> <span class='ocrx_word' id='word_1_454' title='bbox 1317 5038 1359 5095; x_wconf 94' lang='lat' dir='ltr'><strong>illi</strong></span> <span class='ocrx_word' id='word_1_455' title='bbox 1383 5038 1441 5119; x_wconf 85' lang='lat' dir='ltr'><strong>hoc</strong></span> <span class='ocrx_word' id='word_1_456' title='bbox 1470 5038 1520 5097; x_wconf 82' lang='lat' dir='ltr'><strong>sel</strong></span> <span class='ocrx_word' id='word_1_457' title='bbox 1544 5035 1615 5096; x_wconf 88' lang='lat' dir='ltr'><strong>illud</strong></span> 
     </span>
     <span class='ocr_line' id='line_1_45' title="bbox 261 5123 1614 5206; baseline 0.001 -24"><span class='ocrx_word' id='word_1_458' title='bbox 261 5126 415 5206; x_wconf 81' lang='lat' dir='ltr'><strong>objiciam,</strong></span> <span class='ocrx_word' id='word_1_459' title='bbox 440 5124 487 5184; x_wconf 85' lang='lat' dir='ltr'><strong>vol</strong></span> <span class='ocrx_word' id='word_1_460' title='bbox 511 5123 628 5201; x_wconf 90' lang='lat' dir='ltr'><strong>culpam</strong></span> <span class='ocrx_word' id='word_1_461' title='bbox 650 5126 703 5185; x_wconf 91' lang='lat' dir='ltr'><strong>tibi</strong></span> <span class='ocrx_word' id='word_1_462' title='bbox 728 5125 902 5203; x_wconf 88' lang='lat' dir='ltr'><strong>cujusquam</strong></span> <span class='ocrx_word' id='word_1_463' title='bbox 925 5127 966 5186; x_wconf 88' lang='lat' dir='ltr'><strong>rei</strong></span> <span class='ocrx_word' id='word_1_464' title='bbox 990 5130 1138 5204; x_wconf 85' lang='lat' dir='ltr'><strong>imputem.</strong></span> <span class='ocrx_word' id='word_1_465' title='bbox 1184 5129 1248 5203; x_wconf 78' lang='lat' dir='ltr'><strong>Ago</strong></span> <span class='ocrx_word' id='word_1_466' title='bbox 1271 5143 1391 5202; x_wconf 79' lang='lat' dir='ltr'><strong>nempe,</strong></span> <span class='ocrx_word' id='word_1_467' title='bbox 1419 5125 1511 5185; x_wconf 90' lang='lat' dir='ltr'><strong>dicito</strong></span> <span class='ocrx_word' id='word_1_468' title='bbox 1534 5125 1614 5197; x_wconf 91' lang='lat' dir='ltr'><strong>mibi,</strong></span> 
     </span>
    </p>
   </div>
   <div class='ocr_carea' id='block_1_5' title="bbox 169 5212 1420 5291">
    <p class='ocr_par' dir='ltr' id='par_1_8' title="bbox 169 5212 1420 5291">
     <span class='ocr_line' id='line_1_46' title="bbox 169 5212 1420 5291; baseline 0.001 -22"><span class='ocrx_word' id='word_1_469' title='bbox 169 5225 174 5257; x_wconf 82' lang='lat'><em>2</em></span> <span class='ocrx_word' id='word_1_470' title='bbox 260 5214 312 5270; x_wconf 90' lang='lat' dir='ltr'><strong>nbi</strong></span> <span class='ocrx_word' id='word_1_471' title='bbox 326 5220 443 5273; x_wconf 75' lang='lat' dir='ltr'><strong>,temere</strong></span> <span class='ocrx_word' id='word_1_472' title='bbox 465 5213 501 5270; x_wconf 82' lang='lat' dir='ltr'><strong>de</strong></span> <span class='ocrx_word' id='word_1_473' title='bbox 523 5215 583 5270; x_wconf 75' lang='lat' dir='ltr'><strong>ursis</strong></span> <span class='ocrx_word' id='word_1_474' title='bbox 605 5231 659 5289; x_wconf 73' lang='lat' dir='ltr'><strong>epo</strong></span> <span class='ocrx_word' id='word_1_475' title='bbox 680 5216 851 5273; x_wconf 72' lang='lat' dir='ltr'><strong>urientibus</strong></span> <span class='ocrx_word' id='word_1_476' title='bbox 867 5215 1019 5289; x_wconf 82' lang='lat' dir='ltr'><strong>judicem,</strong></span> <span class='ocrx_word' id='word_1_477' title='bbox 1043 5217 1150 5291; x_wconf 89' lang='lat' dir='ltr'><strong>quibus</strong></span> <span class='ocrx_word' id='word_1_478' title='bbox 1172 5216 1202 5274; x_wconf 93' lang='lat' dir='ltr'><strong>id</strong></span> <span class='ocrx_word' id='word_1_479' title='bbox 1225 5215 1277 5273; x_wconf 85' lang='lat' dir='ltr'><strong>liat</strong></span> <span class='ocrx_word' id='word_1_480' title='bbox 1300 5212 1420 5273; x_wconf 76' lang='lat' dir='ltr'><strong>verbis?</strong></span> 
     </span>
    </p>
   </div>
   <div class='ocr_carea' id='block_1_6' title="bbox 185 5300 1613 5554">
    <p class='ocr_par' dir='ltr' id='par_1_9' title="bbox 185 5300 1613 5554">
     <span class='ocr_line' id='line_1_47' title="bbox 348 5300 1613 5384; baseline -0.002 -26"><span class='ocrx_word' id='word_1_481' title='bbox 348 5301 438 5373; x_wconf 89' lang='lat' dir='ltr'><strong>Dico,</strong></span> <span class='ocrx_word' id='word_1_482' title='bbox 463 5309 493 5359; x_wconf 87' lang='lat' dir='ltr'><strong>te</strong></span> <span class='ocrx_word' id='word_1_483' title='bbox 515 5300 655 5359; x_wconf 88' lang='lat' dir='ltr'><strong>mundum</strong></span> <span class='ocrx_word' id='word_1_484' title='bbox 678 5304 791 5362; x_wconf 88' lang='lat' dir='ltr'><strong>ratione</strong></span> <span class='ocrx_word' id='word_1_485' title='bbox 813 5302 1027 5384; x_wconf 78' lang='lat' dir='ltr'><strong>semidiametri</strong></span> <span class='ocrx_word' id='word_1_486' title='bbox 1045 5302 1181 5362; x_wconf 80' lang='lat' dir='ltr'><strong>divisisse</strong></span> <span class='ocrx_word' id='word_1_487' title='bbox 1208 5305 1236 5359; x_wconf 93' lang='lat' dir='ltr'><strong>in</strong></span> <span class='ocrx_word' id='word_1_488' title='bbox 1259 5309 1318 5361; x_wconf 85' lang='lat' dir='ltr'><strong>tres</strong></span> <span class='ocrx_word' id='word_1_489' title='bbox 1340 5311 1439 5378; x_wconf 87' lang='lat' dir='ltr'><strong>partes</strong></span> <span class='ocrx_word' id='word_1_490' title='bbox 1463 5300 1613 5376; x_wconf 87' lang='lat' dir='ltr'><strong>aequales,</strong></span> 
     </span>
     <span class='ocr_line' id='line_1_48' title="bbox 185 5380 1613 5466; baseline 0.002 -21"><span class='ocrx_word' id='word_1_491' title='bbox 185 5394 188 5401; x_wconf 86' lang='lat'>&#39;</span> <span class='ocrx_word' id='word_1_492' title='bbox 262 5394 293 5445; x_wconf 88' lang='lat' dir='ltr'><strong>et</strong></span> <span class='ocrx_word' id='word_1_493' title='bbox 315 5391 416 5447; x_wconf 84' lang='lat' dir='ltr'><strong>rerum</strong></span> <span class='ocrx_word' id='word_1_494' title='bbox 438 5388 506 5447; x_wconf 88' lang='lat' dir='ltr'><strong>dieo</strong></span> <span class='ocrx_word' id='word_1_495' title='bbox 530 5380 573 5447; x_wconf 84' lang='lat' dir='ltr'><strong>de&#39;</strong></span> <span class='ocrx_word' id='word_1_496' title='bbox 590 5397 640 5446; x_wconf 90' lang='lat' dir='ltr'><strong>tua</strong></span> <span class='ocrx_word' id='word_1_497' title='bbox 662 5390 823 5466; x_wconf 86' lang='lat' dir='ltr'><strong>pyramide,</strong></span> <span class='ocrx_word' id='word_1_498' title='bbox 848 5398 880 5447; x_wconf 87' lang='grc' dir='ltr'><strong>ιιι</strong></span> <span class='ocrx_word' id='word_1_499' title='bbox 902 5407 979 5466; x_wconf 85' lang='lat' dir='ltr'><strong>quae</strong></span> <span class='ocrx_word' id='word_1_500' title='bbox 1002 5390 1131 5451; x_wconf 84' lang='lat' dir='ltr'><strong>tenditur</strong></span> <span class='ocrx_word' id='word_1_501' title='bbox 1153 5409 1170 5448; x_wconf 90' lang='lat' dir='ltr'><strong>a</strong></span> <span class='ocrx_word' id='word_1_502' title='bbox 1194 5397 1293 5449; x_wconf 74' lang='lat' dir='ltr'><strong>senno</strong></span> <span class='ocrx_word' id='word_1_503' title='bbox 1310 5388 1420 5459; x_wconf 90' lang='lat' dir='ltr'><strong>mnndi,</strong></span> <span class='ocrx_word' id='word_1_504' title='bbox 1443 5388 1526 5465; x_wconf 90' lang='lat' dir='ltr'><strong>qnod</strong></span> <span class='ocrx_word' id='word_1_505' title='bbox 1541 5387 1613 5447; x_wconf 85' lang='lat' dir='ltr'><strong>&#39;l&#39;er-</strong></span> 
     </span>
     <span class='ocr_line' id='line_1_49' title="bbox 259 5474 1613 5554; baseline -0.001 -20"><span class='ocrx_word' id='word_1_506' title='bbox 259 5490 321 5534; x_wconf 86' lang='lat' dir='ltr'><strong>ram</strong></span> <span class='ocrx_word' id='word_1_507' title='bbox 344 5475 427 5550; x_wconf 87' lang='lat' dir='ltr'><strong>lacis,</strong></span> <span class='ocrx_word' id='word_1_508' title='bbox 450 5474 490 5534; x_wconf 90' lang='lat' dir='ltr'><strong>ad</strong></span> <span class='ocrx_word' id='word_1_509' title='bbox 511 5476 781 5548; x_wconf 71' lang='lat' dir='ltr'><strong>circumferentiam,</strong></span> <span class='ocrx_word' id='word_1_510' title='bbox 805 5486 908 5553; x_wconf 86' lang='lat' dir='ltr'><strong>estque</strong></span> <span class='ocrx_word' id='word_1_511' title='bbox 932 5478 1028 5537; x_wconf 86' lang='lat' dir='ltr'><strong>divisa</strong></span> <span class='ocrx_word' id='word_1_512' title='bbox 1050 5482 1164 5538; x_wconf 87' lang='lat' dir='ltr'><strong>ratione</strong></span> <span class='ocrx_word' id='word_1_513' title='bbox 1179 5477 1370 5554; x_wconf 87' lang='lat' dir='ltr'><strong>longitudinis</strong></span> <span class='ocrx_word' id='word_1_514' title='bbox 1393 5479 1423 5534; x_wconf 88' lang='lat' dir='ltr'><strong>in</strong></span> <span class='ocrx_word' id='word_1_515' title='bbox 1441 5484 1501 5537; x_wconf 85' lang='lat' dir='ltr'><strong>tres</strong></span> <span class='ocrx_word' id='word_1_516' title='bbox 1515 5484 1613 5553; x_wconf 85' lang='lat' dir='ltr'><strong>partes</strong></span> 
     </span>
    </p>
   </div>
   <div class='ocr_carea' id='block_1_7' title="bbox 145 5553 1612 5641">
    <p class='ocr_par' dir='ltr' id='par_1_10' title="bbox 145 5553 1612 5641">
     <span class='ocr_line' id='line_1_50' title="bbox 145 5553 1612 5641; baseline -0.003 -17"><span class='ocrx_word' id='word_1_517' title='bbox 145 5553 198 5624; x_wconf 69' lang='grc' dir='ltr'><strong>.Ϊ-</strong></span> <span class='ocrx_word' id='word_1_518' title='bbox 260 5561 408 5639; x_wconf 77' lang='lat' dir='ltr'><strong>aequales.</strong></span> <span class='ocrx_word' id='word_1_519' title='bbox 454 5561 532 5636; x_wconf 88' lang='lat' dir='ltr'><strong>Quin</strong></span> <span class='ocrx_word' id='word_1_520' title='bbox 554 5565 643 5622; x_wconf 83' lang='lat' dir='ltr'><strong>etiam</strong></span> <span class='ocrx_word' id='word_1_521' title='bbox 666 5564 749 5623; x_wconf 91' lang='lat' dir='ltr'><strong>lateri</strong></span> <span class='ocrx_word' id='word_1_522' title='bbox 774 5564 830 5641; x_wconf 85' lang='lat' dir='ltr'><strong>hoc</strong></span> <span class='ocrx_word' id='word_1_523' title='bbox 853 5565 930 5624; x_wconf 90' lang='lat' dir='ltr'><strong>ultro</strong></span> <span class='ocrx_word' id='word_1_524' title='bbox 954 5566 1076 5639; x_wconf 86' lang='lat' dir='ltr'><strong>videris,</strong></span> <span class='ocrx_word' id='word_1_525' title='bbox 1107 5566 1175 5624; x_wconf 91' lang='lat' dir='ltr'><strong>dum</strong></span> <span class='ocrx_word' id='word_1_526' title='bbox 1198 5566 1307 5626; x_wconf 84' lang='lat' dir='ltr'><strong>lactum</strong></span> <span class='ocrx_word' id='word_1_527' title='bbox 1337 5580 1463 5624; x_wconf 87' lang='lat' dir='ltr'><strong>excusas</strong></span> <span class='ocrx_word' id='word_1_528' title='bbox 1486 5565 1538 5624; x_wconf 85' lang='lat' dir='ltr'><strong>iol.</strong></span> <span class='ocrx_word' id='word_1_529' title='bbox 1562 5563 1612 5622; x_wconf 69' lang='lat'><strong>28.</strong></span> 
     </span>
    </p>
   </div>
   <div class='ocr_carea' id='block_1_8' title="bbox 202 5646 1613 5731">
    <p class='ocr_par' dir='ltr' id='par_1_11' title="bbox 202 5646 1613 5731">
     <span class='ocr_line' id='line_1_51' title="bbox 202 5646 1613 5731; baseline 0.001 -24"><span class='ocrx_word' id='word_1_530' title='bbox 202 5661 214 5683; x_wconf 85' lang='lat'><strong>³·</strong></span> <span class='ocrx_word' id='word_1_531' title='bbox 261 5646 337 5709; x_wconf 83' lang='lat' dir='ltr'><strong>llam</strong></span> <span class='ocrx_word' id='word_1_532' title='bbox 358 5651 384 5708; x_wconf 92' lang='lat' dir='ltr'><strong>si</strong></span> <span class='ocrx_word' id='word_1_533' title='bbox 406 5650 556 5727; x_wconf 87' lang='lat' dir='ltr'><strong>proportio</strong></span> <span class='ocrx_word' id='word_1_534' title='bbox 580 5666 652 5710; x_wconf 83' lang='lat' dir='ltr'><strong>vers</strong></span> <span class='ocrx_word' id='word_1_535' title='bbox 673 5652 875 5728; x_wconf 90' lang='lat' dir='ltr'><strong>amplitudinis</strong></span> <span class='ocrx_word' id='word_1_536' title='bbox 896 5661 1117 5729; x_wconf 87' lang='lat' dir='ltr'><strong>repraesentata</strong></span> <span class='ocrx_word' id='word_1_537' title='bbox 1139 5663 1232 5730; x_wconf 86' lang='lat' dir='ltr'><strong>esset,</strong></span> <span class='ocrx_word' id='word_1_538' title='bbox 1260 5670 1366 5731; x_wconf 79' lang='lat' dir='ltr'><strong>negas,</strong></span> <span class='ocrx_word' id='word_1_539' title='bbox 1399 5662 1430 5714; x_wconf 89' lang='lat' dir='ltr'><strong>et</strong></span> <span class='ocrx_word' id='word_1_540' title='bbox 1453 5652 1613 5729; x_wconf 76' lang='lat' dir='ltr'><strong>sesequi·</strong></span> 
     </span>
    </p>
   </div>
   <div class='ocr_carea' id='block_1_9' title="bbox 0 0 1846 7257">
    <p class='ocr_par' dir='ltr' id='par_1_12' title="bbox 0 0 1846 7257">
     <span class='ocr_line' id='line_1_52' title="bbox 0 0 1846 7257; baseline 0 0"><span class='ocrx_word' id='word_1_541' title='bbox 0 0 1846 7257; x_wconf 95' lang='lat' dir='ltr'><strong> </strong></span> 
     </span>
    </p>
   </div>
  </div>
 </body>
</html>
