3684 7259
756 1210 839 1269 biber
856 1212 904 1269 ΙΙΙ.
927 1211 1076 1284 caputii.
1525 1217 1587 1280 bib

244 1388 500 1472 habentibus'ffl),
523 1392 567 1451 uti
588 1392 794 1469 praediximus,
818 1402 940 1457 atsunt
962 1397 1037 1456 luter
1053 1395 1153 1456 divina
1167 1394 1285 1472 quidem
1307 1401 1403 1455 motus
1419 1392 1589 1457 molestiam

246 1498 410 1559 corporum,
434 1482 508 1540 inter
530 1481 665 1540 mortalia
687 1500 756 1543 vero
779 1490 875 1542 motus
898 1485 1023 1544 maxime
1037 1481 1229 1544 humanamm
1251 1484 1412 1542 animarum
1421 1480 1495 1563 vm),
1520 1486 1590 1561 qula

210 1618 214 1625 .
247 1588 281 1630 er
305 1568 377 1627 solis
400 1566 487 1628 dictis
512 1569 627 1643 uimque
650 1572 796 1647 competit,
821 1578 853 1629 ut
875 1588 933 1630 una
956 1589 1020 1631 cum
1044 1574 1137 1649 primo
1160 1578 1188 1631 et
1211 1571 1419 1650 perfectissimo
1441 1578 1536 1645 motu,
1559 1570 1590 1631 id
1671 1589 1674 1595 ’

246 1665 289 1717 est
320 1673 385 1714 cum
416 1664 498 1715 motu
527 1654 762 1735 locali‘insuper
793 1661 881 1718 ctiam
903 1657 1026 1718 rationis
1054 1660 1211 1737 participes
1232 1653 1380 1739 sint¹¹)],
1412 1662 1529 1719 omnino
1561 1668 1590 1720 et

246 1746 435 1821 conspicuum
463 1742 520 1803 hoc'
543 1750 587 1803 est
616 1752 646 1803 ct
669 1744 745 1804 clare
769 1743 963 1819 demonstrat,
995 1752 1134 1823 qnantum
1159 1744 1276 1823 quidem
1307 1746 1344 1808 ab
1368 1745 1484 1827 homine
1508 1762 1590 1806 com·
1686 1740 1689 1747 ’

245 1830 387 1912 prehendi
409 1840 521 1909 potest,
545 1832 640 1891 inesse
663 1833 699 1893 iis
723 1831 944 1917 dispositionem
967 1841 996 1894 et
1019 1833 1299 1894 administrationem
1328 1833 1458 1910 aliquam
1483 1851 1589 1895 socun-

247 1919 316 1979 dum
337 1918 523 1999 barmorp'caa
544 1935 683 1979 sonorum
705 1922 923 1998 proportiones,
957 1928 989 1980 ut
1011 1920 1128 1997 quidem
1159 1921 1258 1981 ridere
1280 1927 1325 1981 cst
1346 1938 1399 1998 per
1421 1930 1534 1997 partes,
1564 1923 1588 1980 si

247 2006 428 2083 disputemus
452 2006 488 2066 dc
511 2015 634 2082 utroque
657 2022 763 2085 gauere
785 2009 968 2085 singulatim,
991 2010 1075 2069 initio
1097 2010 1175 2069 lacto
1197 2009 1236 2068 ab
1258 2007 1319 2084 iiio,
1347 2008 1425 2086 quod
1448 2010 1589 2070 humanas

246 2097 359 2164 animas
381 2094 591 2171 complectitur.

330 2195 404 2249 Nota
420 2196 443 2249 1.
474 2194 545 2262 'Cap
565 2194 613 2250 IV.
629 2196 685 2262 jam
704 2193 849 2250 secundam
868 2194 1024 2265 aggreditur
1042 2195 1240 2265 quaestionem,
1258 2194 1286 2249 in
1299 2193 1396 2266 quibus
1408 2196 1490 2251 rebus
1508 2194 1590 2253 insint

245 2273 442 2342 proportiones.
480 2272 543 2340 Ipse
562 2273 681 2342 appellat
699 2296 745 2345 aps
761 2294 808 2329 rou
826 2275 991 2345 decoramur
1009 2278 1130 2342 δυναμιν,
1149 2286 1283 2343 quaeror
1299 2274 1450 2342 emphatice
1467 2275 1534 2332 satis
1552 2278 1590 2333 al·

244 2350 314 2405 ludit
331 2352 366 2405 ad
383 2352 458 2421 ipsas
476 2354 674 2423 proportiones,
694 2370 748 2408 nou
766 2354 801 2409 ad
818 2352 976 2409 facultatem
994 2354 1101 2422 mentis,
1121 2366 1190 2421 quae
1207 2351 1241 2407 iis
1260 2360 1291 2407 ut
1308 2351 1416 2421 objecto
1435 2369 1465 2408 sc
1482 2361 1590 2411 exercet

245 2430 336 2500 iisque'
355 2441 384 2485 ut
408 2432 556 2502 archetypo
584 2432 668 2488 utitur
695 2434 730 2488 ud
755 2431 955 2488 efformandurn
974 2432 1088 2502 aliquoi
1111 2432 1271 2501 subjectum.
1306 2432 1500 2487 Demonstrant
1518 2432 1590 2489 hunc

245 2526 354 2565 sensum
373 2511 446 2565 vocis
464 2521 491 2567 et
510 2513 600 2581 capita
618 2512 804 2582 dicendorum,
824 2513 922 2583 quihus
942 2513 1066 2567 omnihus
1086 2511 1137 2566 boc
1156 2512 1224 2582 egit,
1242 2518 1273 2565 ut
1291 2509 1429 2578 ostendat,
1455 2510 1589 2579 quomodo

245 2596 336 2656 partes
356 2588 440 2643 ueluti
458 2591 650 2660 subjectorum,
670 2591 704 2647 de
723 2593 820 2661 quibus
839 2600 910 2663 aget,
930 2592 958 2646 iu
976 2593 1165 2663 proportiones
1182 2592 1352 2648 harmonicas
1371 2605 1518 2659 eammque
1525 2605 1590 2668 pro·

243 2670 317 2737 prias
336 2670 493 2726 affectiones
511 2670 664 2741 descriptae
682 2673 745 2731 sint

330 2749 402 2803 Nota
420 2751 454 2803 ΙΙ.
491 2750 587 2818 Itaque
615 2751 734 2805 cauenda
760 2758 803 2806 est
825 2751 986 2819 ambiguitas
1014 2750 1086 2805 circa
1109 2749 1242 2804 humanas
1270 2748 1386 2815 animas3
1414 2746 1494 2801 aliter
1520 2745 1591 2801 inest
1619 2754 1620 2757 ’

245 2826 350 2882 animae
368 2826 483 2883 facultas
502 2828 670 2898 harmonica,
694 2828 773 2885 aliter
791 2837 888 2884 natura
906 2827 1163 2898 contemperationis
1181 2826 1365 2882 harmonicae:
1386 2826 1441 2893 aila,
1459 2832 1490 2881 ut
1507 2840 1590 2879 causa

244 2920 334 2959 rerum
354 2914 431 2960 extra
449 2909 579 2974 animam,
598 2916 665 2977 puta
682 2914 791 2977 cantus,
810 2910 875 2978 ista,
903 2917 933 2964 nt
952 2908 1094 2965 cromatio
1112 2906 1229 2975 animae,
1248 2912 1378 2975 tanquam
1396 2904 1509 2974 ahcnjus
1527 2900 1590 2958 sub·

240 2985 315 3054 jacti.
352 2986 393 3039 De
412 2986 458 3056 ilio
477 2986 610 3043 hactenus
629 2995 731 3057 actum,
751 2987 784 3042 de
803 2988 855 3042 hoc
873 2994 970 3055 agetur
986 2987 1014 3040 in
1032 2985 1218 3054 aequantibus.

330 3065 405 3120 Nota
423 3065 473 3119 111.
509 3066 582 3120 Dicit
600 3074 705 3134 autem,
725 3066 826 3134 omnia,
847 3081 917 3136 quae
935 3082 965 3119 se
983 3066 1069 3135 primo
1087 3070 1208 3132 movent,
1227 3064 1255 3118 ia
1274 3079 1304 3119 se
1322 3062 1460 3120 continere
1477 3059 1590 3117 faculta»

244 3150 285 3199 tes
299 3144 349 3197 has
361 3144 537 3198 harmonicas.
559 3144 656 3199 deinde
668 3146 788 3215 inprimis
802 3146 899 3215 omnia,
919 3160 989 3213 quae
1000 3143 1112 3200 rationis
1125 3151 1189 3198 aunt
1200 3142 1355 3211 participia,
1374 3142 1428 3196 buc
1440 3139 1589 3197 referenda.

243 3226 440 3292 Argumentum
458 3222 510 3277 hoc
529 3223 615 3278 solum
635 3239 695 3278 esse
714 3223 820 3279 videtur
838 3223 871 3278 de
889 3223 984 3292 primo,
1003 3221 1075 3292 qnod
1094 3221 1245 3276 necessario
1262 3219 1496 3290 praestantissima
1514 3232 1590 3288 prau-

243 3302 416 3357 stantissimis
435 3302 603 3357 conveniant.
638 3302 835 3357 Praestantiam
854 3311 944 3358 autem
957 3300 1125 3356 harmonices
1138 3307 1196 3354 toto
1209 3314 1291 3369 opere
1303 3298 1505 3367 demonstrarit,
1525 3299 1552 3350 et
1563 3294 1591 3349 lu

243 3382 376 3451 principio
395 3382 491 3451 capitis
511 3384 534 3436 3.
554 3381 589 3436 ad
606 3390 722 3436 urentem
741 3382 877 3435 revocarit
894 3380 1108 3447 inculcaritque3
1134 3378 1302 3448 praestantia
1319 3392 1383 3433 vero
1402 3389 1590 3458 communae

244 3463 405 3533 principium
424 3471 512 3516 motus
531 3464 558 3515 in
577 3476 607 3516 se
625 3462 691 3532 ipsis
710 3462 825 3529 babent,
844 3466 909 3515 uota
928 3465 970 3514 est
987 3457 1060 3528 apud
1079 3473 1172 3513 omnes
1188 3455 1381 3527 philosophos,
1404 3471 1519 3525 quorum
1538 3451 1590 3510 dis·

244 3543 399 3613 putatioues
417 3540 489 3594 iuter
506 3556 537 3595 se
556 3548 696 3610 comparat
714 3539 868 3596 Macrobius
893 3540 921 3593 iu
941 3537 1078 3593 Somnium
1096 3536 1229 3606 Scipionis
1248 3534 1283 3590 ad
1300 3534 1389 3590 finem.
1426 3534 1478 3589 Est
1505 3539 1533 3589 et
1549 3549 1591 3588 ar·

244 3627 402 3690 gementum
429 3626 537 3673 amota
556 3619 623 3687 ipso.
659 3619 728 3674 Nam
747 3628 838 3673 motus
856 3618 1009 3686 subjectum
1038 3625 1080 3671 est
1098 3616 1242 3685 genuinum
1266 3614 1450 3681 harmonicas,
1478 3619 1506 3668 et
1522 3612 1591 3667 baec

243 3701 346 3755 habent
364 3700 452 3768 ipsum
470 3699 551 3753 etiam
569 3698 731 3766 principium
749 3706 837 3751 motus
855 3697 883 3751 in
902 3712 933 3751 sc
949 3697 1030 3766 ipsis,
1058 3696 1150 3752 eadem
1179 3703 1207 3750 et
1223 3696 1341 3750 formata
1358 3692 1512 3749 sunt-ideis
1530 3707 1590 3762 per·

243 3780 391 3834 lectionum
409 3777 494 3847 ipsius
511 3783 610 3830 motus.
648 3776 676 3830 Si
695 3776 764 3830 enim
784 3777 823 3831 sic
840 3776 926 3829 motui
945 3782 1059 3844 cognata
1076 3782 1149 3841 suut,
1168 3784 1199 3831 ut
1214 3775 1282 3831 flant
1299 3774 1338 3830 illl
1351 3771 1524 3844 preruptam:
1543 3786 1592 3827 cnr

243 3875 303 3924 nou¹
317 3857 397 3910 eham
416 3856 455 3911 sic
472 3859 565 3911 eadent
582 3855 620 3910 illi
635 3863 766 3925 cognata,
787 3861 817 3911 ut
835 3854 930 3911 iisdem
948 3853 1089 3924 speciebus
1108 3855 1306 3925 siut'formata,
1331 3853 1430 3923 qubus
1448 3858 1476 3906 et
1492 3855 1591 3911 moines

244 3936 268 3991 ai
286 3938 355 3992 hene
374 3935 483 3989 formati
501 3940 579 3999 sunt,
596 3934 754 3990 formantur.
1048 3986 1051 3990 .

314 4015 367 4068 Pro
386 4013 471 4068 altero
490 4014 622 4068 rationem
640 4011 750 4068 adducit
766 4013 811 4069 bis
830 4012 934 4067 verbis:
959 4020 1074 4084 propter
1096 4021 1174 4070 ortua
1191 4016 1379 4084 cogitationem
1404 4017 1430 4068 ct
1445 4007 1591 4080 tutudisti·

244 4102 335 4153 tutem.
373 4094 401 4149 Si
419 4095 487 4150 ratio
506 4095 696 4164 proportiones
714 4091 884 4150 harmonicas
902 4093 1012 4161 invenit,
1031 4100 1139 4162 oportet
1157 4098 1184 4148 et
1201 4094 1333 4147 rationem
1352 4097 1379 4145 et
1397 4104 1466 4161 qnae
1478 4085 1590 4142 rationis

244 4183 309 4229 snut
336 4174 471 4242 compotia
496 4171 715 4243 proportionibus
737 4171 899 4227 harmonicis
926 4171 1094 4227 familiariter
1117 4180 1250 4228 constare.
1288 4172 1316 4225 Si
1339 4169 1407 4227 baec
1432 4167 1591 4239 argumenta

244 4255 331 4323 logice
351 4253 543 4320 examinemus,
563 4267 632 4322 pura
649 4251 798 4306 necessitas
819 4268 872 4305 nou
890 4259 1012 4322 apparet.
1048 4252 1143 4312 Potest
1154 4252 1225 4305 enim
1238 4250 1359 4307 efficiens
1372 4247 1481 4319 aliquod
1498 4258 1591 4302 creare

243 4331 346 4403 aliquid
364 4345 429 4385 anae
446 4331 572 4399 propriae
591 4328 729 4384 essentiali
748 4328 933 4383 constitutioni
952 4328 1093 4398 dissimile,
1123 4329 1145 4385 si
1164 4329 1258 4386 saltem
1278 4329 1420 4399 conceptui
1439 4343 1488 4382 arro
1507 4324 1590 4381 faciat

244 4412 344 4479 similc;
374 4410 549 4479 probabilitas
577 4417 667 4465 tamen
695 4416 736 4462 est
758 4424 856 4476 magna
874 4418 901 4464 ct
919 4407 984 4463 mihi
1006 4423 1117 4478 quoque
1133 4408 1281 4479 respondet
1301 4423 1346 4463 res
1370 4408 1437 4477 ipsa.
1474 4405 1546 4460 Nam
1563 4410 1591 4457 et

244 4490 308 4546 mibi
328 4490 432 4544 animus
451 4488 600 4544 formaliter
618 4488 726 4558 qmdam
745 4487 827 4541 veluti
846 4487 963 4544 circulus
982 4493 1035 4556 est,
1059 4502 1092 4542 ex
1111 4487 1188 4557 cujus
1207 4487 1338 4544 diuisione
1356 4484 1519 4555 geometrica
1535 4484 1591 4552 eri-

245 4578 322 4627 stunt
339 4569 529 4639 proportiones
548 4568 720 4622 harmonicae
739 4576 767 4621 et
784 4567 854 4622 idem
873 4566 978 4621 animus
996 4567 1145 4638 hospitium
1161 4568 1276 4636 praehet
1290 4564 1511 4638 proportionibus
1528 4564 1590 4619 bar·

245 4649 367 4716 monicis,
387 4654 417 4701 ut
436 4647 541 4702 cutibus
560 4647 681 4702 rationis.
717 4646 805 4714 igitur
829 4661 879 4714 ego
898 4645 1033 4713 (fortassis
1051 4646 1138 4702 unibus
1161 4655 1287 4703 accurate
1305 4647 1434 4716 loquens,
1464 4645 1537 4715 quod
1554 4644 1591 4699 vi·

246 4730 329 4785 deant
347 4728 400 4782 aiiii
417 4726 520 4782 nullam
538 4742 655 4795 munseo
674 4736 835 4791 mouturam,
855 4725 1016 4795 principium
1035 4734 1123 4782 motus
1141 4727 1169 4782 iu
1182 4741 1212 4782 ae
1228 4727 1381 4796 habentem,
1400 4723 1591 4797 quaeratione

246 4815 346 4866 careat,
364 4806 420 4861 sive
437 4806 567 4860 instincta
584 4814 615 4859 nt
631 4806 749 4875 plantae,
769 4808 826 4861 sive
843 4807 924 4861 etiam
944 4804 1124 4875 discurrente,
1149 4814 1180 4863 ut
1197 4808 1286 4862 homo.
1322 4806 1435 4864 Divinae
1452 4805 1535 4877 igitur
1552 4804 1590 4860 in·

246 4886 482 4958 comprehensibili
500 4887 633 4940 esseutiae
655 4886 736 4954 plane
754 4885 863 4940 insitam
881 4887 921 4951 (nt
938 4884 981 4939 fas
1000 4886 1035 4940 sit
1052 4886 1092 4940 ita
1109 4885 1194 4958 loqui)
1213 4885 1379 4942 harmoniam
1396 4886 1459 4951 ideo
1476 4885 1590 4956 affirmo,

246 4967 382 5034 nunquia
407 4959 453 5017 rita
471 4972 559 5020 motus
578 4972 684 5034 auctor,
711 4965 758 5019 aed
777 4965 841 5034 qnia
863 4964 1012 5034 geometria
1035 4963 1075 5019 ilii
1097 4971 1249 5020 coaeterua
1284 4965 1392 5020 Montes
1417 4980 1480 5020 reru
1498 4978 1591 5019 omnes

247 5060 334 5113 usque
352 5043 386 5097 ad
399 5043 505 5097 formas
523 5040 692 5112 plantarum,
717 5043 814 5113 quibua
834 5051 876 5098 est
892 5043 1036 5100 instinctus
1055 5051 1223 5113 concreatus,
1242 5043 1365 5099 similiter
1382 5044 1469 5111 intus,
1496 5042 1522 5096 iu
1542 5057 1592 5097 sna

247 5140 301 5179 uon
320 5122 507 5189 multomagis
526 5121 761 5190 comprehensibili
779 5123 906 5191 essentia,
925 5123 1055 5179 formatas
1074 5139 1134 5197 case
1151 5122 1314 5186 harmonice,
1331 5122 1392 5177 ideo
1403 5122 1509 5193 judico,
1528 5121 1592 5190 quia

247 5211 311 5257 suut
329 5200 494 5270 exemplaria
512 5201 578 5266 Dei,
601 5217 654 5255 uon
672 5201 745 5268 ideo,
772 5202 837 5271 quia
854 5202 971 5271 primam
987 5211 1105 5260 morant.
1140 5203 1196 5257 Res
1214 5201 1330 5273 denique
1352 5209 1478 5258 externas
1496 5212 1592 5269 corpo·

250 5296 320 5347 reas,
340 5279 362 5332 si
380 5289 526 5348 potnerunt
544 5297 560 5335 a
577 5280 682 5334 ratium
699 5279 785 5333 libere
802 5280 920 5334 formari.
939 5297 1009 5349 quae
1026 5281 1134 5350 quidem
1151 5298 1205 5335 non
1219 5281 1402 5352 impediuntur
1418 5282 1444 5335 in
1461 5295 1513 5336 usn
1530 5279 1591 5333 bar·

247 5358 376 5428 monices,
394 5360 579 5414 transformari
599 5376 652 5428 qua
668 5357 733 5412 licet
750 5357 777 5412 in
794 5358 870 5414 ideas
889 5360 1067 5417 harmonicas.
1085 5358 1212 5414 credibile
1231 5374 1290 5414 ease
1308 5358 1440 5429 couced03
1464 5357 1510 5413 ubi
1527 5371 1591 5414 uero

247 5436 359 5491 libertas
377 5435 543 5492 formationis
561 5436 707 5506 impeditur
722 5436 826 5506 legrbus
844 5444 958 5493 naturas
982 5444 1011 5492 et
1027 5437 1073 5493 ubi
1090 5436 1213 5493 confusio
1236 5444 1279 5493 est
1296 5438 1489 5508 quantitative,
1511 5437 1541 5493 iu
1557 5436 1591 5512 iia

248 5516 337 5570 inesse
355 5514 463 5585 quidem
481 5516 580 5583 largior
597 5515 765 5581 harmonias,
789 5514 837 5570 sed
859 5514 982 5583 potentia
1002 5521 1120 5585 tantum3
1144 5524 1172 5570 ct
1194 5516 1311 5572 simoin
1326 5509 1511 5573 ihtercedentc
1529 5531 1592 5573 con·

248 5591 369 5649 fnsarurn
395 5595 601 5666 proportionum
623 5596 706 5652 series
724 5594 867 5651 diducatur
887 5594 918 5649 in
933 5600 1067 5666 tempora,
1092 5596 1202 5667 agnosci
1224 5603 1254 5651 et
1270 5596 1380 5667 probari
1401 5595 1590 5669 proportiones
