3684 7259
710 1182 794 1248 une
810 1183 857 1237 rr.
875 1183 963 1253 capu
978 1181 1039 1237 ru.
1210 1150 1213 1157 ’
1378 1249 1384 1258 Α
1486 1184 1549 1245 stt
1617 1201 1621 1210 ⁴

285 1360 363 1436 Quid
386 1362 466 1437 quod
488 1368 518 1421 et
539 1379 642 1445 sensns
664 1345 784 1437 quidam
806 1350 853 1421 rel
876 1368 972 1432 tactus
996 1359 1043 1420 vel
1065 1358 1182 1418 auditus
1197 1360 1325 1421 Telluris
1344 1360 1436 1438 globo
1457 1360 1553 1419 inesse
1655 1347 1659 1355 ’

111 1520 113 1523 y
202 1449 331 1521 videtur,
366 1461 535 1525 argumento
566 1450 637 1523 hoc,
668 1450 747 1525 quod
775 1452 919 1509 constanti
943 1448 1130 1525 plurimarum
1153 1451 1374 1523 provinciarum
1398 1447 1553 1505 traditione
1647 1483 1653 1493 ·

200 1535 401 1608 confirmatur,
430 1541 454 1595 si
485 1540 549 1613 quis
580 1540 607 1593 in
632 1538 838 1595 altissimorum
867 1540 1009 1594 montium
1038 1537 1189 1595 cacumina
1212 1538 1333 1609 enisus,
1365 1534 1496 1613 lapillum
1523 1535 1552 1590 in

199 1624 312 1696 hiatus,
344 1642 418 1699 quos
441 1626 550 1683 habent
573 1624 893 1699 illiprot'undissimos,
918 1623 1063 1698 conjiciat,
1088 1623 1163 1681 unde
1186 1623 1262 1682 solet
1285 1626 1407 1682 excitari
1429 1624 1551 1692 sonitus,

200 1722 250 1769 ant
273 1714 297 1768 si
322 1714 349 1767 in
374 1711 469 1770 lacum
493 1720 662 1771 montanum
685 1715 749 1786 (qui
773 1710 985 1789 proculdubio
1009 1717 1039 1769 et
1062 1712 1116 1785 ipsi
1139 1710 1229 1768 tundo
1246 1707 1371 1792 carent),
1394 1710 1551 1784 evestigio

200 1808 389 1873 tempestates
412 1802 541 1858 excitari.
587 1799 635 1857 Sic
665 1803 740 1857 enirn
765 1810 794 1858 ct
816 1798 972 1870 animalia,
1002 1801 1027 1855 si
1057 1800 1123 1873 quis
1156 1800 1185 1853 in
1216 1806 1330 1857 teneros
1361 1800 1475 1858 aurium
1497 1813 1552 1854 na·
1614 1879 1619 1889 α
1643 1843 1649 1858 -,

199 1890 311 1944 riumve
334 1894 447 1944 meatus
480 1886 601 1945 titillans
638 1887 749 1962 aliquid
774 1889 897 1957 inserat,
930 1886 1048 1944 horrore
1072 1893 1204 1961 correpta
1228 1894 1316 1960 caput
1339 1892 1480 1961 quassant
1501 1891 1553 1942 aut

200 1977 229 2031 in
254 1991 355 2033 cursus
377 1991 409 2036 se
431 1976 634 2049 praecipitant.
1411 2013 1415 2023 .
1542 2030 1545 2038 ,

287 2061 363 2120 Sunt
384 2069 413 2118 et
435 2064 480 2119 sni
503 2064 587 2119 certis
610 2060 735 2119 Telluris
758 2060 899 2119 tractibus
922 2059 1079 2133 languores
1095 2066 1124 2116 et
1140 2060 1270 2118 internae
1294 2062 1439 2119 viscerum
1461 2059 1552 2117 vicis·
1640 2061 1646 2074 ¹

200 2147 359 2222 situdines3
382 2147 527 2207 interdum
550 2149 626 2207 eni'm
642 2148 762 2206 hutnore
785 2149 873 2205 nimio
890 2145 1049 2218 abundant,
1073 2145 1217 2205 interdum
1240 2146 1382 2205 cruditate
1405 2154 1456 2205 aut
1480 2162 1552 2205 cou-
1645 2197 1650 2208 .

201 2239 341 2294 coctionis
364 2237 581 2310 imperfectione
605 2236 754 2307 laborant,
782 2234 900 2311 quando
930 2233 997 2293 loeo
1030 2232 1197 2309 pluviarum
1220 2237 1458 2310 tempesti'vsrnm
1482 2235 1552 2292 meri

202 2326 281 2381 renti
304 2325 497 2399 proveniunt,
521 2323 665 2381 interdum
688 2323 779 2381 veluti
812 2340 902 2381 causa
932 2330 1066 2396 correpta
1097 2320 1169 2380 nihil
1191 2321 1334 2396 humoris,
1366 2322 1417 2381 sed
1441 2337 1551 2397 proco

201 2411 375 2486 sulphureos
397 2410 506 2468 halitus
529 2411 736 2470 aut'madores
765 2410 936 2484 pestilentes
971 2407 1143 2478 exsudant¹
1167 2405 1272 2484 ltaque
1301 2426 1359 2468 non
1394 2407 1551 2484 injuriata

174 2513 177 2518 ⁴
201 2498 276 2558 libro
299 2498 334 2556 de
357 2497 444 2556 Nova
464 2497 557 2577 Stella
580 2497 629 2556 iol.
656 2500 726 2556 173.
753 2502 794 2567 (11.
813 2500 881 2567 721.)
908 2513 1007 2554 omnes
1031 2497 1227 2555 concoctionis
1250 2490 1418 2569 facultates,
1443 2506 1561 2555 attrac-·

202 2587 312 2659 tricem,
336 2588 527 2656 retentricem,
551 2584 730 2659 epultricem,
753 2585 782 2640 in
806 2583 858 2641 illa
873 2583 1056 2659 quaerendas
1079 2583 1226 2666 admpnni,
1251 2586 1360 2661 quippe
1382 2585 1483 2643 barum
1507 2582 1553 2642 af-
1652 2656 1656 2666 Ι

202 2673 344 2731 lectiones
366 2681 435 2729 suut
456 2673 548 2729 morbi
572 2673 623 2729 illi.
672 2707 674 2711 -
761 2681 764 2686 '
1094 2731 1098 2739 ,

290 2758 368 2833 Quid
398 2777 467 2817 vero
499 2758 620 2816 similius
649 2748 705 2817 est'
722 2758 920 2833 respirationis
949 2756 1118 2814 animalium
1143 2759 1324 2817 terrestrium
1356 2766 1385 2817 et
1412 2759 1553 2833 imprimis

176 2848 439 2922 ,reciprocationis
463 2846 541 2903 illius
565 2849 702 2922 piscium,
735 2844 803 2902 dum
832 2845 951 2906 sorbent
980 2862 1073 2919 aquas
1103 2845 1151 2903 o're
1180 2846 1401 2921 exprimuntque
1424 2848 1552 2903 vicissim

202 2951 254 3009 per
278 2933 446 3005 branchias,
470 2951 558 3007 quani
581 2933 631 2993 ille
654 2933 795 2990 mirabilis
818 2931 912 2989 fluxus
936 2941 965 2990 et
987 2931 1114 2989 refluxus
1137 2934 1239 2990 oceani
1261 2933 1471 3005 semidinrnus,
1501 2934 1551 3007 qui

202 3024 257 3079 etsi
282 3020 320 3078 ad
336 3020 437 3079 Lunae
459 3031 555 3078 motus
570 3038 601 3078 se
625 3017 835 3091 accommodat,
858 3022 899 3077 sic
922 3026 955 3077 nt
976 3018 1128 3094 probabile
1143 3018 1215 3076 mihi
1237 3019 1276 3078 sit
1297 3021 1391 3079 abunt
1414 3024 1553 3097 iu‘prae·
1602 3020 1606 3028 '
1652 3022 1655 3028 ’

202 3110 313 3167 latione
336 3107 755 3180 Commentariorum-Martis,
785 3105 879 3164 undas
902 3125 920 3163 a
943 3106 1028 3163 Luna
1050 3106 1140 3178 trabi,
1170 3115 1203 3164 ut
1231 3107 1336 3166 ferrum
1367 3114 1552 3183 amaguete,

204 3200 310 3253 virtute
333 3211 474 3270 corporea
496 3196 636 3253 unitionis
659 3212 823 3270 corporum,
848 3193 926 3268 qnod
951 3203 980 3250 et
1001 3209 1093 3269 nuper
1116 3196 1143 3249 in
1165 3185 1382 3269 prolegomenis
1404 3194 1554 3271 'Ephesus-
1628 3205 1633 3223 '

203 3283 307 3353 ridum,
331 3300 389 3357 quo
412 3281 477 3340 loco
501 3282 627 3340 Davidis
649 3282 776 3340 Fabricii
805 3283 973 3356 opinionem
994 3283 1137 3353 examino,
1161 3285 1263 3358 repetii
1280 3291 1326 3348 tlt.
1344 3288 1431 3347 llil:
1455 3289 1554 3340 tamen
1609 3302 1614 3312 ·

202 3373 227 3428 si
250 3373 318 3444 quis
342 3369 483 3444 disputet,
507 3369 654 3428 Tellurem
678 3368 715 3426 ad
738 3367 817 3427 Solis
840 3376 870 3426 et
891 3368 994 3426 Luiiae
1015 3377 1126 3425 motum
1149 3368 1369 3430 accommodare
1392 3386 1475 3428 suam
1498 3387 1553 3428 ve-

158 3460 160 3463 '
202 3458 255 3514 luti
280 3459 518 3535 respirationem,
544 3460 619 3514 sicut
642 3456 781 3514 animalia
803 3458 897 3513 somni
921 3455 1145 3530 vigiliarumque
1167 3455 1383 3514 vicissitudines
1406 3473 1472 3515 curn
1495 3456 1553 3514 diei

203 3548 357 3618 noctisque
381 3544 490 3601 babent
513 3544 647 3603 easdem:
672 3534 749 3601 bunc
772 3559 827 3617 ego
850 3559 908 3600 non
932 3543 1038 3617 iniquis
1060 3543 1177 3601 auribus
1201 3543 1378 3602 audiendum
1401 3546 1431 3601 in
1448 3531 1553 3620 ¹pbilo-
1606 3529 1616 3598 ι’

204 3631 310 3707 sopliia
333 3633 695 3706 censuerim,.praesentm
718 3632 742 3688 si
766 3628 919 3688 accederet
941 3630 1060 3704 aliquod
1076 3630 1215 3688 indicium
1237 3631 1408 3694 flexibilium
1431 3633 1460 3687 in
1483 3648 1553 3707 pro·
1652 3640 1654 3644 '

203 3718 295 3776 iiindo
319 3718 427 3776 Terrae
455 3722 595 3793 partium,
629 3734 704 3792 quae
738 3720 831 3774 ricem
863 3719 1024 3775 sustineant
1055 3718 1227 3791 pulmonum
1256 3726 1308 3776 aut
1342 3719 1553 3777 branchiarum.

203 3805 278 3863 Nam
303 3807 327 3862 si
351 3804 418 3863 talis
441 3806 542 3880 aliqua
565 3811 670 3862 natura
692 3807 730 3861 sit
753 3804 886 3877 illarum,
914 3805 1011 3880 qualis
1041 3813 1086 3862 est
1115 3808 1190 3863 a'e'ris
1213 3808 1312 3877 nostri,
1337 3805 1552 3865 condensabilis

203 3902 233 3950 et
254 3893 413 3960 extensius,
433 3892 497 3966 jam
519 3910 578 3950 non
601 3909 675 3967 opus
697 3894 751 3949 erit
773 3890 811 3950 ad
825 3891 901 3949 lianc
915 3894 1134 3967 respirationem
1157 3901 1238 3950 motu
1260 3893 1423 3968 superficiei
1437 3893 1552 3964 Terrae

204 3979 330 4055 analogo
353 3978 465 4038 scilicet
488 3980 578 4037 motui
601 3979 798 4037 musculorum
822 3978 1066 4055 diaphragmatis,
1096 3982 1124 4035 in
1155 3997 1276 4056 corpore
1305 3980 1432 4038 hnmano
1459 3981 1553 4055 respl-

203 4076 294 4125 rante.
348 4065 431 4139 Quae
460 4085 529 4124 vero
558 4070 650 4142 possit
684 4069 779 4141 aptior
808 4083 871 4123 esse
901 4071 975 4125 ratio
1005 4069 1181 4141 receptionis
1208 4084 1350 4142 aquarum
1378 4069 1554 4126 marinarum
1640 4117 1643 4122 .

203 4158 359 4212 introrsum
381 4156 410 4210 in
435 4154 561 4210 culinam
584 4154 675 4213 veluti
697 4152 897 4224 metallorum,
932 4156 988 4211 nisi
1011 4154 1083 4211 baec
1106 4157 1170 4229 ipsa
1198 4172 1250 4230 per
1272 4157 1388 4230 euripos
1410 4157 1483 4215 istos
1506 4170 1555 4213 se·

204 4240 568 4316 midinrnosperpetnosl
614 4240 691 4314 Quid
714 4240 794 4298 alind
816 4243 959 4315 suspicari
982 4242 1051 4299 lacit
1073 4257 1159 4299 casus
1181 4242 1231 4300 ille
1253 4242 1413 4314 mirabilis,
1436 4240 1555 4316 qnando
1639 4315 1643 4324 ¹

204 4331 305 4405 paucis
328 4331 503 4386 aunisante
526 4346 614 4401 quam
636 4330 799 4403 frequentia
828 4340 1021 4386 mercatorum
1045 4327 1234 4404 Antverpiam
1264 4329 1422 4401 desereret,
1454 4329 1549 4386 fluxus

204 4429 232 4474 et
254 4416 382 4473 refluxus
405 4431 547 4473 oceanum
570 4415 617 4472 die
640 4415 767 4490 quodam
791 4414 918 4473 desernit
946 4415 1154 4494 (exterruitque
1187 4419 1335 4475 civitatem
1359 4434 1417 4474 non
1440 4415 1553 4475 medic·

205 4499 317 4582 ariter),
340 4502 424 4560 Luna
447 4519 562 4576 cursum
584 4521 670 4561 suum
692 4519 749 4559 non
774 4501 924 4560 deseruit?
956 4502 1098 4560 Nimirum
1121 4503 1212 4562 Terra
1235 4507 1299 4580 ipsa
1322 4499 1441 4581 compos
1466 4503 1553 4578 hujus

203 4592 458 4666 reciprocationis,
488 4589 557 4647 licet
579 4590 629 4646 illa
652 4598 731 4650 motu
761 4590 884 4646 naturali
918 4591 1089 4665 participet,
1120 4594 1263 4649 continuit
1284 4608 1373 4650 unam
1395 4591 1473 4649 illius
1496 4589 1554 4649 diei

206 4679 435 4752 respirationem,
459 4678 534 4734 sicut
557 4679 718 4734 animantes
736 4675 877 4734 interdum
893 4679 1043 4736 continent
1058 4680 1193 4748 animani,
1218 4680 1353 4755 quamvis
1367 4685 1464 4738 motus
1488 4676 1554 4736 dla-

204 4766 384 4841 phragmatis
415 4766 477 4839 ipse
505 4766 594 4821 etiarn
622 4764 748 4823 naturali
779 4766 884 4823 mixtus
914 4766 961 4823 sit.
1007 4764 1182 4840 Quanquam
1204 4768 1310 4825 rectius
1333 4766 1406 4825 sorte
1429 4768 1555 4841 respira·
1615 4835 1619 4845 Ι

204 4856 314 4912 tionem
338 4851 483 4925 aliquam,
508 4851 615 4909 Terrae
637 4855 841 4923 necessariam,
864 4869 900 4911 ex
923 4854 1038 4912 animae
1061 4856 1234 4929 praesentia,
1259 4871 1347 4929 quam
1369 4856 1497 4912 animam
1518 4868 1555 4912 ex
1584 4908 1588 4916 .

206 4943 405 5016 respiratione,
429 4940 657 5013 probaverimus.
1089 4932 1091 4935 ’
1344 4992 1348 4999 .

291 5026 367 5085 Nam
391 5034 423 5082 nt
441 5031 501 5094 jain
525 5025 606 5083 velut
629 5044 658 5082 re
682 5036 775 5098 certa,
807 5027 886 5102 quod
909 5029 947 5085 sit
977 5029 1005 5083 in
1029 5026 1147 5086 Tellure
1171 5030 1281 5100 anima,
1312 5027 1350 5084 ad
1374 5026 1555 5104 contempla-

206 5116 314 5171 tionem
343 5113 406 5187 ejus
438 5116 582 5171 essentiae
612 5115 780 5186 veniamus,
813 5114 949 5189 equidem
977 5115 1028 5173 illa
1063 5132 1121 5172 non
1144 5123 1262 5172 tantum
1293 5114 1392 5189 aliqua
1419 5115 1471 5173 lux
1502 5122 1555 5187 est,

194 5201 302 5276 qualis
325 5209 369 5259 est
392 5202 502 5274 ignium
525 5209 554 5259 et
578 5200 823 5273 cincindularum,
847 5220 865 5260 a
887 5219 919 5260 se
943 5203 1008 5277 ipsa
1030 5202 1174 5277 pendens,
1198 5219 1256 5259 nou
1278 5203 1316 5260 ab
1341 5203 1555 5261 illuminatione

206 5306 241 5347 ex
256 5288 334 5360 Sole,
358 5295 528 5361 argumento
551 5286 615 5358 hoc,
640 5286 720 5362 quod
741 5288 855 5346 lucidos
877 5288 1058 5363 planetarum
1073 5287 1172 5346 radios
1195 5289 1412 5372 quodammodo
1434 5305 1556 5366 perseu-

205 5378 307 5448 tiscat;
330 5374 383 5432 sed
406 5375 491 5451 plane
515 5375 631 5454 damma
653 5373 798 5449 quaedam
819 5392 883 5433 esse
910 5374 1025 5433 videtur
1048 5370 1255 5454 (respiratione
1280 5377 1393 5435 scilicet
1414 5393 1467 5438 seu
1490 5392 1555 5435 sor·

207 5459 317 5521 bitione
339 5459 498 5541 fovenda),
530 5471 700 5537 argumento
716 5460 827 5520 caloris
850 5462 1031 5520 subterranei
1053 5466 1184 5538 perpetui
1199 5468 1238 5523 'et
1260 5463 1422 5543 sensibilis,
1453 5464 1555 5538 cujus·

207 5548 371 5608 medisina
393 5552 493 5607 anima
507 5549 605 5606 nullus
629 5557 697 5607 actu
711 5551 739 5605 in
761 5552 883 5607 materia
898 5548 978 5608 nuda
1000 5558 1154 5624 perennat3
1178 5559 1208 5608 at
1224 5569 1259 5611 ue
1282 5555 1414 5627 potentis
1436 5550 1559 5629 quidem·

207 5639 283 5697 inest
305 5638 334 5694 iu
355 5638 444 5696 rebus
467 5638 505 5696 ab
528 5636 699 5717 animalium
719 5639 909 5713 stirpiumque
932 5637 1097 5697 substantia
1111 5640 1293 5714 exeuntibus,
1316 5641 1373 5699 uisi
1395 5640 1433 5700 ab
1455 5641 1554 5700 aum
1612 5649 1636 5696 Ἃ
