<?xml version="1.0" encoding="UTF-8"?>
<!DOCTYPE html PUBLIC "-//W3C//DTD XHTML 1.0 Transitional//EN"
    "http://www.w3.org/TR/xhtml1/DTD/xhtml1-transitional.dtd">
<html xmlns="http://www.w3.org/1999/xhtml" xml:lang="en" lang="en">
 <head>
  <title>
</title>
<meta http-equiv="Content-Type" content="text/html;charset=utf-8" />
  <meta name='ocr-system' content='tesseract 3.04.00' />
  <meta name='ocr-capabilities' content='ocr_page ocr_carea ocr_par ocr_line ocrx_word'/>
</head>
<body>
  <div class='ocr_page' id='page_1' title='image "./joanniskepleria09frisgoog_0204.png"; bbox 0 0 3684 7259; ppageno 0'>
   <div class='ocr_carea' id='block_1_1' title="bbox 308 1240 1176 1310">
    <p class='ocr_par' dir='ltr' id='par_1_1' title="bbox 308 1240 1176 1310">
     <span class='ocr_line' id='line_1_1' title="bbox 308 1240 1176 1310; baseline -0.013 -5"><span class='ocrx_word' id='word_1_1' title='bbox 308 1248 369 1307; x_wconf 76' lang='grc'><strong>190</strong></span> <span class='ocrx_word' id='word_1_2' title='bbox 742 1262 744 1264; x_wconf 74' lang='grc'><strong>’</strong></span> <span class='ocrx_word' id='word_1_3' title='bbox 833 1241 874 1297; x_wconf 90' lang='lat' dir='ltr'><strong>De</strong></span> <span class='ocrx_word' id='word_1_4' title='bbox 891 1240 1113 1310; x_wconf 86' lang='lat' dir='ltr'><strong>Propertionihus</strong></span> <span class='ocrx_word' id='word_1_5' title='bbox 1137 1284 1145 1305; x_wconf 74' lang='lat'><strong>,</strong></span> <span class='ocrx_word' id='word_1_6' title='bbox 1173 1288 1176 1294; x_wconf 93' lang='lat'>.</span> 
     </span>
    </p>
   </div>
   <div class='ocr_carea' id='block_1_2' title="bbox 222 1419 1644 3608">
    <p class='ocr_par' dir='ltr' id='par_1_2' title="bbox 222 1419 1644 3608">
     <span class='ocr_line' id='line_1_2' title="bbox 304 1419 1642 1496; baseline 0.002 -18"><span class='ocrx_word' id='word_1_7' title='bbox 304 1421 444 1496; x_wconf 90' lang='lat' dir='ltr'><strong>superius,</strong></span> <span class='ocrx_word' id='word_1_8' title='bbox 469 1420 611 1478; x_wconf 84' lang='lat' dir='ltr'><strong>excitatur</strong></span> <span class='ocrx_word' id='word_1_9' title='bbox 632 1419 720 1477; x_wconf 86' lang='lat' dir='ltr'><strong>etiam</strong></span> <span class='ocrx_word' id='word_1_10' title='bbox 743 1427 772 1479; x_wconf 91' lang='lat' dir='ltr'><strong>et</strong></span> <span class='ocrx_word' id='word_1_11' title='bbox 794 1420 925 1478; x_wconf 85' lang='lat' dir='ltr'><strong>elevatur</strong></span> <span class='ocrx_word' id='word_1_12' title='bbox 948 1429 1061 1494; x_wconf 89' lang='lat' dir='ltr'><strong>cantus,</strong></span> <span class='ocrx_word' id='word_1_13' title='bbox 1082 1422 1250 1496; x_wconf 86' lang='lat' dir='ltr'><strong>praesertim</strong></span> <span class='ocrx_word' id='word_1_14' title='bbox 1268 1422 1297 1494; x_wconf 86' lang='lat' dir='ltr'><strong>si</strong></span> <span class='ocrx_word' id='word_1_15' title='bbox 1320 1419 1359 1479; x_wconf 88' lang='lat' dir='ltr'><strong>ad</strong></span> <span class='ocrx_word' id='word_1_16' title='bbox 1380 1431 1516 1481; x_wconf 73' lang='lat' dir='ltr'><strong>octamm</strong></span> <span class='ocrx_word' id='word_1_17' title='bbox 1538 1438 1642 1482; x_wconf 86' lang='lat' dir='ltr'><strong>excur-</strong></span> 
     </span>
     <span class='ocr_line' id='line_1_3' title="bbox 303 1505 1641 1584; baseline 0.004 -21"><span class='ocrx_word' id='word_1_18' title='bbox 303 1516 363 1579; x_wconf 90' lang='lat' dir='ltr'><strong>rat,</strong></span> <span class='ocrx_word' id='word_1_19' title='bbox 395 1506 489 1582; x_wconf 87' lang='lat' dir='ltr'><strong>qualis</strong></span> <span class='ocrx_word' id='word_1_20' title='bbox 512 1506 600 1565; x_wconf 90' lang='lat' dir='ltr'><strong>luisse</strong></span> <span class='ocrx_word' id='word_1_21' title='bbox 623 1505 736 1565; x_wconf 87' lang='lat' dir='ltr'><strong>ridetur</strong></span> <span class='ocrx_word' id='word_1_22' title='bbox 766 1530 850 1580; x_wconf 68' lang='grc' dir='ltr'><em>νομος</em></span> <span class='ocrx_word' id='word_1_23' title='bbox 872 1505 974 1584; x_wconf 60' lang='lat' dir='ltr'><strong>epam</strong></span> <span class='ocrx_word' id='word_1_24' title='bbox 996 1517 1142 1581; x_wconf 77' lang='lat' dir='ltr'><strong>veterum3</strong></span> <span class='ocrx_word' id='word_1_25' title='bbox 1171 1509 1195 1566; x_wconf 91' lang='lat' dir='ltr'><strong>si</strong></span> <span class='ocrx_word' id='word_1_26' title='bbox 1219 1506 1344 1583; x_wconf 91' lang='lat' dir='ltr'><strong>denique</strong></span> <span class='ocrx_word' id='word_1_27' title='bbox 1374 1512 1451 1568; x_wconf 86' lang='lat' dir='ltr'><strong>circa</strong></span> <span class='ocrx_word' id='word_1_28' title='bbox 1473 1511 1588 1569; x_wconf 86' lang='lat' dir='ltr'><strong>tertiam</strong></span> <span class='ocrx_word' id='word_1_29' title='bbox 1611 1519 1641 1569; x_wconf 90' lang='lat' dir='ltr'><strong>et</strong></span> 
     </span>
     <span class='ocr_line' id='line_1_4' title="bbox 303 1592 1641 1672; baseline 0.003 -20"><span class='ocrx_word' id='word_1_30' title='bbox 303 1604 428 1666; x_wconf 84' lang='lat' dir='ltr'><strong>sextam,</strong></span> <span class='ocrx_word' id='word_1_31' title='bbox 461 1602 492 1652; x_wconf 90' lang='lat' dir='ltr'><strong>ut</strong></span> <span class='ocrx_word' id='word_1_32' title='bbox 514 1592 693 1653; x_wconf 72' lang='lat' dir='ltr'><strong>diatessaron</strong></span> <span class='ocrx_word' id='word_1_33' title='bbox 721 1593 869 1654; x_wconf 86' lang='lat' dir='ltr'><strong>redactum</strong></span> <span class='ocrx_word' id='word_1_34' title='bbox 898 1598 937 1652; x_wconf 91' lang='lat' dir='ltr'><strong>sit</strong></span> <span class='ocrx_word' id='word_1_35' title='bbox 958 1597 987 1652; x_wconf 85' lang='lat' dir='ltr'><strong>ln</strong></span> <span class='ocrx_word' id='word_1_36' title='bbox 1009 1595 1151 1667; x_wconf 90' lang='lat' dir='ltr'><strong>medium,</strong></span> <span class='ocrx_word' id='word_1_37' title='bbox 1180 1594 1259 1670; x_wconf 89' lang='lat' dir='ltr'><strong>quod</strong></span> <span class='ocrx_word' id='word_1_38' title='bbox 1287 1598 1432 1672; x_wconf 87' lang='lat' dir='ltr'><strong>inprime</strong></span> <span class='ocrx_word' id='word_1_39' title='bbox 1461 1605 1490 1654; x_wconf 89' lang='lat' dir='ltr'><strong>et</strong></span> <span class='ocrx_word' id='word_1_40' title='bbox 1512 1596 1641 1656; x_wconf 73' lang='lat' dir='ltr'><strong>mcundo</strong></span> 
     </span>
     <span class='ocr_line' id='line_1_5' title="bbox 302 1680 1639 1760; baseline 0.004 -21"><span class='ocrx_word' id='word_1_41' title='bbox 302 1682 478 1756; x_wconf 79' lang='lat' dir='ltr'><strong>frequentius</strong></span> <span class='ocrx_word' id='word_1_42' title='bbox 500 1680 533 1739; x_wconf 90' lang='lat' dir='ltr'><strong>lit</strong></span> <span class='ocrx_word' id='word_1_43' title='bbox 554 1697 641 1756; x_wconf 92' lang='lat' dir='ltr'><strong>quam</strong></span> <span class='ocrx_word' id='word_1_44' title='bbox 664 1683 693 1736; x_wconf 93' lang='lat' dir='ltr'><strong>in</strong></span> <span class='ocrx_word' id='word_1_45' title='bbox 708 1683 831 1758; x_wconf 90' lang='lat' dir='ltr'><strong>septimo</strong></span> <span class='ocrx_word' id='word_1_46' title='bbox 848 1691 877 1740; x_wconf 90' lang='lat' dir='ltr'><strong>et</strong></span> <span class='ocrx_word' id='word_1_47' title='bbox 892 1692 1014 1757; x_wconf 83' lang='lat' dir='ltr'><strong>octavo,</strong></span> <span class='ocrx_word' id='word_1_48' title='bbox 1038 1682 1151 1741; x_wconf 89' lang='lat' dir='ltr'><strong>medius</strong></span> <span class='ocrx_word' id='word_1_49' title='bbox 1166 1684 1255 1741; x_wconf 87' lang='lat' dir='ltr'><strong>etiam</strong></span> <span class='ocrx_word' id='word_1_50' title='bbox 1271 1685 1489 1760; x_wconf 79' lang='lat' dir='ltr'><strong>promovebitur</strong></span> <span class='ocrx_word' id='word_1_51' title='bbox 1509 1685 1639 1746; x_wconf 82' lang='lat' dir='ltr'><strong>affectus.</strong></span> 
     </span>
     <span class='ocr_line' id='line_1_6' title="bbox 303 1765 1644 1845; baseline 0.001 -18"><span class='ocrx_word' id='word_1_52' title='bbox 303 1767 410 1827; x_wconf 86' lang='lat' dir='ltr'><strong>Orebrn</strong></span> <span class='ocrx_word' id='word_1_53' title='bbox 432 1776 530 1827; x_wconf 86' lang='lat' dir='ltr'><strong>autern</strong></span> <span class='ocrx_word' id='word_1_54' title='bbox 552 1770 625 1825; x_wconf 90' lang='lat' dir='ltr'><strong>iuter</strong></span> <span class='ocrx_word' id='word_1_55' title='bbox 646 1786 678 1826; x_wconf 89' lang='lat' dir='ltr'><strong>se</strong></span> <span class='ocrx_word' id='word_1_56' title='bbox 701 1771 907 1845; x_wconf 82' lang='lat' dir='ltr'><strong>permiscentur</strong></span> <span class='ocrx_word' id='word_1_57' title='bbox 929 1769 985 1829; x_wconf 86' lang='lat' dir='ltr'><strong>huc</strong></span> <span class='ocrx_word' id='word_1_58' title='bbox 1008 1770 1136 1829; x_wconf 86' lang='lat' dir='ltr'><strong>sceleton</strong></span> <span class='ocrx_word' id='word_1_59' title='bbox 1159 1769 1386 1842; x_wconf 87' lang='lat' dir='ltr'><strong>articulationes,</strong></span> <span class='ocrx_word' id='word_1_60' title='bbox 1411 1773 1495 1829; x_wconf 92' lang='lat' dir='ltr'><strong>utin</strong></span> <span class='ocrx_word' id='word_1_61' title='bbox 1518 1765 1644 1831; x_wconf 80' lang='lat' dir='ltr'><strong>diversis</strong></span> 
     </span>
     <span class='ocr_line' id='line_1_7' title="bbox 303 1855 1642 1934; baseline 0.003 -22"><span class='ocrx_word' id='word_1_62' title='bbox 303 1856 433 1932; x_wconf 86' lang='lat' dir='ltr'><strong>partibus</strong></span> <span class='ocrx_word' id='word_1_63' title='bbox 456 1863 557 1914; x_wconf 88' lang='lat' dir='ltr'><strong>cantus</strong></span> <span class='ocrx_word' id='word_1_64' title='bbox 579 1858 637 1913; x_wconf 91' lang='lat' dir='ltr'><strong>sint</strong></span> <span class='ocrx_word' id='word_1_65' title='bbox 658 1855 790 1916; x_wconf 82' lang='lat' dir='ltr'><strong>diversae</strong></span> <span class='ocrx_word' id='word_1_66' title='bbox 813 1874 864 1933; x_wconf 91' lang='lat' dir='ltr'><strong>pro</strong></span> <span class='ocrx_word' id='word_1_67' title='bbox 890 1860 1029 1916; x_wconf 85' lang='lat' dir='ltr'><strong>varietate</strong></span> <span class='ocrx_word' id='word_1_68' title='bbox 1053 1866 1147 1916; x_wconf 86' lang='lat' dir='ltr'><strong>textus</strong></span> <span class='ocrx_word' id='word_1_69' title='bbox 1170 1866 1199 1916; x_wconf 90' lang='lat' dir='ltr'><strong>et</strong></span> <span class='ocrx_word' id='word_1_70' title='bbox 1221 1859 1338 1934; x_wconf 85' lang='lat' dir='ltr'><strong>iugenio</strong></span> <span class='ocrx_word' id='word_1_71' title='bbox 1361 1857 1496 1931; x_wconf 85' lang='lat' dir='ltr'><strong>artificis,</strong></span> <span class='ocrx_word' id='word_1_72' title='bbox 1530 1866 1642 1918; x_wconf 85' lang='lat' dir='ltr'><strong>textum</strong></span> 
     </span>
     <span class='ocr_line' id='line_1_8' title="bbox 304 1945 1436 2020; baseline 0.002 -18"><span class='ocrx_word' id='word_1_73' title='bbox 304 1952 389 2002; x_wconf 80' lang='lat' dir='ltr'><strong>cantu</strong></span> <span class='ocrx_word' id='word_1_74' title='bbox 413 1945 568 2020; x_wconf 76' lang='lat' dir='ltr'><strong>pingentis.</strong></span> <span class='ocrx_word' id='word_1_75' title='bbox 1180 1997 1184 2004; x_wconf 89' lang='lat'><strong>.</strong></span> <span class='ocrx_word' id='word_1_76' title='bbox 1433 2008 1436 2014; x_wconf 66' lang='lat'>‚</span> 
     </span>
     <span class='ocr_line' id='line_1_9' title="bbox 333 2027 1642 2108; baseline 0.002 -21"><span class='ocrx_word' id='word_1_77' title='bbox 333 2052 335 2057; x_wconf 94' lang='grc'><strong><em>·</em></strong></span> <span class='ocrx_word' id='word_1_78' title='bbox 387 2029 429 2088; x_wconf 87' lang='lat' dir='ltr'><strong>X.</strong></span> <span class='ocrx_word' id='word_1_79' title='bbox 453 2027 565 2103; x_wconf 84' lang='lat' dir='ltr'>Quodsi</span> <span class='ocrx_word' id='word_1_80' title='bbox 587 2046 689 2087; x_wconf 84' lang='lat' dir='ltr'><strong>verum</strong></span> <span class='ocrx_word' id='word_1_81' title='bbox 709 2035 762 2099; x_wconf 88' lang='lat' dir='ltr'><strong>est,</strong></span> <span class='ocrx_word' id='word_1_82' title='bbox 786 2029 864 2105; x_wconf 92' lang='lat' dir='ltr'><strong>qnod</strong></span> <span class='ocrx_word' id='word_1_83' title='bbox 888 2029 1008 2105; x_wconf 87' lang='lat' dir='ltr'><strong>quidam</strong></span> <span class='ocrx_word' id='word_1_84' title='bbox 1030 2032 1147 2108; x_wconf 87' lang='lat' dir='ltr'><strong>imparis</strong></span> <span class='ocrx_word' id='word_1_85' title='bbox 1162 2034 1272 2089; x_wconf 91' lang='lat' dir='ltr'><strong>numeri</strong></span> <span class='ocrx_word' id='word_1_86' title='bbox 1296 2040 1382 2090; x_wconf 90' lang='lat' dir='ltr'><strong>tonos</strong></span> <span class='ocrx_word' id='word_1_87' title='bbox 1396 2032 1421 2105; x_wconf 91' lang='lat' dir='ltr'><strong>I,</strong></span> <span class='ocrx_word' id='word_1_88' title='bbox 1443 2030 1497 2104; x_wconf 93' lang='lat' dir='ltr'><strong>III,</strong></span> <span class='ocrx_word' id='word_1_89' title='bbox 1522 2032 1558 2104; x_wconf 90' lang='lat' dir='ltr'><strong>V,</strong></span> <span class='ocrx_word' id='word_1_90' title='bbox 1583 2031 1642 2090; x_wconf 91' lang='lat' dir='ltr'><strong>Vll</strong></span> 
     </span>
     <span class='ocr_line' id='line_1_10' title="bbox 222 2115 1641 2196; baseline 0.001 -21"><span class='ocrx_word' id='word_1_91' title='bbox 222 2149 224 2153; x_wconf 81' lang='grc'><em>·</em></span> <span class='ocrx_word' id='word_1_92' title='bbox 301 2117 411 2176; x_wconf 80' lang='lat' dir='ltr'><strong>iaciunt</strong></span> <span class='ocrx_word' id='word_1_93' title='bbox 433 2117 559 2188; x_wconf 78' lang='lat' dir='ltr'><strong>altiores,</strong></span> <span class='ocrx_word' id='word_1_94' title='bbox 583 2118 660 2193; x_wconf 90' lang='lat' dir='ltr'><strong>paris</strong></span> <span class='ocrx_word' id='word_1_95' title='bbox 682 2115 721 2188; x_wconf 93' lang='lat' dir='ltr'><strong>Il,</strong></span> <span class='ocrx_word' id='word_1_96' title='bbox 745 2115 797 2191; x_wconf 91' lang='lat' dir='ltr'><strong>IV,</strong></span> <span class='ocrx_word' id='word_1_97' title='bbox 821 2117 872 2184; x_wconf 88' lang='lat' dir='ltr'><strong>Vl,</strong></span> <span class='ocrx_word' id='word_1_98' title='bbox 896 2116 972 2175; x_wconf 90' lang='lat' dir='ltr'><strong>VIII</strong></span> <span class='ocrx_word' id='word_1_99' title='bbox 995 2117 1170 2191; x_wconf 90' lang='lat' dir='ltr'><strong>humiliores,</strong></span> <span class='ocrx_word' id='word_1_100' title='bbox 1195 2121 1283 2177; x_wconf 89' lang='lat' dir='ltr'><strong>etiam</strong></span> <span class='ocrx_word' id='word_1_101' title='bbox 1304 2129 1437 2196; x_wconf 90' lang='lat' dir='ltr'><strong>respectu</strong></span> <span class='ocrx_word' id='word_1_102' title='bbox 1457 2118 1565 2179; x_wconf 81' lang='lat' dir='ltr'><strong>radicis</strong></span> <span class='ocrx_word' id='word_1_103' title='bbox 1589 2136 1641 2177; x_wconf 92' lang='lat' dir='ltr'><strong>oe-</strong></span> 
     </span>
     <span class='ocr_line' id='line_1_11' title="bbox 304 2202 1643 2283; baseline 0.003 -22"><span class='ocrx_word' id='word_1_104' title='bbox 304 2211 407 2273; x_wconf 81' lang='lat' dir='ltr'><strong>tavae,</strong></span> <span class='ocrx_word' id='word_1_105' title='bbox 431 2213 506 2263; x_wconf 88' lang='lat' dir='ltr'><strong>certe</strong></span> <span class='ocrx_word' id='word_1_106' title='bbox 529 2202 653 2262; x_wconf 91' lang='lat' dir='ltr'><strong>altitudo</strong></span> <span class='ocrx_word' id='word_1_107' title='bbox 675 2202 831 2279; x_wconf 83' lang='lat' dir='ltr'><strong>respondet</strong></span> <span class='ocrx_word' id='word_1_108' title='bbox 853 2206 1022 2263; x_wconf 77' lang='lat' dir='ltr'><strong>excitationi</strong></span> <span class='ocrx_word' id='word_1_109' title='bbox 1044 2207 1141 2276; x_wconf 87' lang='lat' dir='ltr'><strong>animi,</strong></span> <span class='ocrx_word' id='word_1_110' title='bbox 1166 2206 1346 2283; x_wconf 82' lang='lat' dir='ltr'><strong>profunditas</strong></span> <span class='ocrx_word' id='word_1_111' title='bbox 1368 2206 1549 2265; x_wconf 86' lang='lat' dir='ltr'><strong>demissioni:</strong></span> <span class='ocrx_word' id='word_1_112' title='bbox 1574 2215 1643 2265; x_wconf 91' lang='lat' dir='ltr'><strong>tunc</strong></span> 
     </span>
     <span class='ocr_line' id='line_1_12' title="bbox 303 2292 1644 2368; baseline 0.001 -18"><span class='ocrx_word' id='word_1_113' title='bbox 303 2308 373 2350; x_wconf 87' lang='lat' dir='ltr'><strong>eane</strong></span> <span class='ocrx_word' id='word_1_114' title='bbox 396 2292 564 2351; x_wconf 87' lang='lat' dir='ltr'><strong>distribuere</strong></span> <span class='ocrx_word' id='word_1_115' title='bbox 587 2292 744 2368; x_wconf 86' lang='lat' dir='ltr'><strong>poterimus</strong></span> <span class='ocrx_word' id='word_1_116' title='bbox 767 2300 892 2367; x_wconf 89' lang='lat' dir='ltr'><strong>quatuor</strong></span> <span class='ocrx_word' id='word_1_117' title='bbox 915 2293 1051 2350; x_wconf 81' lang='lat' dir='ltr'><strong>classIum</strong></span> <span class='ocrx_word' id='word_1_118' title='bbox 1074 2292 1194 2352; x_wconf 84' lang='lat' dir='ltr'><strong>affectus</strong></span> <span class='ocrx_word' id='word_1_119' title='bbox 1217 2296 1246 2349; x_wconf 90' lang='lat' dir='ltr'><strong>in</strong></span> <span class='ocrx_word' id='word_1_120' title='bbox 1270 2292 1378 2353; x_wconf 80' lang='lat' dir='ltr'><strong>classes</strong></span> <span class='ocrx_word' id='word_1_121' title='bbox 1396 2302 1462 2352; x_wconf 90' lang='lat' dir='ltr'><strong>octo</strong></span> <span class='ocrx_word' id='word_1_122' title='bbox 1484 2293 1644 2353; x_wconf 87' lang='lat' dir='ltr'><strong>secundum</strong></span> 
     </span>
     <span class='ocr_line' id='line_1_13' title="bbox 306 2377 1643 2456; baseline 0.001 -19"><span class='ocrx_word' id='word_1_123' title='bbox 306 2387 390 2438; x_wconf 91' lang='lat' dir='ltr'><strong>tonos</strong></span> <span class='ocrx_word' id='word_1_124' title='bbox 414 2379 562 2453; x_wconf 64' lang='lat' dir='ltr'><strong>totidem,</strong></span> <span class='ocrx_word' id='word_1_125' title='bbox 581 2386 614 2436; x_wconf 88' lang='lat' dir='ltr'><strong>nt</strong></span> <span class='ocrx_word' id='word_1_126' title='bbox 643 2377 750 2437; x_wconf 78' lang='lat' dir='ltr'><strong>hebeat</strong></span> <span class='ocrx_word' id='word_1_127' title='bbox 772 2381 912 2456; x_wconf 87' lang='lat' dir='ltr'><strong>septimus</strong></span> <span class='ocrx_word' id='word_1_128' title='bbox 943 2381 1030 2452; x_wconf 88' lang='lat' dir='ltr'><strong>iram,</strong></span> <span class='ocrx_word' id='word_1_129' title='bbox 1063 2381 1248 2454; x_wconf 84' lang='lat' dir='ltr'><strong>violentiam,</strong></span> <span class='ocrx_word' id='word_1_130' title='bbox 1276 2380 1490 2453; x_wconf 80' lang='lat' dir='ltr'><strong>tortitudinem,</strong></span> <span class='ocrx_word' id='word_1_131' title='bbox 1522 2389 1643 2440; x_wconf 79' lang='lat' dir='ltr'><strong>octavus</strong></span> 
     </span>
     <span class='ocr_line' id='line_1_14' title="bbox 305 2464 1642 2543; baseline 0.002 -19"><span class='ocrx_word' id='word_1_132' title='bbox 305 2464 496 2539; x_wconf 89' lang='lat' dir='ltr'><strong>hilaritatem,</strong></span> <span class='ocrx_word' id='word_1_133' title='bbox 519 2466 709 2539; x_wconf 85' lang='lat' dir='ltr'><strong>alacritatem,</strong></span> <span class='ocrx_word' id='word_1_134' title='bbox 733 2465 913 2543; x_wconf 80' lang='lat' dir='ltr'><strong>voluptatem</strong></span> <span class='ocrx_word' id='word_1_135' title='bbox 935 2480 1066 2539; x_wconf 83' lang='lat' dir='ltr'><strong>acutam,</strong></span> <span class='ocrx_word' id='word_1_136' title='bbox 1090 2469 1191 2525; x_wconf 88' lang='lat' dir='ltr'><strong>tertius</strong></span> <span class='ocrx_word' id='word_1_137' title='bbox 1214 2467 1343 2527; x_wconf 89' lang='lat' dir='ltr'><strong>dolorem</strong></span> <span class='ocrx_word' id='word_1_138' title='bbox 1365 2477 1501 2540; x_wconf 86' lang='lat' dir='ltr'><strong>acutum,</strong></span> <span class='ocrx_word' id='word_1_139' title='bbox 1525 2467 1642 2528; x_wconf 91' lang='lat' dir='ltr'><strong>deside·</strong></span> 
     </span>
     <span class='ocr_line' id='line_1_15' title="bbox 301 2554 1638 2631; baseline 0.002 -20"><span class='ocrx_word' id='word_1_140' title='bbox 301 2555 389 2626; x_wconf 89' lang='lat' dir='ltr'><strong>rium,</strong></span> <span class='ocrx_word' id='word_1_141' title='bbox 419 2563 540 2629; x_wconf 87' lang='lat' dir='ltr'><strong>quartus</strong></span> <span class='ocrx_word' id='word_1_142' title='bbox 563 2554 675 2624; x_wconf 87' lang='lat' dir='ltr'><strong>fletum,</strong></span> <span class='ocrx_word' id='word_1_143' title='bbox 703 2570 846 2627; x_wconf 87' lang='lat' dir='ltr'><strong>amorem,</strong></span> <span class='ocrx_word' id='word_1_144' title='bbox 870 2557 985 2631; x_wconf 90' lang='lat' dir='ltr'><strong>primus·</strong></span> <span class='ocrx_word' id='word_1_145' title='bbox 998 2554 1206 2627; x_wconf 79' lang='lat' dir='ltr'><strong>testivitatem,</strong></span> <span class='ocrx_word' id='word_1_146' title='bbox 1238 2557 1369 2631; x_wconf 89' lang='lat' dir='ltr'><strong>nuptias,</strong></span> <span class='ocrx_word' id='word_1_147' title='bbox 1402 2558 1638 2628; x_wconf 87' lang='lat' dir='ltr'><strong>comessationes,</strong></span> 
     </span>
     <span class='ocr_line' id='line_1_16' title="bbox 240 2639 1641 2720; baseline -0.001 -19"><span class='ocrx_word' id='word_1_148' title='bbox 240 2672 246 2685; x_wconf 93' lang='lat'><strong>·</strong></span> <span class='ocrx_word' id='word_1_149' title='bbox 303 2641 447 2701; x_wconf 68' lang='lat' dir='ltr'><strong>utendus</strong></span> <span class='ocrx_word' id='word_1_150' title='bbox 469 2641 630 2700; x_wconf 86' lang='lat' dir='ltr'><strong>modestam</strong></span> <span class='ocrx_word' id='word_1_151' title='bbox 652 2639 837 2713; x_wconf 88' lang='lat' dir='ltr'><strong>hilaritatem,</strong></span> <span class='ocrx_word' id='word_1_152' title='bbox 860 2641 1016 2716; x_wconf 90' lang='lat' dir='ltr'><strong>colloquia,</strong></span> <span class='ocrx_word' id='word_1_153' title='bbox 1041 2643 1239 2720; x_wconf 83' lang='lat' dir='ltr'><strong>narrationes,</strong></span> <span class='ocrx_word' id='word_1_154' title='bbox 1261 2645 1379 2718; x_wconf 90' lang='lat' dir='ltr'><strong>quintus</strong></span> <span class='ocrx_word' id='word_1_155' title='bbox 1394 2656 1564 2719; x_wconf 83' lang='lat' dir='ltr'><strong>panegyres,</strong></span> <span class='ocrx_word' id='word_1_156' title='bbox 1589 2643 1641 2701; x_wconf 63' lang='lat' dir='ltr'><strong>exi</strong></span> 
     </span>
     <span class='ocr_line' id='line_1_17' title="bbox 303 2727 1627 2806; baseline 0.001 -19"><span class='ocrx_word' id='word_1_157' title='bbox 303 2728 507 2800; x_wconf 80' lang='lat' dir='ltr'><strong>clamationes,</strong></span> <span class='ocrx_word' id='word_1_158' title='bbox 531 2728 682 2801; x_wconf 86' lang='lat' dir='ltr'><strong>fiduciam,</strong></span> <span class='ocrx_word' id='word_1_159' title='bbox 705 2745 800 2803; x_wconf 91' lang='lat' dir='ltr'><strong>spem,</strong></span> <span class='ocrx_word' id='word_1_160' title='bbox 823 2738 922 2787; x_wconf 86' lang='lat' dir='ltr'><strong>sextus</strong></span> <span class='ocrx_word' id='word_1_161' title='bbox 945 2727 1149 2802; x_wconf 85' lang='lat' dir='ltr'><strong>devotionern,</strong></span> <span class='ocrx_word' id='word_1_162' title='bbox 1174 2728 1303 2789; x_wconf 90' lang='lat' dir='ltr'><strong>dolorem</strong></span> <span class='ocrx_word' id='word_1_163' title='bbox 1325 2747 1462 2806; x_wconf 88' lang='lat' dir='ltr'><strong>magnum</strong></span> <span class='ocrx_word' id='word_1_164' title='bbox 1485 2738 1540 2788; x_wconf 88' lang='lat' dir='ltr'><strong>etc.</strong></span> <span class='ocrx_word' id='word_1_165' title='bbox 1619 2754 1627 2769; x_wconf 94' lang='lat'><strong>·</strong></span> 
     </span>
     <span class='ocr_line' id='line_1_18' title="bbox 389 2814 1641 2892; baseline 0.002 -19"><span class='ocrx_word' id='word_1_166' title='bbox 389 2816 425 2873; x_wconf 83' lang='lat' dir='ltr'><strong>Et</strong></span> <span class='ocrx_word' id='word_1_167' title='bbox 443 2816 505 2891; x_wconf 92' lang='lat' dir='ltr'><strong>jam</strong></span> <span class='ocrx_word' id='word_1_168' title='bbox 528 2825 642 2892; x_wconf 88' lang='lat' dir='ltr'><strong>tempus</strong></span> <span class='ocrx_word' id='word_1_169' title='bbox 664 2823 721 2887; x_wconf 92' lang='lat' dir='ltr'><strong>est,</strong></span> <span class='ocrx_word' id='word_1_170' title='bbox 753 2824 785 2874; x_wconf 90' lang='lat' dir='ltr'><strong>ut</strong></span> <span class='ocrx_word' id='word_1_171' title='bbox 805 2814 843 2873; x_wconf 85' lang='lat' dir='ltr'><strong>ad</strong></span> <span class='ocrx_word' id='word_1_172' title='bbox 866 2814 1039 2892; x_wconf 85' lang='lat' dir='ltr'><strong>principium</strong></span> <span class='ocrx_word' id='word_1_173' title='bbox 1060 2825 1222 2876; x_wconf 79' lang='lat' dir='ltr'><strong>revertatur</strong></span> <span class='ocrx_word' id='word_1_174' title='bbox 1244 2820 1349 2876; x_wconf 86' lang='lat' dir='ltr'><strong>oratio.</strong></span> <span class='ocrx_word' id='word_1_175' title='bbox 1393 2818 1467 2876; x_wconf 84' lang='lat' dir='ltr'><strong>Nam</strong></span> <span class='ocrx_word' id='word_1_176' title='bbox 1491 2816 1562 2875; x_wconf 93' lang='lat' dir='ltr'><strong>illud</strong></span> <span class='ocrx_word' id='word_1_177' title='bbox 1586 2816 1641 2875; x_wconf 92' lang='lat' dir='ltr'><strong>ad-</strong></span> 
     </span>
     <span class='ocr_line' id='line_1_19' title="bbox 303 2902 1639 2980; baseline 0.001 -19"><span class='ocrx_word' id='word_1_178' title='bbox 303 2902 463 2962; x_wconf 89' lang='lat' dir='ltr'><strong>monendus</strong></span> <span class='ocrx_word' id='word_1_179' title='bbox 485 2912 530 2963; x_wconf 87' lang='lat' dir='ltr'><strong>est</strong></span> <span class='ocrx_word' id='word_1_180' title='bbox 551 2903 642 2963; x_wconf 89' lang='lat' dir='ltr'><strong>lector</strong></span> <span class='ocrx_word' id='word_1_181' title='bbox 663 2902 864 2978; x_wconf 88' lang='lat' dir='ltr'><strong>philosophus,</strong></span> <span class='ocrx_word' id='word_1_182' title='bbox 888 2904 967 2978; x_wconf 90' lang='lat' dir='ltr'><strong>quod</strong></span> <span class='ocrx_word' id='word_1_183' title='bbox 982 2905 1085 2962; x_wconf 87' lang='lat' dir='ltr'><strong>musici</strong></span> <span class='ocrx_word' id='word_1_184' title='bbox 1100 2906 1190 2961; x_wconf 80' lang='lat' dir='ltr'><strong>nesui</strong></span> <span class='ocrx_word' id='word_1_185' title='bbox 1217 2922 1316 2963; x_wconf 91' lang='lat' dir='ltr'><strong>omnes</strong></span> <span class='ocrx_word' id='word_1_186' title='bbox 1338 2907 1501 2980; x_wconf 91' lang='lat' dir='ltr'><strong>promiscue</strong></span> <span class='ocrx_word' id='word_1_187' title='bbox 1518 2905 1639 2963; x_wconf 84' lang='lat' dir='ltr'><strong>affectus</strong></span> 
     </span>
     <span class='ocr_line' id='line_1_20' title="bbox 304 2990 1639 3068; baseline 0.001 -20"><span class='ocrx_word' id='word_1_188' title='bbox 304 2992 495 3067; x_wconf 79' lang='lat' dir='ltr'><strong>inomnihus</strong></span> <span class='ocrx_word' id='word_1_189' title='bbox 522 2993 599 3049; x_wconf 91' lang='lat' dir='ltr'><strong>tonis</strong></span> <span class='ocrx_word' id='word_1_190' title='bbox 626 2992 807 3065; x_wconf 83' lang='lat' dir='ltr'><strong>exprimunt,</strong></span> <span class='ocrx_word' id='word_1_191' title='bbox 829 2990 860 3047; x_wconf 92' lang='lat' dir='ltr'><strong>id</strong></span> <span class='ocrx_word' id='word_1_192' title='bbox 888 2993 968 3066; x_wconf 90' lang='lat' dir='ltr'><strong>ipsos</strong></span> <span class='ocrx_word' id='word_1_193' title='bbox 998 2993 1039 3049; x_wconf 91' lang='lat' dir='ltr'><strong>ita</strong></span> <span class='ocrx_word' id='word_1_194' title='bbox 1067 2999 1095 3050; x_wconf 92' lang='lat' dir='ltr'><strong>et</strong></span> <span class='ocrx_word' id='word_1_195' title='bbox 1116 2992 1225 3063; x_wconf 89' lang='lat' dir='ltr'><strong>lacere,</strong></span> <span class='ocrx_word' id='word_1_196' title='bbox 1258 2994 1328 3067; x_wconf 88' lang='lat' dir='ltr'><strong>qnia</strong></span> <span class='ocrx_word' id='word_1_197' title='bbox 1358 2995 1451 3050; x_wconf 90' lang='lat' dir='ltr'><strong>omnis</strong></span> <span class='ocrx_word' id='word_1_198' title='bbox 1474 2994 1639 3068; x_wconf 90' lang='lat' dir='ltr'><strong>promiscue</strong></span> 
     </span>
     <span class='ocr_line' id='line_1_21' title="bbox 303 3077 1640 3156; baseline 0.001 -20"><span class='ocrx_word' id='word_1_199' title='bbox 303 3086 405 3137; x_wconf 84' lang='lat' dir='ltr'><strong>cantus</strong></span> <span class='ocrx_word' id='word_1_200' title='bbox 432 3079 612 3154; x_wconf 81' lang='lat' dir='ltr'><strong>voluptatem</strong></span> <span class='ocrx_word' id='word_1_201' title='bbox 639 3079 715 3153; x_wconf 88' lang='lat' dir='ltr'><strong>parit</strong></span> <span class='ocrx_word' id='word_1_202' title='bbox 742 3077 882 3150; x_wconf 82' lang='lat' dir='ltr'><strong>auditori,</strong></span> <span class='ocrx_word' id='word_1_203' title='bbox 914 3077 1093 3138; x_wconf 87' lang='lat' dir='ltr'><strong>alacritatem</strong></span> <span class='ocrx_word' id='word_1_204' title='bbox 1120 3080 1243 3155; x_wconf 83' lang='lat' dir='ltr'><strong>requirit</strong></span> <span class='ocrx_word' id='word_1_205' title='bbox 1273 3081 1302 3136; x_wconf 94' lang='lat' dir='ltr'><strong>in</strong></span> <span class='ocrx_word' id='word_1_206' title='bbox 1330 3087 1464 3151; x_wconf 90' lang='lat' dir='ltr'><strong>auctore,</strong></span> <span class='ocrx_word' id='word_1_207' title='bbox 1497 3087 1527 3138; x_wconf 92' lang='lat' dir='ltr'><strong>et</strong></span> <span class='ocrx_word' id='word_1_208' title='bbox 1554 3097 1640 3156; x_wconf 90' lang='lat' dir='ltr'><strong>posse</strong></span> 
     </span>
     <span class='ocr_line' id='line_1_22' title="bbox 300 3164 1639 3242; baseline 0.001 -19"><span class='ocrx_word' id='word_1_209' title='bbox 300 3164 411 3237; x_wconf 89' lang='lat' dir='ltr'><strong>lacere,</strong></span> <span class='ocrx_word' id='word_1_210' title='bbox 435 3168 504 3241; x_wconf 91' lang='lat' dir='ltr'><strong>quia</strong></span> <span class='ocrx_word' id='word_1_211' title='bbox 526 3167 716 3224; x_wconf 88' lang='lat' dir='ltr'><strong>instrumenta</strong></span> <span class='ocrx_word' id='word_1_212' title='bbox 738 3164 847 3223; x_wconf 88' lang='lat' dir='ltr'><strong>ciendis</strong></span> <span class='ocrx_word' id='word_1_213' title='bbox 870 3165 1021 3224; x_wconf 82' lang='lat' dir='ltr'><strong>affectibus</strong></span> <span class='ocrx_word' id='word_1_214' title='bbox 1043 3165 1127 3240; x_wconf 88' lang='lat' dir='ltr'><strong>plura</strong></span> <span class='ocrx_word' id='word_1_215' title='bbox 1148 3176 1230 3238; x_wconf 91' lang='lat' dir='ltr'><strong>sunt,</strong></span> <span class='ocrx_word' id='word_1_216' title='bbox 1254 3168 1359 3242; x_wconf 90' lang='lat' dir='ltr'><strong>partim</strong></span> <span class='ocrx_word' id='word_1_217' title='bbox 1382 3170 1464 3225; x_wconf 89' lang='lat' dir='ltr'><strong>initio</strong></span> <span class='ocrx_word' id='word_1_218' title='bbox 1487 3170 1639 3239; x_wconf 89' lang='lat' dir='ltr'><strong>recensita,</strong></span> 
     </span>
     <span class='ocr_line' id='line_1_23' title="bbox 302 3245 1639 3329; baseline 0 -19"><span class='ocrx_word' id='word_1_219' title='bbox 302 3269 378 3329; x_wconf 87' lang='lat' dir='ltr'><strong>qnae</strong></span> <span class='ocrx_word' id='word_1_220' title='bbox 399 3256 508 3329; x_wconf 91' lang='lat' dir='ltr'><strong>passim</strong></span> <span class='ocrx_word' id='word_1_221' title='bbox 531 3270 582 3329; x_wconf 90' lang='lat' dir='ltr'><strong>per</strong></span> <span class='ocrx_word' id='word_1_222' title='bbox 604 3270 704 3311; x_wconf 89' lang='lat' dir='ltr'><strong>omnes</strong></span> <span class='ocrx_word' id='word_1_223' title='bbox 726 3254 887 3328; x_wconf 88' lang='lat' dir='ltr'><strong>promiscue</strong></span> <span class='ocrx_word' id='word_1_224' title='bbox 916 3260 1002 3314; x_wconf 90' lang='lat' dir='ltr'><strong>tonos</strong></span> <span class='ocrx_word' id='word_1_225' title='bbox 1024 3245 1154 3311; x_wconf 89' lang='lat' dir='ltr'><strong>adhiberi</strong></span> <span class='ocrx_word' id='word_1_226' title='bbox 1181 3262 1312 3329; x_wconf 89' lang='lat' dir='ltr'><strong>possunt.</strong></span> <span class='ocrx_word' id='word_1_227' title='bbox 1358 3253 1389 3313; x_wconf 85' lang='lat' dir='ltr'><strong>Si</strong></span> <span class='ocrx_word' id='word_1_228' title='bbox 1413 3262 1509 3313; x_wconf 91' lang='lat' dir='ltr'><strong>tamen</strong></span> <span class='ocrx_word' id='word_1_229' title='bbox 1540 3256 1639 3313; x_wconf 90' lang='lat' dir='ltr'><strong>omnia</strong></span> 
     </span>
     <span class='ocr_line' id='line_1_24' title="bbox 301 3338 1640 3419; baseline 0.001 -22"><span class='ocrx_word' id='word_1_230' title='bbox 301 3339 448 3415; x_wconf 82' lang='lat' dir='ltr'><strong>praesidia</strong></span> <span class='ocrx_word' id='word_1_231' title='bbox 469 3340 630 3399; x_wconf 91' lang='lat' dir='ltr'><strong>studuerint</strong></span> <span class='ocrx_word' id='word_1_232' title='bbox 652 3338 799 3413; x_wconf 88' lang='lat' dir='ltr'><strong>adhibere,</strong></span> <span class='ocrx_word' id='word_1_233' title='bbox 823 3338 860 3398; x_wconf 86' lang='lat' dir='ltr'><strong>ad</strong></span> <span class='ocrx_word' id='word_1_234' title='bbox 882 3338 959 3398; x_wconf 92' lang='lat' dir='ltr'><strong>idem</strong></span> <span class='ocrx_word' id='word_1_235' title='bbox 982 3344 1123 3399; x_wconf 89' lang='lat' dir='ltr'><strong>intentum</strong></span> <span class='ocrx_word' id='word_1_236' title='bbox 1145 3341 1291 3419; x_wconf 82' lang='lat' dir='ltr'><strong>facientia,</strong></span> <span class='ocrx_word' id='word_1_237' title='bbox 1314 3358 1370 3399; x_wconf 91' lang='lat' dir='ltr'><strong>nou</strong></span> <span class='ocrx_word' id='word_1_238' title='bbox 1392 3340 1476 3400; x_wconf 87' lang='lat' dir='ltr'><strong>lacile</strong></span> <span class='ocrx_word' id='word_1_239' title='bbox 1492 3341 1640 3418; x_wconf 79' lang='lat' dir='ltr'><strong>negligent</strong></span> 
     </span>
     <span class='ocr_line' id='line_1_25' title="bbox 300 3425 1637 3505; baseline 0.002 -20"><span class='ocrx_word' id='word_1_240' title='bbox 300 3434 433 3485; x_wconf 88' lang='lat' dir='ltr'><strong>tonorum</strong></span> <span class='ocrx_word' id='word_1_241' title='bbox 456 3427 585 3487; x_wconf 85' lang='lat' dir='ltr'><strong>delectus</strong></span> <span class='ocrx_word' id='word_1_242' title='bbox 607 3425 644 3485; x_wconf 90' lang='lat' dir='ltr'><strong>ad</strong></span> <span class='ocrx_word' id='word_1_243' title='bbox 667 3426 822 3486; x_wconf 87' lang='lat' dir='ltr'><strong>allectuum</strong></span> <span class='ocrx_word' id='word_1_244' title='bbox 843 3427 1020 3505; x_wconf 85' lang='lat' dir='ltr'><strong>hypothesin</strong></span> <span class='ocrx_word' id='word_1_245' title='bbox 1046 3427 1176 3487; x_wconf 91' lang='lat' dir='ltr'><strong>idoueos.</strong></span> <span class='ocrx_word' id='word_1_246' title='bbox 1221 3427 1332 3487; x_wconf 90' lang='lat' dir='ltr'><strong>Verum</strong></span> <span class='ocrx_word' id='word_1_247' title='bbox 1354 3431 1375 3485; x_wconf 92' lang='lat' dir='ltr'><strong>ii</strong></span> <span class='ocrx_word' id='word_1_248' title='bbox 1393 3428 1523 3488; x_wconf 58' lang='lat' dir='ltr'><strong>viderint*</strong></span> <span class='ocrx_word' id='word_1_249' title='bbox 1538 3428 1575 3488; x_wconf 89' lang='lat' dir='ltr'><strong>de</strong></span> <span class='ocrx_word' id='word_1_250' title='bbox 1591 3446 1637 3500; x_wconf 90' lang='lat' dir='ltr'><strong>eo,</strong></span> 
     </span>
     <span class='ocr_line' id='line_1_26' title="bbox 275 3513 1639 3608; baseline 0.001 -36"><span class='ocrx_word' id='word_1_251' title='bbox 275 3593 280 3608; x_wconf 67' lang='lat'><strong>,</strong></span> <span class='ocrx_word' id='word_1_252' title='bbox 301 3513 379 3589; x_wconf 88' lang='lat' dir='ltr'><strong>qnod</strong></span> <span class='ocrx_word' id='word_1_253' title='bbox 396 3524 439 3575; x_wconf 90' lang='lat' dir='ltr'><strong>est</strong></span> <span class='ocrx_word' id='word_1_254' title='bbox 454 3515 570 3575; x_wconf 88' lang='lat' dir='ltr'><strong>illorum</strong></span> <span class='ocrx_word' id='word_1_255' title='bbox 585 3516 666 3591; x_wconf 83' lang='lat' dir='ltr'><strong>praxi</strong></span> <span class='ocrx_word' id='word_1_256' title='bbox 681 3518 869 3590; x_wconf 80' lang='lat' dir='ltr'><strong>permissum3</strong></span> <span class='ocrx_word' id='word_1_257' title='bbox 891 3515 963 3573; x_wconf 91' lang='lat' dir='ltr'><strong>mihi</strong></span> <span class='ocrx_word' id='word_1_258' title='bbox 978 3516 1118 3575; x_wconf 88' lang='lat' dir='ltr'><strong>hactenus</strong></span> <span class='ocrx_word' id='word_1_259' title='bbox 1133 3514 1290 3575; x_wconf 87' lang='lat' dir='ltr'><strong>theoretice</strong></span> <span class='ocrx_word' id='word_1_260' title='bbox 1312 3519 1488 3592; x_wconf 87' lang='lat' dir='ltr'><strong>processisse</strong></span> <span class='ocrx_word' id='word_1_261' title='bbox 1504 3515 1639 3575; x_wconf 86' lang='lat' dir='ltr'><strong>sufficiat.</strong></span> 
     </span>
    </p>
   </div>
   <div class='ocr_carea' id='block_1_3' title="bbox 758 3695 1096 3820">
    <p class='ocr_par' dir='ltr' id='par_1_3' title="bbox 758 3695 1096 3820">
     <span class='ocr_line' id='line_1_27' title="bbox 758 3695 1096 3820; baseline -0.015 1"><span class='ocrx_word' id='word_1_262' title='bbox 758 3695 764 3713; x_wconf 47' lang='lat'>⁸</span> <span class='ocrx_word' id='word_1_263' title='bbox 848 3749 988 3820; x_wconf 75' lang='lat' dir='ltr'><strong>sanun</strong></span> <span class='ocrx_word' id='word_1_264' title='bbox 1015 3747 1096 3819; x_wconf 80' lang='lat' dir='ltr'><strong>xvi.</strong></span> 
     </span>
    </p>
   </div>
   <div class='ocr_carea' id='block_1_4' title="bbox 514 3893 1417 3963">
    <p class='ocr_par' dir='ltr' id='par_1_4' title="bbox 514 3893 1417 3963">
     <span class='ocr_line' id='line_1_28' title="bbox 514 3893 1417 3963; baseline -0.004 -11"><span class='ocrx_word' id='word_1_265' title='bbox 514 3895 667 3963; x_wconf 75' lang='lat' dir='ltr'><strong>Qnidsit</strong></span> <span class='ocrx_word' id='word_1_266' title='bbox 685 3902 808 3951; x_wconf 86' lang='lat' dir='ltr'><strong>cautus</strong></span> <span class='ocrx_word' id='word_1_267' title='bbox 826 3910 884 3963; x_wconf 90' lang='lat' dir='ltr'><strong>per</strong></span> <span class='ocrx_word' id='word_1_268' title='bbox 901 3895 1124 3958; x_wconf 87' lang='lat' dir='ltr'><strong>harmoniam,</strong></span> <span class='ocrx_word' id='word_1_269' title='bbox 1150 3909 1209 3948; x_wconf 90' lang='lat' dir='ltr'><strong>seu</strong></span> <span class='ocrx_word' id='word_1_270' title='bbox 1226 3893 1417 3962; x_wconf 76' lang='lat' dir='ltr'><strong>figuratus.</strong></span> 
     </span>
    </p>
   </div>
   <div class='ocr_carea' id='block_1_5' title="bbox 265 4041 1719 5427">
    <p class='ocr_par' dir='ltr' id='par_1_5' title="bbox 265 4041 1719 5339">
     <span class='ocr_line' id='line_1_29' title="bbox 386 4041 1640 4119; baseline -0.001 -19"><span class='ocrx_word' id='word_1_271' title='bbox 386 4042 448 4100; x_wconf 81' lang='lat' dir='ltr'><strong>Etsi</strong></span> <span class='ocrx_word' id='word_1_272' title='bbox 472 4059 530 4100; x_wconf 88' lang='lat' dir='ltr'><strong>vox</strong></span> <span class='ocrx_word' id='word_1_273' title='bbox 552 4041 875 4119; x_wconf 23' lang='lat' dir='ltr'><strong>harmonia-veteribus</strong></span> <span class='ocrx_word' id='word_1_274' title='bbox 898 4046 1054 4115; x_wconf 90' lang='lat' dir='ltr'><strong>usurpatur</strong></span> <span class='ocrx_word' id='word_1_275' title='bbox 1076 4056 1128 4115; x_wconf 92' lang='lat' dir='ltr'><strong>pro</strong></span> <span class='ocrx_word' id='word_1_276' title='bbox 1152 4047 1254 4109; x_wconf 88' lang='lat' dir='ltr'><strong>cantu,</strong></span> <span class='ocrx_word' id='word_1_277' title='bbox 1286 4056 1343 4098; x_wconf 92' lang='lat' dir='ltr'><strong>uon</strong></span> <span class='ocrx_word' id='word_1_278' title='bbox 1367 4048 1411 4098; x_wconf 92' lang='lat' dir='ltr'><strong>est</strong></span> <span class='ocrx_word' id='word_1_279' title='bbox 1434 4047 1530 4099; x_wconf 89' lang='lat' dir='ltr'><strong>tamen</strong></span> <span class='ocrx_word' id='word_1_280' title='bbox 1553 4041 1640 4099; x_wconf 90' lang='lat' dir='ltr'><strong>intel·</strong></span> 
     </span>
     <span class='ocr_line' id='line_1_30' title="bbox 300 4125 1638 4205; baseline 0 -19"><span class='ocrx_word' id='word_1_281' title='bbox 300 4128 417 4205; x_wconf 86' lang='lat' dir='ltr'><strong>ligenda</strong></span> <span class='ocrx_word' id='word_1_282' title='bbox 439 4130 494 4189; x_wconf 92' lang='lat' dir='ltr'><strong>sub</strong></span> <span class='ocrx_word' id='word_1_283' title='bbox 516 4129 572 4187; x_wconf 93' lang='lat' dir='ltr'><strong>hoc</strong></span> <span class='ocrx_word' id='word_1_284' title='bbox 594 4131 710 4187; x_wconf 89' lang='lat' dir='ltr'><strong>nomine</strong></span> <span class='ocrx_word' id='word_1_285' title='bbox 733 4127 894 4187; x_wconf 90' lang='lat' dir='ltr'><strong>modulatio</strong></span> <span class='ocrx_word' id='word_1_286' title='bbox 916 4127 1087 4203; x_wconf 86' lang='lat' dir='ltr'><strong>perplures</strong></span> <span class='ocrx_word' id='word_1_287' title='bbox 1110 4143 1211 4197; x_wconf 86' lang='lat' dir='ltr'><strong>voces,</strong></span> <span class='ocrx_word' id='word_1_288' title='bbox 1245 4125 1411 4185; x_wconf 89' lang='lat' dir='ltr'><strong>harmonice</strong></span> <span class='ocrx_word' id='word_1_289' title='bbox 1435 4137 1638 4187; x_wconf 85' lang='lat' dir='ltr'><strong>consonantes.</strong></span> 
     </span>
     <span class='ocr_line' id='line_1_31' title="bbox 299 4212 1638 4292; baseline -0.001 -17"><span class='ocrx_word' id='word_1_290' title='bbox 299 4214 451 4276; x_wconf 87' lang='lat' dir='ltr'><strong>Novitinm</strong></span> <span class='ocrx_word' id='word_1_291' title='bbox 473 4218 550 4277; x_wconf 91' lang='lat' dir='ltr'><strong>enim</strong></span> <span class='ocrx_word' id='word_1_292' title='bbox 572 4219 722 4276; x_wconf 88' lang='lat' dir='ltr'><strong>inventum</strong></span> <span class='ocrx_word' id='word_1_293' title='bbox 746 4232 809 4275; x_wconf 90' lang='lat' dir='ltr'><strong>esse</strong></span> <span class='ocrx_word' id='word_1_294' title='bbox 834 4214 1038 4289; x_wconf 90' lang='lat' dir='ltr'><strong>veteribusque</strong></span> <span class='ocrx_word' id='word_1_295' title='bbox 1071 4212 1157 4290; x_wconf 90' lang='lat' dir='ltr'><strong>plane</strong></span> <span class='ocrx_word' id='word_1_296' title='bbox 1184 4216 1362 4289; x_wconf 87' lang='lat' dir='ltr'><strong>incognitum</strong></span> <span class='ocrx_word' id='word_1_297' title='bbox 1391 4222 1547 4274; x_wconf 86' lang='lat' dir='ltr'><strong>concentus</strong></span> <span class='ocrx_word' id='word_1_298' title='bbox 1570 4216 1638 4292; x_wconf 93' lang='lat' dir='ltr'><strong>plu-</strong></span> 
     </span>
     <span class='ocr_line' id='line_1_32' title="bbox 300 4299 1637 4382; baseline -0.001 -22"><span class='ocrx_word' id='word_1_299' title='bbox 300 4305 374 4363; x_wconf 90' lang='lat' dir='ltr'><strong>rium</strong></span> <span class='ocrx_word' id='word_1_300' title='bbox 398 4322 502 4362; x_wconf 89' lang='lat' dir='ltr'><strong>vocum</strong></span> <span class='ocrx_word' id='word_1_301' title='bbox 525 4306 554 4361; x_wconf 93' lang='lat' dir='ltr'><strong>in</strong></span> <span class='ocrx_word' id='word_1_302' title='bbox 576 4313 717 4382; x_wconf 91' lang='lat' dir='ltr'><strong>perpetua</strong></span> <span class='ocrx_word' id='word_1_303' title='bbox 739 4303 954 4362; x_wconf 87' lang='lat' dir='ltr'><strong>harmoniarum</strong></span> <span class='ocrx_word' id='word_1_304' title='bbox 976 4299 1189 4371; x_wconf 85' lang='lat' dir='ltr'><strong>vicissitudine,</strong></span> <span class='ocrx_word' id='word_1_305' title='bbox 1219 4300 1248 4359; x_wconf 91' lang='lat' dir='ltr'><strong>id</strong></span> <span class='ocrx_word' id='word_1_306' title='bbox 1271 4302 1442 4377; x_wconf 89' lang='lat' dir='ltr'><strong>probatione</strong></span> <span class='ocrx_word' id='word_1_307' title='bbox 1458 4302 1556 4361; x_wconf 88' lang='lat' dir='ltr'><strong>multa</strong></span> <span class='ocrx_word' id='word_1_308' title='bbox 1578 4321 1637 4361; x_wconf 91' lang='lat' dir='ltr'><strong>non</strong></span> 
     </span>
     <span class='ocr_line' id='line_1_33' title="bbox 301 4387 1636 4468; baseline 0.001 -21"><span class='ocrx_word' id='word_1_309' title='bbox 301 4390 420 4468; x_wconf 86' lang='lat' dir='ltr'><strong>indiget.</strong></span> <span class='ocrx_word' id='word_1_310' title='bbox 465 4390 607 4450; x_wconf 89' lang='lat' dir='ltr'><strong>Videatur</strong></span> <span class='ocrx_word' id='word_1_311' title='bbox 637 4391 692 4449; x_wconf 88' lang='lat' dir='ltr'><strong>hac</strong></span> <span class='ocrx_word' id='word_1_312' title='bbox 721 4389 757 4448; x_wconf 90' lang='lat' dir='ltr'><strong>de</strong></span> <span class='ocrx_word' id='word_1_313' title='bbox 779 4407 810 4449; x_wconf 92' lang='lat' dir='ltr'><strong>re</strong></span> <span class='ocrx_word' id='word_1_314' title='bbox 832 4389 1004 4448; x_wconf 81' lang='lat' dir='ltr'><strong>Vincentius</strong></span> <span class='ocrx_word' id='word_1_315' title='bbox 1027 4387 1177 4447; x_wconf 87' lang='lat' dir='ltr'><strong>Galilaeus</strong></span> <span class='ocrx_word' id='word_1_316' title='bbox 1207 4389 1237 4444; x_wconf 91' lang='lat' dir='ltr'><strong>in</strong></span> <span class='ocrx_word' id='word_1_317' title='bbox 1260 4405 1346 4465; x_wconf 89' lang='lat' dir='ltr'><strong>opere</strong></span> <span class='ocrx_word' id='word_1_318' title='bbox 1369 4388 1497 4448; x_wconf 87' lang='lat' dir='ltr'><strong>Musices</strong></span> <span class='ocrx_word' id='word_1_319' title='bbox 1522 4389 1636 4449; x_wconf 84' lang='lat' dir='ltr'><strong>Italico.</strong></span> 
     </span>
     <span class='ocr_line' id='line_1_34' title="bbox 299 4475 1636 4554; baseline -0.001 -17"><span class='ocrx_word' id='word_1_320' title='bbox 299 4476 382 4537; x_wconf 83' lang='lat' dir='ltr'><strong>Solet</strong></span> <span class='ocrx_word' id='word_1_321' title='bbox 409 4478 528 4554; x_wconf 89' lang='lat' dir='ltr'><strong>quidem</strong></span> <span class='ocrx_word' id='word_1_322' title='bbox 556 4480 643 4554; x_wconf 92' lang='lat' dir='ltr'><strong>objici</strong></span> <span class='ocrx_word' id='word_1_323' title='bbox 673 4478 813 4554; x_wconf 84' lang='lat' dir='ltr'><strong>relegatio</strong></span> <span class='ocrx_word' id='word_1_324' title='bbox 846 4488 948 4535; x_wconf 87' lang='lat' dir='ltr'><strong>cantus</strong></span> <span class='ocrx_word' id='word_1_325' title='bbox 977 4494 1029 4551; x_wconf 93' lang='lat' dir='ltr'><strong>per</strong></span> <span class='ocrx_word' id='word_1_326' title='bbox 1058 4476 1236 4534; x_wconf 89' lang='lat' dir='ltr'><strong>harmoniam</strong></span> <span class='ocrx_word' id='word_1_327' title='bbox 1259 4495 1277 4534; x_wconf 92' lang='lat' dir='ltr'><strong>a</strong></span> <span class='ocrx_word' id='word_1_328' title='bbox 1299 4476 1449 4552; x_wconf 87' lang='lat' dir='ltr'><strong>republica</strong></span> <span class='ocrx_word' id='word_1_329' title='bbox 1471 4475 1636 4553; x_wconf 89' lang='lat' dir='ltr'><strong>Platonica,</strong></span> 
     </span>
     <span class='ocr_line' id='line_1_35' title="bbox 300 4561 1635 4642; baseline -0.001 -19"><span class='ocrx_word' id='word_1_330' title='bbox 300 4568 383 4640; x_wconf 91' lang='lat' dir='ltr'><strong>quasi</strong></span> <span class='ocrx_word' id='word_1_331' title='bbox 402 4566 465 4642; x_wconf 88' lang='lat' dir='ltr'><strong>jam</strong></span> <span class='ocrx_word' id='word_1_332' title='bbox 486 4575 555 4624; x_wconf 91' lang='lat' dir='ltr'><strong>tuuc</strong></span> <span class='ocrx_word' id='word_1_333' title='bbox 576 4566 626 4624; x_wconf 91' lang='lat' dir='ltr'><strong>ille</strong></span> <span class='ocrx_word' id='word_1_334' title='bbox 649 4567 751 4624; x_wconf 88' lang='lat' dir='ltr'><strong>luisset</strong></span> <span class='ocrx_word' id='word_1_335' title='bbox 773 4567 802 4623; x_wconf 92' lang='lat' dir='ltr'><strong>in</strong></span> <span class='ocrx_word' id='word_1_336' title='bbox 822 4581 894 4638; x_wconf 80' lang='lat' dir='ltr'><strong>usu3</strong></span> <span class='ocrx_word' id='word_1_337' title='bbox 918 4572 949 4623; x_wconf 91' lang='lat' dir='ltr'><strong>at</strong></span> <span class='ocrx_word' id='word_1_338' title='bbox 970 4562 1139 4639; x_wconf 81' lang='lat' dir='ltr'><strong>intelligitur</strong></span> <span class='ocrx_word' id='word_1_339' title='bbox 1155 4563 1236 4621; x_wconf 87' lang='lat' dir='ltr'><strong>locus</strong></span> <span class='ocrx_word' id='word_1_340' title='bbox 1253 4561 1288 4622; x_wconf 94' lang='lat' dir='ltr'><strong>de</strong></span> <span class='ocrx_word' id='word_1_341' title='bbox 1309 4565 1434 4638; x_wconf 82' lang='lat' dir='ltr'><strong>organis,</strong></span> <span class='ocrx_word' id='word_1_342' title='bbox 1458 4562 1494 4622; x_wconf 90' lang='lat' dir='ltr'><strong>de</strong></span> <span class='ocrx_word' id='word_1_343' title='bbox 1508 4567 1635 4641; x_wconf 81' lang='lat' dir='ltr'><strong>syringe,</strong></span> 
     </span>
     <span class='ocr_line' id='line_1_36' title="bbox 299 4651 1637 4728; baseline 0.001 -19"><span class='ocrx_word' id='word_1_344' title='bbox 299 4652 433 4728; x_wconf 71' lang='lat' dir='ltr'><strong>uhicnlo,</strong></span> <span class='ocrx_word' id='word_1_345' title='bbox 456 4653 617 4726; x_wconf 86' lang='lat' dir='ltr'><strong>testudine,</strong></span> <span class='ocrx_word' id='word_1_346' title='bbox 642 4670 707 4712; x_wconf 89' lang='lat' dir='ltr'><strong>curn</strong></span> <span class='ocrx_word' id='word_1_347' title='bbox 730 4669 788 4710; x_wconf 92' lang='lat' dir='ltr'><strong>nna</strong></span> <span class='ocrx_word' id='word_1_348' title='bbox 811 4668 868 4711; x_wconf 85' lang='lat' dir='ltr'><strong>vox</strong></span> <span class='ocrx_word' id='word_1_349' title='bbox 891 4661 943 4710; x_wconf 92' lang='lat' dir='ltr'><strong>aut</strong></span> <span class='ocrx_word' id='word_1_350' title='bbox 964 4660 1104 4728; x_wconf 87' lang='lat' dir='ltr'><strong>perpetuo</strong></span> <span class='ocrx_word' id='word_1_351' title='bbox 1127 4653 1240 4709; x_wconf 90' lang='lat' dir='ltr'><strong>intonat</strong></span> <span class='ocrx_word' id='word_1_352' title='bbox 1261 4660 1312 4709; x_wconf 90' lang='lat' dir='ltr'><strong>aut</strong></span> <span class='ocrx_word' id='word_1_353' title='bbox 1335 4652 1512 4723; x_wconf 88' lang='lat' dir='ltr'><strong>intermittit,</strong></span> <span class='ocrx_word' id='word_1_354' title='bbox 1539 4651 1637 4711; x_wconf 95' lang='lat' dir='ltr'><strong>locum</strong></span> 
     </span>
     <span class='ocr_line' id='line_1_37' title="bbox 299 4737 1637 4817; baseline -0.001 -19"><span class='ocrx_word' id='word_1_355' title='bbox 299 4739 403 4799; x_wconf 86' lang='lat' dir='ltr'><strong>cedens</strong></span> <span class='ocrx_word' id='word_1_356' title='bbox 426 4743 668 4817; x_wconf 87' lang='lat' dir='ltr'><strong>appropinquanti</strong></span> <span class='ocrx_word' id='word_1_357' title='bbox 692 4739 836 4799; x_wconf 89' lang='lat' dir='ltr'><strong>dissonae.</strong></span> <span class='ocrx_word' id='word_1_358' title='bbox 882 4739 916 4798; x_wconf 94' lang='lat' dir='ltr'><strong>ln</strong></span> <span class='ocrx_word' id='word_1_359' title='bbox 939 4738 990 4802; x_wconf 83' lang='lat' dir='ltr'><strong>illo</strong></span> <span class='ocrx_word' id='word_1_360' title='bbox 1013 4755 1092 4797; x_wconf 92' lang='lat' dir='ltr'><strong>more</strong></span> <span class='ocrx_word' id='word_1_361' title='bbox 1115 4737 1226 4796; x_wconf 89' lang='lat' dir='ltr'><strong>nullum</strong></span> <span class='ocrx_word' id='word_1_362' title='bbox 1250 4745 1311 4796; x_wconf 90' lang='lat' dir='ltr'><strong>erat</strong></span> <span class='ocrx_word' id='word_1_363' title='bbox 1334 4737 1412 4816; x_wconf 89' lang='lat' dir='ltr'><strong>apud</strong></span> <span class='ocrx_word' id='word_1_364' title='bbox 1434 4747 1548 4798; x_wconf 84' lang='lat' dir='ltr'><strong>veteres</strong></span> <span class='ocrx_word' id='word_1_365' title='bbox 1571 4757 1637 4798; x_wconf 92' lang='lat' dir='ltr'><strong>ma·</strong></span> 
     </span>
     <span class='ocr_line' id='line_1_38' title="bbox 295 4819 1634 4904; baseline 0.001 -19"><span class='ocrx_word' id='word_1_366' title='bbox 295 4825 345 4902; x_wconf 90' lang='lat' dir='ltr'><strong>jus</strong></span> <span class='ocrx_word' id='word_1_367' title='bbox 367 4828 528 4900; x_wconf 86' lang='lat' dir='ltr'><strong>artificium,</strong></span> <span class='ocrx_word' id='word_1_368' title='bbox 552 4846 639 4904; x_wconf 90' lang='lat' dir='ltr'><strong>qnam</strong></span> <span class='ocrx_word' id='word_1_369' title='bbox 660 4827 738 4904; x_wconf 90' lang='lat' dir='ltr'><strong>apud</strong></span> <span class='ocrx_word' id='word_1_370' title='bbox 763 4834 877 4885; x_wconf 87' lang='lat' dir='ltr'><strong>nostros</strong></span> <span class='ocrx_word' id='word_1_371' title='bbox 899 4825 1090 4885; x_wconf 89' lang='lat' dir='ltr'><strong>utricularios.</strong></span> <span class='ocrx_word' id='word_1_372' title='bbox 1134 4825 1190 4883; x_wconf 91' lang='lat' dir='ltr'><strong>Hls</strong></span> <span class='ocrx_word' id='word_1_373' title='bbox 1212 4819 1319 4884; x_wconf 86' lang='lat' dir='ltr'><strong>ultimis</strong></span> <span class='ocrx_word' id='word_1_374' title='bbox 1334 4824 1440 4885; x_wconf 80' lang='lat' dir='ltr'><strong>seenlIs</strong></span> <span class='ocrx_word' id='word_1_375' title='bbox 1463 4826 1536 4885; x_wconf 91' lang='lat' dir='ltr'><strong>haec</strong></span> <span class='ocrx_word' id='word_1_376' title='bbox 1558 4830 1634 4886; x_wconf 88' lang='lat' dir='ltr'><strong>ratio</strong></span> 
     </span>
     <span class='ocr_line' id='line_1_39' title="bbox 265 4907 1636 4993; baseline -0.001 -19"><span class='ocrx_word' id='word_1_377' title='bbox 265 4915 270 4919; x_wconf 87' lang='grc'><strong>’</strong></span> <span class='ocrx_word' id='word_1_378' title='bbox 300 4913 422 4974; x_wconf 71' lang='lat' dir='ltr'><strong>mnendi</strong></span> <span class='ocrx_word' id='word_1_379' title='bbox 444 4907 569 4991; x_wconf 81' lang='lat' dir='ltr'><strong>figurata</strong></span> <span class='ocrx_word' id='word_1_380' title='bbox 595 4915 660 4974; x_wconf 91' lang='lat' dir='ltr'><strong>ideo</strong></span> <span class='ocrx_word' id='word_1_381' title='bbox 690 4914 745 4973; x_wconf 90' lang='lat' dir='ltr'><strong>dici</strong></span> <span class='ocrx_word' id='word_1_382' title='bbox 769 4915 880 4993; x_wconf 83' lang='lat' dir='ltr'><strong>coepit,</strong></span> <span class='ocrx_word' id='word_1_383' title='bbox 910 4915 980 4988; x_wconf 91' lang='lat' dir='ltr'><strong>quia</strong></span> <span class='ocrx_word' id='word_1_384' title='bbox 1011 4915 1095 4988; x_wconf 92' lang='lat' dir='ltr'><strong>primi</strong></span> <span class='ocrx_word' id='word_1_385' title='bbox 1118 4924 1250 4971; x_wconf 90' lang='lat' dir='ltr'><strong>auctores</strong></span> <span class='ocrx_word' id='word_1_386' title='bbox 1280 4913 1489 4989; x_wconf 85' lang='lat' dir='ltr'><strong>dlagrammata</strong></span> <span class='ocrx_word' id='word_1_387' title='bbox 1511 4930 1568 4971; x_wconf 91' lang='lat' dir='ltr'><strong>non</strong></span> <span class='ocrx_word' id='word_1_388' title='bbox 1593 4917 1636 4973; x_wconf 89' lang='lat' dir='ltr'><strong>lta</strong></span> 
     </span>
     <span class='ocr_line' id='line_1_40' title="bbox 297 5000 1635 5078; baseline 0 -19"><span class='ocrx_word' id='word_1_389' title='bbox 297 5001 441 5078; x_wconf 86' lang='lat' dir='ltr'><strong>simplicia</strong></span> <span class='ocrx_word' id='word_1_390' title='bbox 469 5004 610 5074; x_wconf 87' lang='lat' dir='ltr'><strong>lecerunt,</strong></span> <span class='ocrx_word' id='word_1_391' title='bbox 640 5011 674 5061; x_wconf 91' lang='lat' dir='ltr'><strong>ut</strong></span> <span class='ocrx_word' id='word_1_392' title='bbox 703 5010 770 5061; x_wconf 91' lang='lat' dir='ltr'><strong>sunt</strong></span> <span class='ocrx_word' id='word_1_393' title='bbox 799 5004 828 5059; x_wconf 90' lang='lat' dir='ltr'><strong>in</strong></span> <span class='ocrx_word' id='word_1_394' title='bbox 857 5000 967 5059; x_wconf 90' lang='lat' dir='ltr'><strong>chorali</strong></span> <span class='ocrx_word' id='word_1_395' title='bbox 999 5008 1100 5072; x_wconf 89' lang='lat' dir='ltr'><strong>cautu,</strong></span> <span class='ocrx_word' id='word_1_396' title='bbox 1130 5000 1181 5059; x_wconf 90' lang='lat' dir='ltr'><strong>sed</strong></span> <span class='ocrx_word' id='word_1_397' title='bbox 1204 5002 1294 5059; x_wconf 84' lang='lat' dir='ltr'><strong>variis</strong></span> <span class='ocrx_word' id='word_1_398' title='bbox 1324 5003 1367 5059; x_wconf 94' lang='lat' dir='ltr'><strong>usi</strong></span> <span class='ocrx_word' id='word_1_399' title='bbox 1393 5008 1460 5060; x_wconf 90' lang='lat' dir='ltr'><strong>sunt</strong></span> <span class='ocrx_word' id='word_1_400' title='bbox 1481 5000 1582 5076; x_wconf 84' lang='lat' dir='ltr'><strong>figuris</strong></span> <span class='ocrx_word' id='word_1_401' title='bbox 1605 5010 1635 5061; x_wconf 91' lang='lat' dir='ltr'><strong>et</strong></span> 
     </span>
     <span class='ocr_line' id='line_1_41' title="bbox 299 5086 1634 5166; baseline 0 -19"><span class='ocrx_word' id='word_1_402' title='bbox 299 5089 445 5149; x_wconf 86' lang='lat' dir='ltr'><strong>coloribus</strong></span> <span class='ocrx_word' id='word_1_403' title='bbox 468 5098 496 5148; x_wconf 90' lang='lat' dir='ltr'><strong>et</strong></span> <span class='ocrx_word' id='word_1_404' title='bbox 519 5092 648 5166; x_wconf 89' lang='lat' dir='ltr'><strong>punctis,</strong></span> <span class='ocrx_word' id='word_1_405' title='bbox 673 5106 794 5165; x_wconf 90' lang='lat' dir='ltr'><strong>quorum</strong></span> <span class='ocrx_word' id='word_1_406' title='bbox 813 5092 962 5165; x_wconf 85' lang='lat' dir='ltr'><strong>signorum</strong></span> <span class='ocrx_word' id='word_1_407' title='bbox 985 5086 1084 5163; x_wconf 91' lang='lat' dir='ltr'><strong>aliqua</strong></span> <span class='ocrx_word' id='word_1_408' title='bbox 1106 5087 1266 5153; x_wconf 88' lang='lat' dir='ltr'><strong>silentium,</strong></span> <span class='ocrx_word' id='word_1_409' title='bbox 1293 5087 1393 5163; x_wconf 88' lang='lat' dir='ltr'><strong>aliqua</strong></span> <span class='ocrx_word' id='word_1_410' title='bbox 1413 5104 1516 5147; x_wconf 89' lang='lat' dir='ltr'><strong>sonum</strong></span> <span class='ocrx_word' id='word_1_411' title='bbox 1538 5090 1634 5166; x_wconf 89' lang='lat' dir='ltr'><strong>impe·</strong></span> 
     </span>
     <span class='ocr_line' id='line_1_42' title="bbox 298 5174 1719 5254; baseline 0.001 -21"><span class='ocrx_word' id='word_1_412' title='bbox 298 5185 372 5254; x_wconf 88' lang='lat' dir='ltr'><strong>rant,</strong></span> <span class='ocrx_word' id='word_1_413' title='bbox 394 5176 539 5253; x_wconf 85' lang='lat' dir='ltr'><strong>quaedam</strong></span> <span class='ocrx_word' id='word_1_414' title='bbox 561 5176 688 5253; x_wconf 90' lang='lat' dir='ltr'><strong>longum,</strong></span> <span class='ocrx_word' id='word_1_415' title='bbox 711 5177 769 5236; x_wconf 90' lang='lat' dir='ltr'><strong>alia</strong></span> <span class='ocrx_word' id='word_1_416' title='bbox 791 5177 924 5248; x_wconf 80' lang='lat' dir='ltr'><strong>brevem3</strong></span> <span class='ocrx_word' id='word_1_417' title='bbox 947 5174 1047 5250; x_wconf 80' lang='lat' dir='ltr'><strong>aquua</strong></span> <span class='ocrx_word' id='word_1_418' title='bbox 1069 5174 1105 5233; x_wconf 93' lang='lat' dir='ltr'><strong>ad</strong></span> <span class='ocrx_word' id='word_1_419' title='bbox 1129 5185 1222 5248; x_wconf 90' lang='lat' dir='ltr'><strong>tonos,</strong></span> <span class='ocrx_word' id='word_1_420' title='bbox 1246 5175 1346 5251; x_wconf 91' lang='lat' dir='ltr'><strong>aliqua</strong></span> <span class='ocrx_word' id='word_1_421' title='bbox 1368 5174 1406 5234; x_wconf 93' lang='lat' dir='ltr'><strong>ad</strong></span> <span class='ocrx_word' id='word_1_422' title='bbox 1427 5174 1528 5235; x_wconf 91' lang='lat' dir='ltr'><strong>modos</strong></span> <span class='ocrx_word' id='word_1_423' title='bbox 1550 5194 1635 5236; x_wconf 91' lang='lat' dir='ltr'><strong>men·</strong></span> <span class='ocrx_word' id='word_1_424' title='bbox 1715 5218 1719 5224; x_wconf 83' lang='lat'>·</span> 
     </span>
     <span class='ocr_line' id='line_1_43' title="bbox 297 5262 1486 5339; baseline -0.003 -17"><span class='ocrx_word' id='word_1_425' title='bbox 297 5264 410 5323; x_wconf 83' lang='lat' dir='ltr'><strong>rurales</strong></span> <span class='ocrx_word' id='word_1_426' title='bbox 433 5265 689 5336; x_wconf 89' lang='lat' dir='ltr'><strong>discriminandos,</strong></span> <span class='ocrx_word' id='word_1_427' title='bbox 712 5264 750 5322; x_wconf 91' lang='lat' dir='ltr'><strong>ad</strong></span> <span class='ocrx_word' id='word_1_428' title='bbox 773 5265 873 5339; x_wconf 87' lang='lat' dir='ltr'><strong>lugas,</strong></span> <span class='ocrx_word' id='word_1_429' title='bbox 897 5262 935 5321; x_wconf 89' lang='lat' dir='ltr'><strong>ad</strong></span> <span class='ocrx_word' id='word_1_430' title='bbox 957 5265 1143 5338; x_wconf 83' lang='lat' dir='ltr'><strong>repetitiones</strong></span> <span class='ocrx_word' id='word_1_431' title='bbox 1166 5270 1195 5321; x_wconf 92' lang='lat' dir='ltr'><strong>et</strong></span> <span class='ocrx_word' id='word_1_432' title='bbox 1216 5262 1324 5321; x_wconf 89' lang='lat' dir='ltr'><strong>similla</strong></span> <span class='ocrx_word' id='word_1_433' title='bbox 1347 5262 1486 5322; x_wconf 87' lang='lat' dir='ltr'><strong>adhibita.</strong></span> 
     </span>
    </p>

    <p class='ocr_par' dir='ltr' id='par_1_6' title="bbox 382 5349 1633 5427">
     <span class='ocr_line' id='line_1_44' title="bbox 382 5349 1633 5427; baseline -0.001 -17"><span class='ocrx_word' id='word_1_434' title='bbox 382 5352 476 5411; x_wconf 88' lang='lat' dir='ltr'><strong>Nobis</strong></span> <span class='ocrx_word' id='word_1_435' title='bbox 500 5351 587 5427; x_wconf 91' lang='lat' dir='ltr'><strong>igitur</strong></span> <span class='ocrx_word' id='word_1_436' title='bbox 608 5360 765 5412; x_wconf 84' lang='lat' dir='ltr'><strong>concentus</strong></span> <span class='ocrx_word' id='word_1_437' title='bbox 788 5351 972 5410; x_wconf 89' lang='lat' dir='ltr'><strong>harmonicus</strong></span> <span class='ocrx_word' id='word_1_438' title='bbox 994 5352 1036 5409; x_wconf 91' lang='lat' dir='ltr'><strong>sic</strong></span> <span class='ocrx_word' id='word_1_439' title='bbox 1060 5349 1229 5426; x_wconf 86' lang='lat' dir='ltr'><strong>definiatur,</strong></span> <span class='ocrx_word' id='word_1_440' title='bbox 1260 5349 1339 5425; x_wconf 90' lang='lat' dir='ltr'><strong>qnod</strong></span> <span class='ocrx_word' id='word_1_441' title='bbox 1363 5353 1420 5408; x_wconf 88' lang='lat' dir='ltr'><strong>sint</strong></span> <span class='ocrx_word' id='word_1_442' title='bbox 1443 5350 1536 5421; x_wconf 90' lang='lat' dir='ltr'><strong>duae,</strong></span> <span class='ocrx_word' id='word_1_443' title='bbox 1565 5358 1633 5424; x_wconf 90' lang='lat' dir='ltr'><strong>tres,</strong></span> 
     </span>
    </p>
   </div>
   <div class='ocr_carea' id='block_1_6' title="bbox 297 5437 1733 5516">
    <p class='ocr_par' dir='ltr' id='par_1_7' title="bbox 297 5437 1733 5516">
     <span class='ocr_line' id='line_1_45' title="bbox 297 5437 1733 5516; baseline -0.001 -18"><span class='ocrx_word' id='word_1_444' title='bbox 297 5447 423 5516; x_wconf 87' lang='lat' dir='ltr'><strong>quatuor</strong></span> <span class='ocrx_word' id='word_1_445' title='bbox 445 5439 490 5498; x_wconf 85' lang='lat' dir='ltr'><strong>vel</strong></span> <span class='ocrx_word' id='word_1_446' title='bbox 514 5438 612 5515; x_wconf 91' lang='lat' dir='ltr'><strong>plures</strong></span> <span class='ocrx_word' id='word_1_447' title='bbox 634 5457 721 5499; x_wconf 88' lang='lat' dir='ltr'><strong>voces</strong></span> <span class='ocrx_word' id='word_1_448' title='bbox 744 5455 794 5497; x_wconf 92' lang='lat' dir='ltr'><strong>seu</strong></span> <span class='ocrx_word' id='word_1_449' title='bbox 818 5438 962 5498; x_wconf 90' lang='lat' dir='ltr'><strong>melodiae</strong></span> <span class='ocrx_word' id='word_1_450' title='bbox 985 5440 1143 5497; x_wconf 91' lang='lat' dir='ltr'><strong>concinnae</strong></span> <span class='ocrx_word' id='word_1_451' title='bbox 1166 5446 1194 5496; x_wconf 90' lang='lat' dir='ltr'><strong>et</strong></span> <span class='ocrx_word' id='word_1_452' title='bbox 1217 5446 1313 5513; x_wconf 88' lang='lat' dir='ltr'><strong>aptae,</strong></span> <span class='ocrx_word' id='word_1_453' title='bbox 1339 5437 1440 5513; x_wconf 89' lang='lat' dir='ltr'><strong>quales</strong></span> <span class='ocrx_word' id='word_1_454' title='bbox 1462 5441 1558 5514; x_wconf 89' lang='lat' dir='ltr'><strong>capite</strong></span> <span class='ocrx_word' id='word_1_455' title='bbox 1585 5440 1632 5497; x_wconf 85' lang='lat'><strong>13.</strong></span> <span class='ocrx_word' id='word_1_456' title='bbox 1729 5496 1733 5509; x_wconf 66' lang='grc'><strong>,</strong></span> 
     </span>
    </p>
   </div>
   <div class='ocr_carea' id='block_1_7' title="bbox 297 5520 1633 5777">
    <p class='ocr_par' dir='ltr' id='par_1_8' title="bbox 297 5520 1633 5777">
     <span class='ocr_line' id='line_1_46' title="bbox 297 5520 1632 5603; baseline -0.002 -17"><span class='ocrx_word' id='word_1_457' title='bbox 297 5520 514 5602; x_wconf 76' lang='lat' dir='ltr'><strong>descripsimus,</strong></span> <span class='ocrx_word' id='word_1_458' title='bbox 544 5544 643 5586; x_wconf 91' lang='lat' dir='ltr'><strong>omnes</strong></span> <span class='ocrx_word' id='word_1_459' title='bbox 672 5526 801 5602; x_wconf 91' lang='lat' dir='ltr'><strong>ejusdem</strong></span> <span class='ocrx_word' id='word_1_460' title='bbox 823 5529 936 5602; x_wconf 88' lang='lat' dir='ltr'><strong>generis</strong></span> <span class='ocrx_word' id='word_1_461' title='bbox 967 5524 1155 5600; x_wconf 90' lang='lat' dir='ltr'><strong>ejusdemque</strong></span> <span class='ocrx_word' id='word_1_462' title='bbox 1184 5532 1235 5583; x_wconf 93' lang='lat' dir='ltr'><strong>aut</strong></span> <span class='ocrx_word' id='word_1_463' title='bbox 1257 5533 1446 5601; x_wconf 89' lang='lat' dir='ltr'><strong>cognatorum</strong></span> <span class='ocrx_word' id='word_1_464' title='bbox 1469 5525 1632 5603; x_wconf 87' lang='lat' dir='ltr'><strong>modorum,</strong></span> 
     </span>
     <span class='ocr_line' id='line_1_47' title="bbox 297 5613 1632 5686; baseline 0.001 -15"><span class='ocrx_word' id='word_1_465' title='bbox 297 5614 340 5684; x_wconf 80' lang='lat' dir='ltr'><strong>sic</strong></span> <span class='ocrx_word' id='word_1_466' title='bbox 361 5615 447 5672; x_wconf 91' lang='lat' dir='ltr'><strong>simul</strong></span> <span class='ocrx_word' id='word_1_467' title='bbox 470 5614 645 5686; x_wconf 88' lang='lat' dir='ltr'><strong>incedentes,</strong></span> <span class='ocrx_word' id='word_1_468' title='bbox 668 5621 701 5672; x_wconf 93' lang='lat' dir='ltr'><strong>ut</strong></span> <span class='ocrx_word' id='word_1_469' title='bbox 723 5614 943 5672; x_wconf 89' lang='lat' dir='ltr'><strong>concordantias</strong></span> <span class='ocrx_word' id='word_1_470' title='bbox 965 5620 1015 5676; x_wconf 87' lang='lat' dir='ltr'><strong>aut</strong></span> <span class='ocrx_word' id='word_1_471' title='bbox 1036 5628 1130 5671; x_wconf 90' lang='lat' dir='ltr'><strong>meras</strong></span> <span class='ocrx_word' id='word_1_472' title='bbox 1152 5620 1203 5671; x_wconf 90' lang='lat' dir='ltr'><strong>aut</strong></span> <span class='ocrx_word' id='word_1_473' title='bbox 1226 5613 1398 5671; x_wconf 82' lang='lat' dir='ltr'><strong>brevissimo</strong></span> <span class='ocrx_word' id='word_1_474' title='bbox 1428 5617 1632 5672; x_wconf 80' lang='lat' dir='ltr'><strong>concinnarunt</strong></span> 
     </span>
     <span class='ocr_line' id='line_1_48' title="bbox 297 5696 1633 5777; baseline 0.001 -18"><span class='ocrx_word' id='word_1_475' title='bbox 297 5696 543 5763; x_wconf 84' lang='lat' dir='ltr'><strong>dissonantiamm</strong></span> <span class='ocrx_word' id='word_1_476' title='bbox 564 5703 747 5777; x_wconf 80' lang='lat' dir='ltr'><strong>interpuncta</strong></span> <span class='ocrx_word' id='word_1_477' title='bbox 768 5701 954 5760; x_wconf 78' lang='lat' dir='ltr'><strong>fermentatas</strong></span> <span class='ocrx_word' id='word_1_478' title='bbox 975 5699 1091 5773; x_wconf 71' lang='lat' dir='ltr'><strong>imunt,</strong></span> <span class='ocrx_word' id='word_1_479' title='bbox 1114 5715 1172 5759; x_wconf 88' lang='lat' dir='ltr'><strong>non</strong></span> <span class='ocrx_word' id='word_1_480' title='bbox 1193 5716 1245 5758; x_wconf 89' lang='lat' dir='ltr'><strong>eas</strong></span> <span class='ocrx_word' id='word_1_481' title='bbox 1259 5707 1355 5760; x_wconf 63' lang='lat' dir='ltr'><strong>nmen</strong></span> <span class='ocrx_word' id='word_1_482' title='bbox 1372 5708 1512 5775; x_wconf 90' lang='lat' dir='ltr'><strong>perpetuo</strong></span> <span class='ocrx_word' id='word_1_483' title='bbox 1533 5710 1633 5763; x_wconf 89' lang='lat' dir='ltr'><strong>tenore</strong></span> 
     </span>
    </p>
   </div>
   <div class='ocr_carea' id='block_1_8' title="bbox 0 0 1846 7254">
    <p class='ocr_par' dir='ltr' id='par_1_9' title="bbox 0 0 1846 7254">
     <span class='ocr_line' id='line_1_49' title="bbox 0 0 1846 7254; baseline 0 0"><span class='ocrx_word' id='word_1_484' title='bbox 0 0 1846 7254; x_wconf 95' lang='lat' dir='ltr'><strong> </strong></span> 
     </span>
    </p>
   </div>
  </div>
 </body>
</html>
