3684 7259
319 1215 383 1279 368
833 1206 983 1267 Ptolemaei
999 1207 1155 1267 Harmonia

317 1389 345 1445 iu
363 1388 533 1458 aequinoctio
550 1387 632 1454 faeta,
651 1386 810 1456 aequaverit
826 1383 998 1477 longitudine
1020 1385 1073 1441 lroo
1090 1385 1263 1444 niumm
1280 1388 1435 1459 systematis
1453 1395 1541 1443 toturn
1559 1404 1576 1442 a
1593 1402 1669 1459 pres

317 1467 521 1524 lambanomeno
540 1466 575 1521 ad
592 1474 686 1533 neten,
712 1469 802 1521 antei
820 1466 956 1534 chartam,
981 1467 1009 1519 ιι
1037 1480 1091 1533 (ιιι
1114 1464 1208 1535 pintae
1229 1469 1271 1523 aie
1289 1476 1353 1524 sunt
1376 1469 1494 1525 chordae
1517 1467 1670 1550 quiana*

301 1553 425 1612 me
442 1544 604 1616 parallelae,
627 1555 823 1639 contorqueas,
848 1546 888 1600 sic
905 1555 937 1600 ut
954 1546 982 1599 in
1001 1561 1030 1600 se
1054 1533 1148 1601 miituo
1165 1553 1314 1616 eongurant
1337 1550 1627 1620 proslambanomenon
1641 1553 1671 1604 ιι

317 1625 403 1696 mese,
422 1634 487 1681 tuuc
506 1633 536 1681 ut
554 1626 632 1681 Aries
650 1626 757 1695 Librae,
777 1628 816 1681 sic
834 1625 903 1679 duae
921 1624 991 1680 istae
1007 1626 1173 1685 extremte
1164 1628 1217 1697 apsi
1235 1644 1308 1682 mese
1326 1638 1512 1698 opponentur;
1536 1627 1669 1684 subintel·

316 1703 385 1773 {ge
405 1714 433 1761 et
442 1704 604 1797 apparebit,
623 1705 696 1773 quod
714 1713 777 1759 ante
795 1705 905 1773 dictum,
925 1704 1060 1780 quomodo
1079 1706 1185 1774 species
1202 1706 1334 1776 diapason
1358 1708 1478 1777 nudique
1498 1709 1557 1761 sine
1576 1706 1669 1763 discri-

318 1784 372 1838 mlu
551 1790 579 1838 et
595 1782 683 1838 finis'
675 1800 703 1837 ιι
721 1784 773 1838 boc
791 1783 892 1838 circulo
911 1783 1085 1875 systematico
1104 1784 1239 1854 designari
1256 1787 1371 1855 possint.

494 1860 569 1915 XIII.
605 1861 708 1917 Probat
729 1863 811 1917 tertio
833 1861 1061 1931 comparationem
1085 1862 1157 1918 hano
1184 1867 1339 1933 systematis
1363 1882 1423 1920 curn
1451 1865 1576 1935 zodiaco,
1607 1867 1669 1934 quis

317 1941 406 1997 ralde'
408 1942 560 2011 ¹probabilis
578 1942 614 1995 sit
630 1941 703 1997 illa
695 1956 755 2010 rpsa
773 1942 952 2010 oppositionis
971 1941 1049 2009 ratio,
1068 1957 1138 2009 qnae
1157 1946 1289 2014 sequitur,
1308 1946 1330 1999 si
1349 1945 1514 2015 diagramma
1534 1953 1669 2016 systema·

318 2024 354 2077 tis
372 2022 444 2077 dicto
466 2019 546 2073 modo
565 2019 671 2086 redigas
689 2021 717 2073 in
736 2019 875 2074 ιιιιιιιιι
911 2021 995 2075 Vides
1013 2028 1117 2090 antem,
1140 2023 1325 2080 Ptolemaeum
1349 2042 1403 2079 uon
1420 2024 1543 2094 profiteri
1560 2026 1669 2080 demon-

319 2101 475 2169 strationes,
503 2098 552 2152 sed
570 2098 667 2154 saltem
685 2099 900 2168 probabilitates.
937 2100 1006 2167 Etsi,
1032 2101 1176 2168 quaejam
1194 2102 1314 2171 attingit,
1341 2102 1580 2157 demonstrationis
1599 2104 1673 2171 leges

318 2179 397 2234 facile
414 2179 562 2250 patiuntur
598 2178 742 2249 Oppositio
760 2179 926 2234 diametralis
945 2187 987 2234 est
1005 2182 1136 2235 terminus
1155 2181 1341 2282 astrologicae,
1362 2181 1433 2236 idem
1451 2179 1524 2251 quod
1543 2189 1669 2251 aspectus

319 2258 470 2328 oppositus

404 2339 477 2393 Nota
493 2337 564 2392 xlv.
599 2336 706 2408 Potest,
729 2338 830 2409 inquit,
854 2338 928 2393 cirea
953 2347 1093 2407 aspectum
1116 2340 1271 2409 oppositum
1296 2338 1400 2408 concipi
1419 2340 1560 2407 proportio
1586 2338 1669 2409 dupla

318 2418 388 2473 inter
404 2424 491 2471 totum
510 2413 647 2472 cnutum
661 2420 692 2472 et
706 2416 840 2472 mutis
859 2416 1104 2481 semicirculorum,
1125 2435 1194 2486 quos
1214 2418 1386 2486 distinguunt
1409 2419 1479 2473 inter
1497 2432 1527 2472 se
1545 2418 1671 2487 planetae

319 2497 451 2568 oppositi;
477 2493 619 2551 mbnme:
646 2493 719 2551 slent
740 2492 1028 2562 proslambanomenos
1053 2512 1141 2551 meses
1166 2498 1193 2551 in
1218 2497 1272 2552 boc
1295 2496 1468 2564 systematieo
1487 2496 1590 2553 circulo
1617 2492 1670 2553 sibi

320 2578 475 2650 oppositae,
498 2577 656 2642 mesum
674 2579 753 2629 netes
771 2573 857 2644 dupla
874 2583 917 2630 est
935 2575 962 2629 iu
982 2576 1105 2630 tensione
1129 2592 1179 2644 per
1198 2590 1290 2629 omues
1309 2575 1429 2643 aequali,
1453 2583 1481 2629 et
1499 2580 1670 2651 generaliter,

319 2655 389 2713 sient
406 2653 534 2724 elim
550 2652 624 2710 inter
639 2669 709 2723 qaas
728 2660 771 2708 est
789 2654 930 2725 diapason,
949 2671 1034 2724 aeque
1047 2663 1143 2710 tensae
1161 2663 1226 2711 sunt
1238 2656 1310 2708 iuter
1322 2670 1352 2708 se
1364 2657 1547 2723 proportionis
1560 2660 1669 2729 duplae.

405 2736 480 2794 licta
494 2731 554 2794 XV.
590 2734 659 2789 Prae
677 2732 774 2789 esteris
793 2733 1051 2803 configurationibus
1069 2735 1214 2804 plurimum
1233 2740 1275 2788 est
1289 2735 1487 2801 aequalitatis
1479 2753 1505 2790 ιι
1519 2741 1669 2809 configura·

317 2817 392 2871 tiene
409 2811 581 2896 my
592 2813 739 2877 subeam
730 2810 829 2866 ·steut
847 2815 929 2867 etiam
947 2814 1018 2868 inter
1036 2826 1118 2869 sonos
1136 2812 1413 2883 proslambanomeni,
1438 2831 1526 2876 meses
1546 2827 1574 2872 et
1592 2830 1668 2877 netes

249 2939 252 2946 .
319 2894 452 2968 quaedam
469 2879 545 2951 edat
561 2855 715 2964 ιιιιιιιιιι
736 2897 779 2948 est
797 2906 846 2945 seu
864 2891 1007 2960 identitas,
1033 2907 1096 2946 nam
1115 2893 1291 2947 intermediae
1313 2890 1432 2947 chordae
1450 2893 1613 2954 altrinsecus
1632 2900 1669 2954 di·

214 2981 217 2994 ‘
318 2971 457 3031 verslsone
480 2980 632 3030 consmt
657 2978 706 3027 aut
727 2969 808 3040 plane
833 2969 983 3024 dissonant.
1019 2969 1178 3037 aequalitas
1201 2980 1329 3040 aspectus
1348 2972 1466 3040 oppositi
1483 2974 1553 3029 haec
1570 2986 1614 3033 est
1637 2995 1669 3034 ex

318 3054 388 3110 libro
407 3070 466 3109 meo
485 3052 533 3107 Ill
556 3052 602 3108 fol.
622 3054 657 3106 17
674 3052 761 3120 (139),
786 3051 851 3118 quia
872 3066 922 3118 per
947 3049 1107 3104 diametrum
1136 3058 1210 3104 totus
1238 3051 1355 3105 cuculus
1379 3051 1539 3107 dividitur
1531 3070 1560 3110 ιι
1577 3065 1668 3125 partes

317 3131 678 3269 ἑιέιιιιωιιιῃιειὲῒιῗῃῖειέιέἑιιε,
695 3138 787 3186 ιειειι
803 3123 929 3198 tigu'ralia
946 3129 1032 3185 latera
1051 3128 1200 3186 dividunt'
1192 3147 1220 3184 ιι
1232 3130 1394 3200 inaequalia,
1412 3137 1442 3186 ut
1459 3131 1533 3187 latus
1545 3138 1670 3203 quadrati
1699 3199 1702 3211 ¹

404 3293 476 3348 Nota
494 3290 565 3346 xvi.
602 3288 717 3357 Quando
735 3289 853 3343 circulus
871 3304 920 3357 per
938 3287 1040 3357 figuras
1062 3287 1217 3343 (ιιιιιιιιι
1207 3306 1237 3345 ιι
1254 3295 1360 3362 pstea,
1384 3300 1560 3363 quotcunque
1578 3302 1670 3365 partes

316 3371 443 3441 aequales
461 3370 530 3424 fiunt
547 3383 581 3421 err
599 3367 709 3435 circulo,
727 3367 841 3423 totidem
858 3367 941 3421 rectis
955 3367 1093 3421 subtensis
1106 3353 1416 3440 peragiturlnntbiptit‘,
1436 3378 1464 3426 et
1479 3388 1539 3426 cum
1554 3375 1669 3430 circulus

316 3451 343 3505 in
362 3449 430 3503 duas
449 3447 578 3517 aequales
602 3455 695 3516 partes
714 3455 756 3501 est
774 3445 950 3512 dividendus,
974 3444 1018 3499 hic
1041 3462 1094 3499 nou
1121 3446 1202 3500 etiam
1222 3445 1335 3504 duma
1343 3445 1442 3515 ιεἐιιι,
1465 3452 1516 3508 ιιι
1539 3470 1594 3508 ιιι
1612 3456 1670 3510 sola

229 3571 231 3575 .
316 3545 367 3598 per
386 3536 507 3584 centrum
526 3526 608 3582 ducta
626 3543 697 3596 opus
716 3536 765 3596 est,
785 3542 855 3595 quae
873 3526 989 3594 repetita
1007 3525 1034 3579 iu
1053 3526 1182 3594 seipsam
1197 3519 1325 3584 cotaaldb
1341 3524 1427 3597 fitque
1441 3537 1580 3597 potestate
1594 3533 1670 3608 (ιιιε

317 3615 381 3665 aeto
403 3622 465 3661 una.
502 3604 693 3675 Subiutellige
717 3612 745 3659 et
768 3604 826 3664 ιιι
833 3604 914 3658 ειιιιι
933 3619 963 3658 ιε
980 3619 1025 3658 ιιι
1045 3602 1128 3657 habet
1145 3619 1206 3657 curn
1225 3597 1311 3671 sonis,
1337 3603 1469 3674 diapason
1494 3586 1670 3683 facientibas;

258 3749 262 3761 ι
317 3702 378 3740 narn
397 3692 460 3754 post
477 3684 576 3739 multas
595 3683 775 3738 diversisonas
794 3683 996 3751 consonantias,
1016 3698 1086 3774 quae
1105 3683 1215 3738 suntab
1229 3683 1352 3753 unisono,
1372 3685 1481 3740 tandem
1494 3689 1671 3743 consonantia

318 3765 448 3833 diapason
466 3762 498 3816 fit
515 3761 633 3817 identica
651 3761 862 3830 (ιιοιιιιιιοιο,
882 3777 967 3816 sonus
990 3761 1060 3814 enim
1083 3766 1179 3815 acutus
1205 3777 1266 3814 com
1289 3763 1364 3830 gravi
1387 3764 1415 3817 iu
1433 3764 1504 3820 idern
1523 3766 1621 3821 recidit
1644 3774 1670 3821 et

317 3842 515 3912 quodammodo
533 3842 627 3896 unitur
644 3841 677 3894 ei.

403 3939 477 3996 Nota
495 3938 580 3992 Xllll.
615 3937 675 3991 Hoc
693 3936 758 3991 dicit
776 3952 836 3990 esse
854 3935 968 4003 primam
988 3950 1097 3990 oausam
1122 3953 1170 3991 seu
1188 3937 1349 4007 principium
1368 3941 1541 4009 aequalitatis
1560 3942 1669 4012 figurae.

316 4019 376 4073 Hoc
385 4018 476 4074 multis
488 4017 575 4071 modis
585 4025 678 4086 potest
686 4016 808 4084 intelligi,
827 4016 868 4069 vel
881 4014 1051 4084 generaliter,
1071 4016 1143 4084 qood
1154 4016 1294 4084 ιἰαρμοσις
1311 4018 1363 4071 ista
1373 4025 1506 4072 rectarum
1516 4017 1669 4088 planorum·

317 4112 370 4165 que
389 4104 420 4152 ut
437 4106 465 4151 et
482 4095 642 4167 angulorum
666 4096 702 4150 sit
718 4094 880 4164 principium
899 4094 1104 4150 demonstrandi
1127 4096 1317 4164 aequalitatem
1341 4097 1518 4166 figuratarum
1537 4099 1670 4167 quantita·

316 4185 374 4231 tum
392 4176 537 4246 planarum
555 4174 711 4244 praecipue,
730 4172 773 4229 vel
791 4174 818 4226 in
838 4171 928 4242 specie
947 4173 980 4227 de
999 4174 1090 4240 lineis,
1114 4175 1187 4244 quod
1205 4192 1238 4229 ex
1258 4183 1351 4230 centro
1374 4176 1409 4230 ad
1427 4176 1669 4232 circumferentiam

231 4267 241 4292 ··
317 4262 345 4309 et
370 4255 410 4309 sic
433 4254 514 4310 etiam
537 4255 572 4309 ad
595 4253 722 4324 opposita
740 4260 842 4321 puncta
860 4268 1038 4321 quaecunque
1063 4255 1296 4311 circumferentiae
1324 4265 1414 4311 rectae
1440 4273 1533 4311 omnes
1552 4258 1624 4312 iuter
1641 4273 1669 4312 se

316 4334 371 4387 sint
389 4333 527 4402 aequales,
545 4339 576 4388 ut
593 4332 698 4400 figurae
716 4347 810 4386 vocem
830 4333 910 4385 etiam
930 4330 963 4384 de
982 4330 1053 4387 linea
1072 4336 1194 4404 accipiat.
1231 4336 1280 4389 l'el
1294 4336 1341 4402 sic,
1361 4335 1432 4404 quod
1448 4329 1516 4390 hae'c
1535 4338 1571 4392 sit
1589 4352 1670 4392 causa

317 4420 345 4465 et
362 4411 524 4481 principium
542 4410 718 4479 aequalitatis
737 4410 797 4478 ejus
815 4409 928 4479 figurae,
948 4427 1018 4478 quae
1036 4414 1153 4469 circulus
1166 4413 1278 4480 dicitur,
1298 4414 1460 4483 principium
1474 4415 1591 4484 quidem,
1610 4415 1671 4486 quia

317 4490 435 4546 circulus
453 4491 614 4547 describitur
631 4490 796 4560 aequalitate
814 4489 897 4559 hujus
915 4490 1009 4545 lineae.
1045 4492 1095 4545 Vel
1114 4495 1161 4555 sic,
1186 4491 1258 4559 quod
1277 4492 1426 4561 aequalitas
1444 4492 1577 4552 linearum
1597 4495 1669 4563 (qua-

317 4569 350 4623 ιιι
374 4578 513 4638 spcctatur
535 4572 616 4626 etiam
637 4570 709 4625 inter
732 4570 893 4624 diametrum
919 4580 947 4624 et
970 4586 1000 4623 se
1024 4572 1111 4662 ipsam
1130 4572 1282 4639 repetitam)
1306 4571 1342 4624 sit
1367 4571 1561 4640 principiorum
1580 4590 1669 4663 renum,

318 4650 417 4718 quibus
435 4650 639 4705 constituuntur
657 4648 785 4717 aequales
804 4650 914 4716 figurae.
952 4651 1004 4705 Vel
1022 4650 1069 4717 ιιι,
1089 4647 1160 4716 (ιιιοι
1179 4648 1215 4716 ιι,
1234 4647 1306 4716 quod
1326 4648 1457 4704 diameter
1474 4667 1582 4721 semper
1599 4653 1670 4719 ejus·

318 4729 379 4784 dem
397 4736 439 4783 est
457 4728 646 4798 longitudinis,
675 4730 710 4783 ιιι
727 4729 889 4798 principium
913 4728 1115 4784 demonstrandi
1133 4728 1253 4793 'figuram
1275 4728 1441 4796 regularem,
1466 4747 1536 4799 quae
1563 4730 1670 4786 demon·

318 4809 413 4864 stratio
432 4807 582 4863 consistit
574 4825 601 4864 ru
620 4807 787 4876 aequalitate
805 4806 894 4862 lineae
912 4808 955 4861 vel
974 4808 1032 4875 ejus
1050 4807 1189 4876 potentiae
1215 4813 1242 4859 ct
1260 4806 1384 4860 similium
1409 4825 1470 4862 cum
1487 4809 1571 4862 certis
1589 4810 1669 4877 parti·

317 4886 369 4941 bus
389 4886 526 4948 diametri.
565 4885 618 4941 Vel
641 4886 759 4954 denique
785 4885 942 4941 referuntur
969 4887 1037 4942 haec
1067 4885 1148 4941 verba
1175 4887 1209 4940 ad
1238 4886 1393 4955 sequentia,
1424 4904 1461 4942 sc.
1488 4889 1561 4955 quod
1583 4887 1669 4945 lineae

216 4961 219 4967 ’
317 4973 424 5021 ceterae
441 4979 491 5034 per
508 4965 619 5035 planum
638 4963 731 5019 circuli
749 4964 891 5019 traductae
910 4965 1003 5020 circuli
1021 4964 1130 5033 quidem
1149 4965 1391 5019 circumferentiam
1416 4965 1443 5020 in
1461 4975 1554 5036 partes
1574 4982 1669 5036 aequa·

315 5044 356 5099 les
375 5044 541 5112 distinguere
559 5044 679 5113 possint,
698 5052 726 5098 at
744 5061 799 5099 non
817 5043 896 5099 simul
915 5052 943 5098 et
961 5045 1073 5113 planum
1092 5044 1197 5113 cuculi,
1222 5045 1289 5099 baec
1309 5044 1441 5099 diameter
1458 5045 1569 5120 verost
1586 5049 1669 5101 eircu-

316 5123 421 5188 hrmet
437 5122 548 5193 pianum
566 5122 689 5177 similiter
707 5125 734 5177 in
753 5123 889 5192 aequalia,
913 5131 945 5177 ut
963 5125 1001 5178 ita
1019 5121 1137 5177 circulus
1162 5123 1206 5177 hic
1221 5124 1278 5191 jam
1297 5138 1380 5177 causa
1406 5124 1448 5177 sni
1466 5116 1548 5193 plane
1567 5124 1670 5180 dicatur

317 5199 412 5273 lim
432 5210 459 5257 et
477 5201 580 5271 figurae
599 5202 750 5270 aequalitas
768 5203 804 5256 sit
822 5202 890 5257 baec
908 5202 968 5269 ejus
987 5202 1101 5257 bisectio
1120 5202 1147 5255 in
1165 5201 1219 5255 duo
1236 5201 1318 5269 plana
1336 5202 1554 5259 semicircularia.

326 5350 329 5355 Ι
403 5281 476 5338 Nota
494 5280 594 5336 XVIII.
631 5281 734 5349 Quarta
752 5295 835 5335 causa
853 5280 1062 5350 comparationis
1082 5285 1125 5333 est
1136 5280 1218 5344 baec:
1237 5281 1265 5333 in
1278 5279 1381 5333 musica
1392 5283 1597 5336 consonantiam
1617 5282 1668 5337 dia·

316 5376 417 5432 paeon.
435 5361 523 5431 qualis
542 5366 585 5415 est
601 5360 673 5415 inter
690 5374 782 5413 mesen
801 5364 830 5415 et
848 5367 998 5428 extremas,
1018 5360 1045 5413 in
1064 5358 1212 5426 astrologia
1229 5374 1292 5412 vero
1311 5357 1552 5426 configurationem
1571 5361 1668 5415 diame-

316 5441 427 5508 tralem,
454 5439 541 5508 qualis
565 5446 608 5495 est
630 5439 823 5506 interpuncta
846 5439 1068 5507 aequinoctialia,
1092 5454 1142 5507 pro
1167 5438 1323 5492 fortissimis
1342 5439 1460 5506 agnosci.
1496 5437 1668 5494 Ptolemaeus

316 5518 388 5573 hanc
404 5535 459 5573 uon
475 5526 507 5573 ut
525 5534 634 5573 causam
652 5518 780 5587 proponit
797 5517 1016 5588 comparationis,
1036 5516 1084 5572 sed
1102 5517 1154 5570 hoc
1166 5517 1255 5584 ipsum
1273 5532 1323 5570 ceu
1335 5517 1533 5579 consectarium
1547 5534 1581 5573 ex
1593 5532 1668 5589 prae·

316 5599 407 5654 missis
425 5597 603 5668 geometricis,
622 5598 707 5653 veluti
725 5597 815 5651 causis
834 5595 1024 5666 archetypicis,
1043 5595 1161 5650 deducit.
1198 5596 1275 5649 Haec
1287 5596 1370 5665 igitur
1388 5605 1430 5650 est
1441 5596 1560 5662 genuina
1578 5603 1668 5650 textus

317 5674 476 5732 Ptolemaici
492 5679 636 5748 sententia,
653 5678 681 5732 in
700 5692 763 5745 qua,
781 5684 911 5744 quantam
931 5677 1023 5731 lavore
1041 5683 1168 5731 conatum
1185 5674 1334 5731 Ptolemaei
1352 5676 1492 5744 ingerere
1509 5690 1666 5746 prosequor,
