3684 7259
855 1220 999 1294 Apologia
1262 1295 1265 1300 .
1536 1214 1598 1284 459

251 1400 286 1453 ut
306 1413 396 1471 supra
418 1395 456 1455 ad
478 1396 565 1456 linem
588 1398 712 1475 analys.·
727 1398 784 1459 XI.
807 1399 909 1460 sedelo
935 1403 1010 1460 cavi.
1056 1398 1229 1460 decidentia
1249 1414 1320 1456 vero
1347 1412 1401 1474 pro
1423 1393 1598 1466 substantia,

252 1492 362 1542 metum
393 1503 445 1559 pre
476 1495 580 1544 natura
612 1485 686 1545 lucis
715 1490 850 1563 nuspiam
880 1490 1009 1565 accipio,
1046 1487 1098 1547 sed
1129 1504 1195 1547 cum
1229 1484 1346 1544 diversa
1375 1486 1435 1541 sint
1465 1483 1600 1556 regiones

252 1570 437 1646 planetarum
467 1580 496 1631 et
528 1581 624 1631 metus
654 1592 705 1649 per
734 1592 801 1647 eas,
834 1578 949 1651 utrique
979 1577 1021 1634 rei
1051 1592 1136 1636 suum
1164 1589 1228 1634 esse
1252 1579 1386 1632 ornatum
1415 1570 1600 1645 saepientiae

252 1662 390 1720 creatrice
413 1663 565 1739 inventum
589 1661 695 1721 doceo:
725 1663 894 1738 regiqnibus
917 1662 1035 1740 quidem
1069 1671 1102 1721 ut
1130 1662 1225 1737 spatio
1256 1676 1377 1736 cerpora
1400 1658 1529 1734 quinque
1551 1672 1600 1714 re-

252 1747 381 1821 gularia,
412 1751 501 1824 spatii
523 1751 692 1826 participia,
720 1751 849 1809 motibus
874 1767 944 1810 vero
967 1752 1170 1828 proportiones
1192 1748 1384 1808 harmonicas.
1429 1744 1496 1802 'libi
1520 1759 1599 1815 rere,

252 1831 394 1901 Roberte‚
424 1835 494 1911 qnid
518 1839 666 1915 imputem,
690 1838 779 1896 aedi:
809 1836 896 1897 rideo
925 1842 1002 1898 enim
1024 1846 1053 1898 te
1082 1836 1112 1896 id
1134 1852 1192 1895 nen
1220 1842 1298 1893 recte
1328 1835 1493 1912 percepisse
1515 1830 1600 1889 flam-

252 1934 363 1979 matum
387 1924 439 1995 ira,
465 1923 545 2000 qued
568 1926 678 2002 scripsi,
704 1934 732 1984 te
754 1927 872 2001 privata
893 1928 1008 2002 pictura
1030 1923 1171 1984 mundum
1194 1925 1291 1984 animo
1307 1931 1358 1981 tue
1378 1922 1600 1995 circumgestare

252 2009 363 2083 tibique
388 2017 469 2068 tuum
493 2010 575 2069 illum
605 2021 779 2088 conceptum
808 2013 909 2071 mnndi
938 2013 1106 2088 subjectum
1135 2028 1200 2071 csse
1232 2011 1422 2070 bannonices.
1467 2004 1514 2066 'l'u
1536 2006 1596 2066 sci·

253 2095 323 2153 licet
352 2097 491 2156 mundum
521 2101 549 2155 in
581 2109 640 2159 tres
656 2103 803 2175 regiones
830 2100 953 2171 dividis,
986 2100 1042 2159 hec
1070 2099 1188 2175 quidem
1218 2100 1365 2175 privatum
1394 2092 1524 2153 nendum
1546 2099 1600 2170 est,

253 2182 330 2241 idem
355 2187 433 2243 enim
456 2186 557 2244 etalii
582 2185 712 2247 iecerunt
733 2197 802 2247 ante
825 2197 872 2261 tc3
897 2188 960 2263 jam
984 2205 1053 2247 rere
1080 2185 1213 2262 singulas
1243 2187 1378 2261 regiones
1407 2184 1435 2239 in
1465 2180 1525 2240 alia
1547 2182 1601 2239 trin

252 2269 435 2346 subdividis,
465 2274 598 2347 singulos
621 2273 804 2351 planetarum
834 2276 936 2348 orbes,
965 2274 1082 2351 singula
1113 2271 1274 2346 elementa,
1303 2281 1371 2331 tunc
1401 2268 1489 2328 ducta
1510 2269 1600 2326 serni-

253 2356 407 2428 diametro,
430 2361 590 2435 particulas
613 2363 677 2437 ejus
694 2361 831 2439 applicas
855 2373 982 2438 quantas
1005 2362 1086 2423 lubet
1100 2363 1232 2437 facisque
1247 2357 1485 2427 monochordum,
1510 2358 1600 2414 restis

255 2445 329 2502 illud
354 2446 464 2522 duplici
493 2448 645 2525 pyramide
664 2449 786 2527 jamque
810 2468 845 2509 ex
868 2450 924 2516 hac
946 2452 1068 2525 pictura,
1092 2466 1180 2525 qnam
1195 2455 1311 2525 praeter
1325 2456 1353 2507 te
1378 2446 1490 2503 invenit
1504 2460 1600 2516 nemo,

253 2532 425 2592 harmonias
449 2534 539 2596 elicis.
584 2537 682 2595 Nolim
706 2537 762 2601 boc
784 2538 929 2611 crederes,
953 2540 1049 2614 ipsam
1070 2554 1122 2614 per
1144 2554 1176 2596 se
1204 2540 1346 2613 picturam
1375 2532 1451 2592 hanc
1477 2531 1547 2590 milri
1572 2533 1599 2588 in

251 2622 348 2678 anime
372 2639 436 2679 esse
466 2624 501 2681 dc
531 2624 664 2700 sanecto
696 2624 765 2685 tuae
788 2625 972 2684 barmoaiecs
996 2625 1153 2701 cogitanti,
1184 2626 1246 2684 scio
1275 2625 1315 2681 rei
1341 2618 1455 2697 aliquid
1477 2620 1599 2678 subesse

252 2710 281 2763 in
315 2717 367 2766 tuo
399 2718 558 2786 conceptu,
592 2720 622 2770 et
652 2712 724 2770 illud
749 2713 812 2787 Jam
836 2712 946 2772 dudem
977 2711 1053 2771 ultro
1082 2711 1178 2771 lassus
1206 2728 1252 2786 es,
1286 2703 1512 2769 te'harmonias
1534 2715 1601 2765 tues

250 2798 369 2852 nonnisi
392 2796 539 2857 mediante
569 2798 624 2857 hac
647 2800 699 2857 tria
721 2802 837 2875 privata
868 2799 969 2857 mnndi
991 2802 1105 2876 pictura
1134 2795 1267 2875 partibus
1295 2796 1394 2857 mnudi
1424 2795 1600 2872 applicasse.
1646 2820 1650 2825 ·

251 2882 321 2958 lpsa
351 2883 404 2941 tibi
426 2883 477 2942 lux
500 2888 652 2946 materiam
681 2885 851 2964 suppeditat
877 2890 954 2960 scio,
988 2894 1019 2948 at
1049 2884 1215 2963 pyramides
1237 2893 1307 2945 tuac
1340 2884 1411 2954 dant
1439 2880 1543 2941 modes
1571 2889 1600 2939 et

251 2969 400 3045 quandam
424 2972 516 3031 veluti
539 2969 719 3047 mensura'm,
749 2976 812 3036 sine
836 2976 943 3050 quibus
971 2973 1067 3034 modis
1094 2990 1290 3048 mensuraque
1319 2970 1400 3032 nulla
1422 2972 1544 3032 materia
1572 2971 1600 3026 in

251 3057 342 3117 ullam
365 3055 720 3136 harmoniam-congruit,
743 3062 800 3120 nisi
822 3062 952 3130 tuteris
975 3062 1108 3138 abjures,
1132 3066 1175 3134 ιο,
1206 3078 1273 3120 curn
1296 3058 1479 3149 diatessaron
1503 3054 1601 3135 appli—
1691 3084 1698 3098 ·

251 3161 334 3204 cares
359 3147 533 3219 mundanis,
564 3147 600 3207 de
623 3147 705 3207 nulla
728 3147 816 3224 plane
838 3145 976 3210 mensura
1004 3165 1164 3208 numerose
1195 3151 1351 3223 cogitasse.
1395 3143 1466 3204 Jam
1488 3149 1551 3206 tute
1573 3154 1602 3204 ts

249 3231 404 3307 recollige,
429 3233 572 3309 Recens,
597 3244 751 3311 tecumque
775 3235 923 3315 expende,
953 3233 1102 3312 quodnam
1124 3235 1262 3313 probmm
1290 3238 1319 3292 in
1342 3242 1371 3294 te
1394 3232 1559 3308 conjectum
1583 3250 1602 3294 a
1720 3274 1726 3285 ·

250 3338 297 3379 me
321 3322 372 3389 sit,
403 3319 471 3380 dnm
494 3322 548 3380 tibi
571 3340 627 3398 ego
648 3327 789 3398 picturas
815 3323 1069 3396 macredinem,
1097 3321 1154 3384 hoc
1176 3330 1221 3383 est
1236 3326 1381 3399 pmoctas
1402 3321 1611 3384 inventionem-

250 3424 330 3467 mere
354 3410 457 3467 merite
481 3418 532 3468 tue
555 3411 721 3485 assignari.

340 3494 393 3551 Ad
417 3496 598 3575 Analysin
621 3471 743 3558 ΧΧἮ.
788 3498 966 3576 Ecquisnam
989 3497 1037 3557 bic
1059 3496 1178 3574 Kepleri
1202 3495 1382 3573 triumphus,
1410 3497 1461 3572 qui
1483 3494 1602 3573 paean?

251 3580 401 3657 quodnam
431 3584 560 3644 leodem
590 3583 731 3645 mserem
754 3586 1010 3647 monumentum?
1042 3584 1112 3660 quid
1142 3587 1268 3660 ingenue
1297 3583 1404 3655 istser,
1435 3584 1483 3642 oet
1512 3586 1603 3643 toties

249 3672 348 3745 operis
377 3674 437 3728 mei
463 3675 606 3732 seutiam
636 3692 655 3730 α
677 3676 825 3749 mysteriis
847 3678 908 3734 teis
936 3674 1106 3748 lonpissimc
1132 3672 1232 3732 actos
1253 3671 1371 3732 mesas?
1415 3670 1491 3732 Nam
1523 3669 1602 3746 quod

249 3757 558 3818 danendrctienibns
579 3759 799 3822 mothmcticia
821 3764 1082 3820 emeratissimem
1106 3759 1314 3820 certitudinem
1344 3775 1464 3833 arrogo,
1492 3758 1522 3817 id
1545 3774 1602 3815 non

251 3843 289 3904 ad
313 3862 360 3902 me
383 3848 535 3920 privatim,
559 3845 611 3905 sed
633 3845 787 3924 adipeam
809 3850 960 3908 seientiam
983 3849 1117 3925 pertinet.
1162 3845 1218 3921 Qui
1243 3864 1313 3907 vero
1341 3846 1490 3906 dedecoris
1513 3845 1603 3921 abys-

250 3948 301 3989 sus
325 3932 510 4006 quomodove
534 3936 563 3991 in
589 3952 655 3992 eum
679 3935 801 4012 {omem
823 3944 911 3994 tuom
932 3935 1076 4009 detrudo,
1107 3932 1187 4011 quod
1217 3933 1331 3996 tradere
1354 3943 1383 3994 ts
1415 3932 1480 3992 dico
1503 3932 1603 4010 pbilo-

250 4018 387 4093 sophiam
421 4020 694 4097 profundissimam,
726 4014 796 4098 quid
827 4025 967 4101 mysteria
997 4023 1025 4079 iu
1055 4022 1106 4079 illa
1135 4020 1265 4082 conserta
1296 4017 1484 4100 celebrasti)
1527 4019 1602 4080 Nam

253 4106 334 4182 quod
357 4107 578 4183 perplexissima
602 4108 654 4167 illa
676 4112 815 4186 mysteria
838 4110 910 4181 dixi,
936 4108 963 4167 id
987 4111 1086 4169 nescio
1110 4111 1159 4186 qui
1183 4117 1215 4166 tu
1239 4108 1309 4167 milri
1324 4109 1492 4185 exprobres,
1516 4124 1602 4182 quem

250 4211 287 4252 ne
312 4192 440 4269 dignaris
464 4196 583 4270 quidem
607 4196 720 4255 crudire
751 4199 866 4273 scriptis
890 4199 962 4271 tuis3
992 4197 1095 4255 scribis
1118 4198 1196 4255 enim
1227 4196 1297 4271 tiliis
1317 4199 1505 4271 sapienties,
1537 4212 1602 4254 eum

254 4298 301 4339 me
324 4280 416 4340 filium
440 4279 623 4361 ignorantiae
645 4301 816 4359 persuasum
840 4285 959 4343 babeas.
1005 4282 1078 4341 Milri
1102 4284 1202 4358 itaque
1231 4285 1346 4358 meique
1368 4283 1512 4343 similibus
1536 4300 1602 4359 my·

250 4370 344 4427 steria
368 4379 419 4427 tna
441 4370 581 4446 perplexa
604 4380 681 4437 suut,
704 4370 733 4427 id
756 4380 802 4431 est
832 4372 971 4448 mysteria
994 4371 1082 4446 culpa
1103 4380 1156 4429 tua
1179 4378 1362 4446 tuorumque,
1391 4388 1466 4445 quos
1488 4369 1602 4440 laudas,

251 4474 356 4514 roseos
382 4461 479 4515 mucis
505 4459 658 4534 fratrum,
689 4460 739 4533 qni
765 4458 902 4534 „fugiunt
924 4456 963 4516 ad
988 4457 1112 4531 salicas,
1141 4467 1170 4516 et
1192 4475 1223 4516 se
1239 4459 1362 4533 cupiunt
1384 4466 1452 4518 ante
1475 4456 1600 4516 videri.“

250 4544 317 4617 Age
355 4561 484 4618 namque
518 4548 573 4602 nisi
603 4545 765 4604 doctrinam
795 4546 908 4621 jactent
938 4547 1003 4621 ipso
1037 4543 1201 4621 Evangelio
1237 4544 1357 4606 coelesti
1390 4546 1601 4621 pretiosiorem,

254 4630 402 4708 prodeant
425 4634 454 4689 in
478 4634 627 4690 hominnm
652 4632 853 4708 frequentiam,
876 4632 914 4693 ad
930 4649 1009 4691 mars
1022 4630 1185 4705 Galilaeae,
1209 4634 1238 4688 in
1260 4640 1402 4704 montem,
1426 4631 1464 4692 ad
1487 4632 1602 4704 festum,

250 4718 398 4776 dimittent
431 4718 591 4795 discipulos
620 4736 671 4797 per
693 4718 816 4780 castella
849 4730 879 4781 οι
901 4722 1000 4792 vicos,
1031 4729 1101 4779 tune
1130 4721 1303 4797 loquantur,
1334 4720 1358 4778 si
1388 4722 1431 4780 ita
1453 4718 1539 4791 libet,
1565 4722 1602 4777 in

248 4805 398 4881 parabolis
421 4808 578 4884 perplexis,
603 4807 717 4883 copiam
741 4808 787 4867 sui
811 4810 948 4884 privatim
971 4808 1263 4867 conventuricntibus
1277 4807 1386 4868 iaciant
1408 4815 1436 4868 st
1460 4814 1530 4866 tunc
1544 4808 1601 4866 nisi

247 4901 461 4969 percontemur,
484 4897 540 4954 nisi
565 4895 720 4967 discamus,
745 4894 948 4971 perplexitatis
970 4894 1087 4971 culpam
1110 4911 1164 4954 nos
1180 4896 1399 4956 sustinebimus.
1445 4895 1482 4954 Et
1504 4893 1602 4969 qued·
1675 4919 1679 4926 ·

246 4998 317 5038 uam
340 4981 395 5040 hoc
418 4982 458 5038 sit
481 4983 678 5059 opprobrium,
703 4981 782 5057 qnod
806 4982 881 5056 dieo,
906 4993 959 5042 tua
980 4984 1122 5062 mysteria
1140 4982 1179 5042 ab
1195 4984 1414 5044 accuratissima
1429 4981 1602 5044 certitudine

248 5068 529 5128 demonstrationum
553 5068 824 5129 mathenraticarnm
847 5069 1017 5146 longissime
1039 5072 1206 5141 recessisse,
1230 5081 1296 5130 mem
1318 5077 1350 5130 tu
1374 5073 1437 5147 ipse
1460 5070 1489 5129 id
1505 5071 1601 5128 emni-

248 5157 306 5215 bus
328 5158 463 5231 paginis,
487 5158 622 5216 omnibns
645 5173 738 5234 prope
760 5157 847 5218 lineis
870 5157 947 5219 ultro
968 5157 1112 5216 fatearis?
1156 5155 1331 5234 Pyramides
1353 5160 1466 5234 pingis,
1496 5174 1601 5218 nume-

248 5261 296 5301 ros
320 5252 351 5301 st
374 5261 524 5304 mensuras
547 5243 770 5304 mathematicas
793 5245 944 5322 applices,
976 5262 1030 5305 nac
1052 5261 1103 5304 cas
1126 5246 1173 5304 vis
1202 5261 1257 5303 nes
1281 5248 1387 5307 intueri
1418 5243 1511 5303 oeulis
1534 5263 1602 5304 ma·

246 5331 428 5401 thematicis,
462 5349 515 5392 nec
537 5331 686 5408 applicare
710 5335 819 5410 pateris
841 5335 965 5394 circinos
987 5329 1126 5391 metiendi
1153 5348 1252 5391 caesa.
1299 5332 1523 5394 Mathematicas
1547 5333 1601 5396 de-

245 5419 474 5480 monstrationes
498 5419 572 5479 adeo
595 5418 696 5494 procul
720 5418 828 5491 habas,
862 5430 895 5479 nt
919 5420 1036 5479 disertis
1060 5418 1158 5477 serbis
1189 5436 1240 5477 eas
1262 5429 1432 5480 contemnas
1466 5422 1599 5495 interque

244 5509 315 5565 vani
339 5510 445 5583 capitis
468 5507 572 5567 deliria
594 5506 720 5580 rejicias.
765 5506 811 5567 De
845 5508 994 5584 mysteriis
1025 5503 1144 5568 medem
1174 5523 1221 5565 me
1248 5507 1293 5565 ais
1324 5506 1415 5583 loqoi.
1462 5507 1599 5568 Etiamne

244 5594 303 5654 lroc
326 5612 444 5670 quoque
469 5593 675 5655 vindicandum
699 5594 822 5659 canses?
860 5594 920 5655 Sed
942 5613 961 5657 a
982 5601 1012 5654 te
1034 5591 1112 5654 male
1134 5592 1284 5654 intellecta
1306 5593 1398 5655 dico?
1435 5594 1500 5654 Non
1516 5595 1596 5668 dico;

243 5686 435 5761 potestquis
456 5700 557 5746 secum
578 5685 642 5761 ipse
665 5684 776 5760 optime
799 5682 964 5763 intelligere
987 5689 1134 5744 somatum
1157 5681 1289 5760 aliquod,
1315 5680 1394 5761 qued
1414 5680 1600 5748 ἀοοιοοοιιο-
