3684 7259
294 1213 357 1273 366
475 1243 476 1246 ¹
803 1202 954 1260 Ptolemaei
972 1203 1127 1261 Harmonia.

381 1379 584 1437 Translationes
603 1379 637 1434 de
655 1386 720 1434 tono
743 1380 771 1433 in
788 1387 883 1435 tonum
900 1387 1073 1449 comparatae
1097 1386 1162 1435 sunt
1184 1380 1379 1435 mutationibus
1400 1398 1505 1437 morum
1523 1384 1644 1452 publico·

220 1494 223 1498 -
293 1475 352 1512 rum
377 1465 403 1512 et
425 1458 571 1513 affectuum
596 1475 655 1526 cap.
679 1458 703 1511 7.
739 1459 872 1515 Videntur
898 1468 989 1515 autem
1014 1458 1166 1537 coincidere
1188 1459 1255 1516 iata:
1286 1463 1309 1528 l)
1329 1461 1434 1529 species
1459 1462 1591 1531 diapason
1616 1468 1645 1516 et

235 1603 237 1607 Α
281 1541 320 1609 ’2)
338 1538 395 1593 toni
413 1553 462 1591 seu
480 1537 552 1591 modi
572 1536 675 1592 musici.
712 1538 750 1591 Et
767 1554 833 1593 sane
850 1558 943 1596 verum
962 1547 1016 1608 est,
1040 1546 1175 1608 quatenus
1194 1540 1250 1593 toni
1275 1540 1343 1596 serie
1361 1541 1563 1596 intervallorum
1583 1558 1644 1596 con·

297 1618 437 1673 cinnanum
465 1616 605 1685 differunt,
631 1614 738 1670 omnino
763 1618 828 1671 mihi
851 1618 1019 1685 coincidunt,
1047 1624 1075 1671 at
1099 1625 1232 1685 quatenus
1256 1620 1387 1693 acumine·
1400 1628 1427 1674 et
1446 1622 1591 1689 gravitate,
1616 1631 1646 1677 ut

294 1695 466 1753 Ptolemaeus
484 1694 545 1749 illos
564 1692 713 1763 distinguit,
732 1691 806 1749 aliud
825 1704 888 1752 sunt
907 1696 1012 1766 species
1031 1695 1176 1764 diapason,
1194 1695 1268 1749 aliud
1286 1697 1342 1752 toni
1362 1713 1410 1751 seu
1428 1698 1513 1767 modi,
1536 1700 1645 1755 dantur·

294 1793 347 1847 que
365 1774 504 1829 incudem
524 1782 588 1829 tono
608 1773 712 1843 species
732 1771 854 1830 diuersae
873 1775 1012 1844 diapason,
1031 1774 1117 1843 magis
1136 1789 1199 1828 vero
1218 1772 1343 1842 diapente
1363 1783 1390 1830 et
1408 1775 1586 1833 diatessaron.

387 1856 460 1909 Nota
477 1854 522 1910 Vl.
558 1854 620 1909 Jam
642 1852 677 1906 ad
695 1851 824 1909 eoelestia
847 1843 960 1922 transit,
988 1852 1146 1907 coelestium
1171 1851 1370 1919 suppositiones
1400 1854 1520 1923 appellat
1544 1872 1576 1911 ea
1600 1873 1646 1935 se,

295 1937 367 1993 circa
385 1950 454 2003 quae
473 1935 563 1989 sidera
581 1934 711 1991 coelestia
729 1940 793 1988 sunt
811 1940 951 2003 occupata,
970 1938 1000 1986 ut
1019 1946 1112 1985 eorum
1130 1938 1232 1999 motus,
1253 1931 1392 1999 sphaerae,
1411 1934 1647 2006 configurationes,

294 2013 502 2070 familiaritates.
538 2015 608 2068 Nam
633 2013 693 2070 libri
712 2015 846 2083 cujusque
870 2010 939 2065 haec
962 2009 1005 2063 vel
1030 2008 1075 2062 illa
1097 2009 1255 2078 hypothesis
1279 2009 1377 2065 dicitur
1402 2028 1477 2082 esse,
1504 2022 1532 2070 et
1550 2017 1647 2075 Graeci

296 2089 409 2164 scopum
427 2093 563 2148 actionum
581 2101 772 2165 susceptarum
789 2090 930 2161 appellant
948 2105 1039 2143 eanum
1058 2089 1237 2158 hypothesin,
1256 2089 1333 2155 quasi
1351 2092 1531 2159 propositum.

382 2172 456 2226 Nota
473 2171 532 2225 Vll.
569 2172 690 2228 Partitur
711 2170 902 2228 tractationem
927 2169 953 2222 iu
973 2168 1027 2222 duo
1052 2167 1153 2236 capita:
1176 2168 1293 2235 primum
1316 2168 1373 2223 vult
1390 2171 1530 2238 generales
1549 2172 1647 2232 afferre

296 2250 512 2320 comparationes
533 2250 566 2305 de
585 2251 718 2319 omnibus,
737 2251 764 2307 id
777 2257 819 2306 est
830 2266 901 2318 quae
914 2265 1006 2303 omnes
1018 2247 1144 2317 planetas
1163 2246 1191 2300 in
1210 2263 1308 2316 genere
1320 2250 1444 2317 attinent,
1464 2251 1506 2306 vel
1519 2253 1553 2308 de
1566 2270 1646 2321 quam

294 2329 431 2399 plurimis,
455 2330 559 2385 scilieet
577 2331 641 2398 quia
659 2346 714 2400 nop
732 2345 825 2385 omues
848 2338 976 2399 aspectus
1002 2328 1126 2382 omnibus
1144 2326 1262 2396 planetis
1281 2335 1452 2396 competunt,
1477 2330 1534 2384 iere
1557 2339 1647 2386 tamen

296 2409 330 2463 de
348 2408 482 2464 omnibus.
520 2408 645 2463 Secundo
668 2409 726 2464 vrrlt
744 2410 778 2464 de
796 2408 923 2477 siugulis,
946 2406 1068 2476 intellige
1087 2405 1218 2475 planetis,
1245 2405 1278 2460 de
1302 2406 1349 2475 iis,
1373 2424 1443 2476 quae
1461 2410 1646 2477 particulatim

296 2489 339 2544 vel
356 2504 426 2556 quae
450 2487 508 2542 aliis
527 2488 605 2543 aliter
622 2489 712 2544 inesse
737 2487 985 2558 deprehenduntur.
1021 2486 1114 2540 Priore
1138 2486 1180 2540 via
1204 2501 1253 2554 per
1271 2486 1361 2555 capita
1379 2487 1499 2556 quinque
1518 2489 1646 2560 deinceps

297 2568 413 2637 incedit,
432 2567 583 2636 posteriore
601 2583 652 2638 per
673 2570 711 2623 ll.
734 2570 773 2622 lb.
796 2568 834 2624 ld.
854 2565 916 2620 libri
932 2567 979 2620 Ill.
999 2566 1124 2622 incedere
1142 2566 1305 2635 decreverat,
1325 2575 1355 2619 ut
1373 2567 1493 2623 indicant
1514 2570 1600 2639 tituli;
1619 2578 1665 2624 at=

297 2665 351 2706 non
370 2645 498 2715 absolvit,
517 2645 582 2714 quia
600 2646 668 2699 dam
687 2646 825 2715 ingressus
844 2654 886 2702 est
903 2646 1067 2714 imperviam.
1701 2656 1704 2663 ·

344 2719 350 2727 '
382 2726 456 2780 Nota
473 2724 546 2778 VIII.
584 2724 819 2793 Comparationem
837 2726 907 2780 iuter
925 2741 955 2780 sc
973 2724 1139 2793 generalium
1158 2724 1262 2779 orditur
1275 2724 1446 2779 Ptolemaeus
1465 2741 1482 2778 a
1499 2733 1647 2795 systemate

295 2802 416 2875 perfecto
435 2809 463 2857 ct
479 2817 496 2855 a
512 2801 632 2857 zodiaco.
666 2803 736 2857 Nam
754 2805 830 2858 utin
848 2811 995 2874 systemate
1013 2802 1133 2871 perfeeto
1152 2818 1245 2876 omnes
1257 2802 1350 2858 insunt
1363 2804 1481 2859 chordae
1500 2820 1647 2873 earumque

295 2881 446 2944 intervalla,
465 2896 579 2950 genera,
598 2881 702 2950 species
721 2882 944 2951 differentiaeque
964 2891 1018 2937 tam
1037 2881 1285 2949 tetrachordorum,
1309 2899 1390 2949 quam
1409 2884 1646 2940 consonantiarum

296 2968 478 3027 cantuumque
503 2967 531 3014 et
548 2959 689 3015 modorum
712 2976 762 3016 seu
785 2969 926 3030 tonorum,
950 2961 989 3017 sic
1013 2962 1094 3016 etiam
1118 2961 1168 3015 sub
1187 2960 1297 3015 zodiaco
1323 2960 1452 3017 incedunt
1478 2978 1571 3017 omnes
1590 2962 1647 3032 pla·

297 3049 377 3096 netae
395 3056 456 3095 curn
475 3038 575 3108 triplici
595 3053 695 3108 genere
714 3046 843 3108 motuum,
862 3041 889 3094 in
909 3039 1028 3108 longum,
1047 3038 1130 3094 latum
1149 3047 1176 3092 et
1195 3038 1288 3093 altum.
1326 3040 1540 3108 Comparationis
1558 3048 1647 3095 autem

296 3127 456 3191 argumenta
479 3120 559 3175 affert
582 3118 728 3190 praecipue
751 3128 881 3187 quatuor:
906 3119 1022 3187 primum
1045 3125 1201 3172 amotuum
1219 3116 1393 3173 similitudine
1419 3125 1447 3171 et
1465 3118 1647 3187 simplicitate,

298 3199 446 3257 secundum
466 3218 482 3256 a
499 3200 588 3255 reditu
606 3205 728 3253 motuum
745 3199 773 3252 in
791 3199 921 3268 seipsos,
940 3199 1049 3253 tertium
1068 3199 1102 3253 ah
1122 3196 1301 3267 oppositionis
1319 3194 1547 3267 configuratione,
1567 3197 1646 3252 simili

298 3278 463 3348 oppositioni
481 3296 569 3336 meses
588 3287 616 3336 et
633 3286 827 3348 extremarum,
854 3286 981 3347 quartum
1005 3295 1022 3333 a
1039 3277 1171 3333 consimili
1189 3276 1372 3343 magnitudine
1390 3284 1572 3348 potestatum,
1599 3293 1647 3346 op-

298 3358 442 3428 positionis
460 3359 569 3427 quidem
586 3360 657 3417 inter
676 3357 919 3428 configurationes,
939 3356 1071 3426 diapason
1090 3374 1152 3412 vero
1171 3357 1241 3410 inter
1259 3358 1459 3411 consonantias.

384 3436 502 3493 Primum
520 3450 707 3508 argumentum
726 3440 779 3494 hoe
797 3445 854 3492 est:
871 3436 970 3492 dantur
987 3436 1015 3490 in
1033 3436 1143 3492 zodiaco
1163 3433 1317 3503 intervalla,
1342 3434 1440 3490 dantur
1458 3436 1540 3490 ctiam
1558 3437 1587 3491 in
1605 3455 1647 3507 sy·

299 3523 413 3570 stemate
432 3517 588 3587 intervalla;
613 3529 641 3573 et
666 3537 715 3589 per
732 3519 807 3573 illam
825 3516 945 3584 quidem·
957 3515 1058 3584 trajicit
1082 3515 1157 3569 sidus
1176 3512 1300 3583 aliquod,
1327 3530 1377 3583 per
1393 3516 1448 3570 ista
1469 3531 1533 3569 vero
1552 3523 1647 3568 cantus

298 3595 405 3663 transit,
423 3604 513 3651 motus
532 3614 569 3653 sc.
589 3602 714 3668 utrinque
732 3606 774 3653 est
791 3594 895 3651 localis.
932 3592 1078 3648 Intervalla
1101 3593 1209 3659 quidem
1228 3593 1331 3648 zodiaci
1354 3594 1446 3662 qualia
1464 3595 1530 3663 sint,
1552 3609 1601 3662 per
1619 3609 1647 3647 se

299 3680 384 3743 patet,
404 3682 432 3729 at
450 3676 593 3734 intervalla
611 3679 638 3733 in
657 3685 804 3749 systemate
826 3675 933 3745 gemino
952 3690 1033 3729 seusu
1052 3674 1152 3728 insunt.
1188 3674 1307 3727 Primum
1332 3675 1402 3727 enirn
1426 3673 1604 3728 materialiter
1622 3681 1648 3728 et

299 3752 425 3820 organice
448 3755 549 3810 distant
574 3758 608 3812 ab
633 3759 746 3813 invicem
771 3755 901 3821 chordae,
928 3754 968 3807 sic
990 3759 1021 3806 ut
1038 3752 1231 3820 unaquaelibet
1254 3752 1365 3807 seorsim
1389 3752 1522 3807 acetaria
1546 3752 1649 3820 pulsari

298 3831 399 3899 possit;
423 3840 451 3886 et
469 3833 496 3887 iu
519 3834 612 3889 codice
630 3836 796 3892 Ptolemaico
815 3836 964 3905 pinguntur
987 3833 1104 3888 chordae
1123 3831 1276 3899 systematis
1300 3831 1377 3885 lineis
1399 3832 1495 3885 erectis
1522 3831 1594 3885 iuter
1619 3847 1647 3885 se

298 3908 447 3979 parallelis,
467 3912 574 3968 illarum
593 3914 676 3984 igitur
693 3917 763 3973 aliae
781 3915 816 3969 ad
836 3913 973 3968 sinistram
990 3911 1076 3980 magis
1094 3909 1237 3979 recedunt,
1256 3910 1325 3964 aliae
1344 3910 1378 3965 ad
1397 3911 1529 3978 dextram,
1549 3910 1648 3965 distan-

298 3994 341 4043 tes
358 3990 393 4044 ab
411 3990 534 4062 invicem,
553 3991 581 4046 id
600 4003 642 4049 est
660 3994 856 4050 intervallatae.
893 3991 931 4045 Et
948 3991 1015 4045 haec
1034 3989 1160 4057 organica
1179 3988 1309 4043 distantia
1328 3990 1435 4058 peperit
1452 4006 1549 4044 nomen
1569 3992 1648 4046 iuter·

299 4067 365 4123 valli
383 4069 410 4123 in
428 4072 546 4142 musica,
571 4073 644 4140 quod
663 4073 760 4129 deinde
778 4072 858 4128 etiam
878 4070 913 4126 ad
931 4070 999 4124 alias
1017 4068 1179 4123 translatum
1197 4067 1248 4123 fuit
1267 4068 1487 4136 significationes.
1525 4068 1648 4125 Secundo

299 4146 371 4200 enim
388 4163 469 4203 voees
487 4149 666 4220 intervallum,
686 4152 828 4218 distantia,
856 4157 1000 4206 sumuntur
1018 4149 1098 4203 etiarn
1122 4149 1155 4203 de
1175 4147 1327 4203 differentia
1353 4150 1497 4217 potestatis
1522 4165 1649 4204 sonorum

298 4225 326 4280 in
345 4226 468 4282 acumine
488 4234 514 4281 et
532 4229 673 4300 grauitate,
693 4231 757 4299 quia
774 4247 867 4286 vocem
886 4239 994 4286 acutam
1012 4228 1125 4283 dicimus
1144 4228 1244 4295 altam,
1264 4244 1372 4296 gravem
1389 4227 1567 4297 profundam,
1590 4245 1650 4284 cum

298 4304 471 4360 interuallum
491 4305 601 4375 aliquod
619 4309 758 4372 insinuent
776 4301 893 4363 interae
911 4315 1097 4376 comparatae;
1117 4308 1241 4376 sequitur
1260 4317 1289 4361 ut
1308 4308 1389 4362 etiam
1406 4308 1434 4363 in
1453 4325 1535 4363 sensu
1547 4306 1649 4361 musico

299 4382 371 4438 inter
389 4399 486 4437 ιοιιιιιιι
505 4384 589 4439 altum
609 4393 637 4440 et
654 4385 820 4456 profundum
839 4386 1008 4455 concipiatur
1026 4386 1198 4439 intervallum
1211 4387 1433 4456 metaphoricum.
1469 4388 1547 4442 Prior
1559 4388 1650 4457 itaque

300 4464 468 4532 significatus
495 4464 568 4519 vocis
593 4466 766 4520 intervallum
788 4465 877 4520 locum
903 4464 1050 4533 praecipue
1073 4463 1156 4518 habet
1178 4464 1230 4518 hoc
1249 4475 1343 4520 octavo
1363 4466 1465 4535 eapite,
1493 4466 1651 4534 posterioris

298 4542 368 4596 ratio
386 4542 473 4611 mayor
490 4542 635 4599 habebitur
653 4546 741 4613 capite
760 4544 884 4613 sequenti
902 4559 982 4597 nono.
1019 4544 1057 4598 Et
1075 4544 1139 4611 quia
1161 4560 1254 4599 uocem
1271 4560 1394 4612 graecam
1417 4562 1498 4601 unam
1517 4562 1568 4617 ego
1587 4548 1650 4603 dua-

299 4620 351 4675 bus
370 4620 462 4677 latinis
480 4623 594 4694 reddidi,
615 4624 790 4694 »pertransiri
808 4623 999 4693 absolviquer,
1024 4638 1117 4677 earum
1134 4624 1208 4693 prior
1226 4623 1335 4692 quidem
1353 4624 1465 4693 respicit
1483 4625 1517 4679 ad
1536 4626 1650 4696 primum

300 4698 497 4771 significatum,
521 4702 657 4771 posterior
679 4717 742 4758 vero
767 4702 801 4756 ad
821 4700 984 4769 secundum;
1010 4700 1066 4753 illic
1083 4709 1173 4756 motus
1191 4712 1234 4756 cst
1252 4702 1349 4772 plectri
1374 4719 1425 4773 per
1442 4703 1559 4760 chordas
1585 4703 1651 4762 locis

300 4777 446 4850 distantes,
470 4779 597 4838 hisvero
620 4782 783 4851 permutatio
805 4781 897 4850 potius
920 4790 963 4835 est
985 4796 1112 4836 sonorum
1131 4780 1281 4834 acutiorum
1307 4797 1367 4836 cnm
1386 4782 1562 4849 gravioribus.
1598 4782 1652 4837 Ab·

213 4850 236 4881 ·’
300 4857 442 4914 solvuntur
465 4865 558 4916 anmro
582 4876 632 4915 seu
658 4860 864 4916 eonstltuuntur
886 4862 947 4917 soni
973 4875 1065 4917 omues
1090 4859 1205 4927 primum
1229 4861 1256 4913 in
1275 4860 1457 4915 monochordo
1477 4863 1559 4917 etiam
1577 4867 1651 4918 motu

300 4939 392 5008 aliquo
410 4938 532 5010 ephippll
548 4954 599 5010 per
615 4939 786 4995 intervallum
803 4940 879 5011 illud,
898 4956 981 5010 super
999 4955 1052 5008 quo
1071 4945 1150 4993 tensa
1163 4946 1205 4994 est
1218 4938 1319 4993 chorda
1332 4940 1418 5007 unica,
1438 4956 1472 4996 ex
1486 4957 1540 5009 quo
1555 4939 1650 4996 deinde

299 5017 478 5073 instrumento
497 5020 556 5075 soni
575 5019 675 5091 singuli
693 5022 721 5075 in
739 5021 860 5089 singulas
879 5020 997 5074 chordas
1016 5034 1064 5088 per
1083 5018 1231 5071 tensionem
1251 5017 1356 5072 illarum
1375 5020 1585 5076 transferuntur.

386 5097 449 5152 Non
467 5096 545 5167 ponit
560 5102 651 5153 tamen
670 5100 842 5154 Ptolemaeus
860 5099 1036 5168 praecipuam
1055 5098 1206 5165 argumenti
1219 5097 1271 5149 vim
1284 5097 1311 5150 in
1324 5114 1377 5152 uno
1397 5098 1439 5152 vel
1457 5098 1542 5153 altero
1556 5099 1650 5155 horum

301 5181 421 5236 motuum
438 5176 574 5245 localium,
594 5173 642 5232 sed
661 5178 779 5233 inculcat
797 5178 855 5246 eius
875 5176 1047 5232 solitudinem
1066 5174 1218 5244 utrobique,
1237 5183 1264 5230 et
1277 5176 1383 5231 videtur
1400 5177 1452 5232 hoc
1464 5178 1534 5232 uelle
1547 5179 1651 5235 dicere:

300 5255 371 5310 sieut
387 5257 415 5310 in
433 5257 491 5325 lyra
510 5255 644 5325 plectrum
662 5257 702 5311 rel
723 5259 749 5311 in
768 5255 953 5314 monochordo
972 5255 1130 5324 ephippium
1150 5264 1256 5309 sursum
1273 5256 1398 5310 deorsum
1411 5272 1505 5312 errans
1520 5257 1652 5312 diversos·

302 5351 355 5404 qua
372 5351 454 5390 sonos
472 5334 539 5389 illud
557 5334 682 5403 eliciens,
706 5334 778 5390 istud
803 5335 1001 5402 determinans,
1027 5339 1189 5388 nontamen
1213 5343 1300 5390 mutat
1323 5336 1477 5405 systematis
1500 5336 1543 5391 vel
1560 5352 1652 5391 mono·

301 5415 397 5471 chordi
414 5415 533 5483 speeiem
551 5422 579 5469 et
597 5415 723 5483 liguram,
748 5414 796 5469 sed
815 5414 928 5469 eaodem
948 5428 1063 5481 semper,
1083 5421 1113 5467 ut
1131 5413 1237 5480 quoties
1250 5413 1326 5469 lubet
1345 5415 1457 5468 eandem
1475 5431 1571 5470 rursus
1590 5429 1651 5469 can·
1743 5456 1745 5459 ,

301 5494 415 5565 donem,
439 5494 550 5550 eosdem
568 5495 673 5551 sonitus
693 5496 791 5551 elicere
808 5495 961 5563 possimus:
988 5494 1026 5548 sic
1045 5494 1124 5548 etiam
1142 5493 1170 5546 in
1189 5493 1263 5547 coelo
1282 5492 1458 5547 translatione
1482 5491 1602 5548 siderum
1620 5491 1653 5546 de

301 5571 362 5630 loco
380 5574 516 5631 inlocum
533 5574 637 5629 nullam
655 5575 815 5644 corporibus
832 5573 899 5641 ipsis
916 5572 1011 5628 inferri
1028 5572 1218 5641 mutationem,
1237 5587 1325 5640 neque
1343 5573 1396 5626 iter
1414 5572 1441 5626 in
1459 5573 1544 5644 coelo,
1562 5570 1653 5626 rodia-

303 5666 372 5724 eum,
390 5653 476 5710 vetari
493 5652 633 5709 arcadem.
670 5653 760 5721 lituus
777 5653 930 5721 argumenti
947 5652 1000 5706 vim
1016 5649 1171 5708 Macrobius
1189 5651 1217 5706 in
1235 5652 1374 5708 Somnium
1392 5650 1528 5721 Scipionis
1547 5652 1651 5708 ridetur
1705 5711 1709 5719 ,
