3684 7259
762 1205 846 1266 sisar
862 1208 910 1264 ιιι
930 1208 1020 1279 capot
1035 1161 1095 1266 urs
1533 1215 1596 1275 ars

244 1377 392 1444 lenaeum,
416 1380 582 1447 sesquadms
605 1390 709 1436 sertam
731 1381 851 1453 nomm,
881 1383 1031 1454 biuuintdis
1053 1390 1165 1444 sexum
1175 1383 1285 1454 m,
1314 1399 1384 1451 quas
1399 1384 1498 1440 iterum
1524 1391 1599 1442 tacet

246 1457 420 1514 Ptolemaeus
445 1457 517 1524 (ride
543 1450 595 1514 iras
621 1461 700 1515 binas
725 1472 753 1518 et
777 1462 856 1518 binas
880 1464 908 1520 io
935 1463 1050 1533 singulis
1076 1453 1261 1530 schem&
1287 1460 1399 1518 momnis
1427 1462 1596 1531 conjunctas,

244 1536 290 1592 lib.
308 1537 355 1591 Ill
373 1551 433 1605 cap.
452 1539 501 1604 2.),
519 1546 549 1592 at
566 1554 622 1593 nou
639 1555 786 1607 possumus
804 1558 838 1595 ex
856 1542 960 1598 amalo
978 1542 1037 1598 solo
1055 1545 1114 1598 sine
1132 1555 1190 1608 trau¹
1201 1537 1514 1600 timoranarmmamm
1533 1560 1596 1600 oau-

246 1633 293 1672 sas
311 1616 464 1683 ostendere,
481 1633 531 1673 our
547 1618 616 1674 haec
633 1619 742 1674 residns
759 1630 911 1675 consonent
927 1619 996 1689 sola,
1014 1622 1119 1690 reliqua
1136 1623 1191 1676 uon
1205 1627 1366 1685 consonent,
1383 1617 1485 1675 iliacam
1503 1619 1531 1673 in
1542 1620 1596 1675 ior·

246 1694 346 1749 mando
364 1709 476 1764 aspectu
490 1697 600 1764 juribus
617 1707 816 1765 segmentornm
834 1699 965 1768 ipsorum,
983 1716 1099 1768 quorum
1116 1705 1182 1754 snut
1201 1696 1318 1756 residua.
1353 1697 1412 1752 Neu
1429 1697 1499 1752 enim
1519 1697 1535 1750 7
1553 1712 1596 1751 oc-

245 1783 508 1844 muaeconsonant,
530 1791 581 1831 nec
598 1778 614 1833 7
634 1777 676 1831 vel
694 1778 710 1832 9
729 1777 861 1840 decimae,
887 1792 938 1831 nec
956 1781 973 1831 7
992 1777 1033 1832 vol
1054 1781 1083 1834 11
1105 1776 1291 1842 duodecimae,
1316 1774 1439 1842 quamvis
1458 1793 1512 1832 mia
1529 1775 1595 1830 duo·

247 1851 353 1908 decima
370 1861 398 1909 et
415 1854 443 1910 in
460 1856 537 1910 coelo
556 1863 584 1911 et
601 1856 630 1913 in
648 1856 752 1911 musica
768 1855 805 1911 sit
821 1855 1020 1929 effimcmsimm
1039 1857 1153 1912 seorsim
1171 1858 1224 1910 nae
1236 1870 1335 1910 causae
1351 1865 1415 1912 aaut
1426 1853 1596 1927 indagandae

245 1940 325 1986 entra
340 1933 435 1989 ursuli
452 1934 552 1990 mihim
573 1935 765 2004 geometricam
783 1935 1106 1999 considerationemtetsi
1118 1952 1172 1992 non
1185 1936 1244 1991 sine
1257 1938 1300 2003 ea)
1317 1931 1499 1992 intralimites
1510 1931 1597 2002 ipsius
1648 1975 1653 1997 2

247 2008 431 2078 inmusicos,
445 2019 476 2067 ut
491 2015 598 2081 prolixe
617 2014 723 2070 ostendi
742 2013 810 2069 libro
821 2014 867 2068 lv.
885 2029 945 2091 cap.
958 2019 982 2069 6.
1019 2015 1077 2070 lieo
1090 2015 1234 2084 qumquam
1246 2030 1296 2070 nos
1308 2011 1490 2070 Ptobmaicae
1499 2011 1597 2078 juvant
1688 2011 1691 2019 ’

247 2091 465 2158 comparationes
483 2109 570 2161 eoque
589 2093 737 2148 secundum
754 2108 845 2147 rerum
862 2098 986 2148 naturam
1005 2108 1059 2148 nou
1078 2100 1150 2149 sunt.

334 2186 408 2241 Nota
425 2187 469 2240 IV.
506 2188 577 2255 Quid
600 2189 673 2257 qnod
697 2190 748 2244 sibi
771 2191 823 2258 ipsi
848 2190 1009 2245 adversatur
1030 2190 1216 2244 Ptolemaeus:
1244 2189 1289 2256 qui
1317 2199 1379 2242 mum
1401 2187 1484 2256 priori
1509 2186 1600 2255 capite

249 2265 401 2333 perlectum
424 2274 545 2335 systema
562 2266 676 2321 duorum
695 2267 827 2337 diapason
850 2266 1036 2337 comparasset
1056 2269 1108 2322 toti
1125 2267 1251 2332 zodiaco,
1274 2266 1380 2334 singula
1403 2265 1508 2322 scilieet
1524 2264 1598 2319 illius

249 2342 381 2412 diapason
399 2346 513 2413 singolis
532 2347 614 2416 hujus
632 2347 822 2415 semicirculis,
844 2348 902 2414 jam
920 2347 1112 2402 consonantias
1135 2346 1237 2415 primas
1260 2343 1300 2399 sic
1320 2343 1506 2400 accommodat
1522 2359 1599 2398 arcu-

249 2424 310 2489 bus,
327 2431 359 2476 ut
375 2424 504 2478 acutioris
523 2424 631 2492 quidem
650 2425 786 2496 diapason
802 2441 920 2493 congrue
938 2425 1110 2495 applicentur
1122 2428 1148 2494 6,
1167 2426 1191 2492 l,
1209 2425 1226 2480 3
1244 2424 1327 2491 signis
1340 2424 1419 2478 unius
1430 2422 1599 2489 semicirculi,

249 2507 279 2554 at
296 2501 426 2567 memoris
444 2502 576 2570 diapason
594 2505 701 2574 cogitur
720 2504 848 2559 exhibere
866 2506 893 2557 in
914 2504 954 2572 12,
971 2503 997 2568 8,
1015 2507 1032 2562 6
1050 2496 1141 2573 siguis,
1160 2517 1322 2573 caniparaus
1335 2503 1391 2570 jam
1410 2503 1523 2558 alterum
1543 2501 1598 2556 dia·

249 2593 335 2647 paeon
354 2582 405 2634 toti
423 2582 532 2637 circulo.
569 2583 673 2650 Quodsi
691 2586 771 2638 etiam
790 2584 905 2638 eundem
923 2585 1067 2640 terminum
1085 2584 1214 2653 majooem
1236 2583 1344 2654 uitrique
1360 2581 1599 2637 consonantiarum

249 2656 395 2725 primarum
414 2669 524 2729 statuat,
544 2669 574 2714 nt
592 2678 630 2716 se.
650 2670 725 2717 recte
742 2679 803 2717 cum
821 2661 977 2731 aspectibus
995 2662 1119 2718 similiter
1135 2664 1298 2733 comparatis
1316 2660 1467 2730 comparari
1485 2661 1598 2730 possint,

250 2747 367 2792 tuncne
385 2739 554 2795 diatessaron
573 2740 681 2806 uiridem
700 2741 727 2794 in
746 2740 873 2808 anmmtia
892 2742 972 2795 iunius
990 2742 1155 2798 semicirculi
1169 2750 1263 2812 potest
1276 2740 1390 2798 ostendi.
1427 2740 1464 2794 Et
1481 2738 1597 2808 omniuo,

251 2824 281 2869 ut
299 2816 335 2870 sit
353 2821 470 2886 genuina
488 2820 629 2887 uniusque
647 2818 877 2888 repraesentatio,
902 2829 967 2874 tono
986 2837 1025 2875 sc.
1044 2819 1182 2889 diiierens,
1200 2836 1254 2877 non
1273 2820 1352 2875 aliter
1374 2820 1480 2875 institui
1498 2826 1597 2887 potest,

249 2910 330 2964 quam
347 2898 422 2952 inter
441 2899 481 2965 12,
501 2900 525 2965 9,
543 2900 562 2955 8
579 2901 665 2970 signa,
684 2912 822 2967 occupans
839 2905 928 2953 totum
946 2899 1089 2967 circulum3
1114 2916 1175 2955 cum
1194 2906 1285 2955 tamen
1303 2893 1386 2969 prioii
1403 2898 1493 2968 eapite
1510 2897 1599 2966 majus
1688 2905 1690 2910 ⁴

248 2971 291 3043 iis,¹
309 2973 450 3045 diapason,
469 2978 608 3034 redactum
625 2988 698 3035 esset
715 2980 742 3032 in
761 2978 966 3033 senricirculum¹

337 3072 408 3127 Nota
427 3074 459 3127 V.
496 3076 526 3128 ln
545 3074 597 3131 hac
616 3075 674 3144 ipsa
693 3091 756 3128 vero
774 3091 805 3129 re
823 3075 968 3143 praecipue
981 3074 1163 3131 hallucinatur
1175 3077 1243 3131 haec
1255 3074 1429 3145 comparatio,
1448 3074 1522 3144 quod
1533 3080 1599 3130 tono

251 3157 330 3217 aptat
347 3152 452 3207 unciam
473 3154 572 3207 circuli.
610 3157 677 3208 Cum
695 3155 765 3209 enirn
784 3155 810 3207 in
829 3154 881 3206 hoc
899 3161 1031 3224 versatur,
1051 3162 1082 3208 ut
1099 3169 1178 3210 arcus
1196 3154 1231 3209 ab
1243 3156 1338 3211 eodem
1351 3157 1453 3225 puncto
1470 3150 1599 3221 incipien-

252 3236 293 3282 tes
312 3229 461 3287 intervallis
480 3234 589 3287 musicis
607 3245 696 3302 aptot,
717 3235 784 3286 hacc
799 3232 855 3299 jam
875 3232 955 3286 uncia
973 3230 1066 3287 munli
1083 3249 1254 3303 nequaquam
1277 3229 1446 3288 acommnni
1467 3229 1600 3299 principio
1644 3282 1647 3286 ,
1746 3278 1748 3281 ,

250 3324 311 3363 oum
330 3312 427 3365 ceteris
446 3314 608 3380 comparatis
626 3311 728 3380 incipit,
747 3310 795 3365 sed
814 3312 885 3364 inter
902 3311 971 3364 lines
989 3310 1103 3364 duorum
1122 3326 1232 3366 monum
1251 3312 1348 3367 tertiae
1365 3318 1394 3365 et
1410 3315 1524 3381 quamne
1540 3322 1599 3376 par·

251 3388 285 3441 tis
303 3388 425 3457 interest,
445 3407 493 3444 seu
512 3391 616 3458 potius,
642 3398 673 3444 ut
689 3388 830 3459 proportio
848 3388 1039 3457 sesquioctava
1059 3383 1089 3444 in
1108 3390 1160 3445 lroc
1184 3392 1301 3460 spectari
1321 3390 1421 3460 possit,
1444 3389 1515 3445 iuter
1532 3388 1600 3442 lines

250 3468 331 3520 trium
350 3477 507 3535 quartarum
527 3478 553 3524 et
573 3470 686 3524 dirarum
704 3469 845 3525 tertiarum
864 3476 1003 3537 censetur,
1031 3486 1070 3528 so.
1089 3485 1219 3525 excessus
1242 3477 1285 3524 est
1306 3467 1380 3523 illins
1397 3481 1492 3521 norem
1510 3466 1601 3534 sisso·

250 3563 310 3600 rnm
327 3562 411 3617 super
429 3550 501 3606 hunc
519 3552 536 3606 8
554 3551 698 3618 signorum.
735 3548 1045 3617 Quodsi'consideretur
1063 3548 1130 3602 haec
1148 3548 1228 3602 uncia
1251 3554 1282 3602 ut
1300 3561 1429 3602 excessus
1448 3544 1528 3600 unius
1546 3550 1600 3597 ter·
1709 3598 1711 3602 ,
1737 3547 1740 3553 ’

250 3626 304 3679 tiae
327 3627 354 3692 (l
379 3629 526 3696 signorum)
554 3645 636 3699 super
659 3645 738 3682 unam
756 3638 881 3697 quartam
903 3630 1052 3695 (signorum
1070 3630 1106 3696 3),
1136 3642 1206 3696 qnae
1231 3630 1348 3698 genuina
1366 3628 1427 3696 ejus
1451 3641 1485 3680 ex
1504 3622 1599 3680 mrauli

251 3706 383 3761 divisione
400 3708 580 3764 consideratio
600 3719 653 3776 est,
674 3709 730 3776 jnm
749 3708 829 3762 uncia
847 3724 900 3762 non
919 3715 997 3774 tono,
1013 3707 1069 3761 'sed
1086 3706 1192 3777 integro
1217 3706 1386 3762 diatessaron
1408 3702 1599 3774 applicabitur,
1656 3741 1659 3746 -
1739 3692 1741 3696 ¹

251 3785 315 3854 qnia
331 3786 402 3840 inter
420 3787 551 3857 diapason
571 3787 742 3857 opidispente
759 3794 787 3841 et
801 3786 975 3856 disdiapason
994 3788 1107 3840 interest
1120 3785 1298 3841 diatessaron.
1334 3786 1429 3842 Dicam
1443 3798 1507 3838 vero
1519 3782 1601 3855 longe

252 3864 419 3921 absurdiora.
455 3868 627 3923 Ptolemaeus
645 3867 685 3921 sic
703 3866 825 3920 nominat
842 3865 950 3920 unciam
968 3865 1055 3921 totins
1072 3864 1177 3934 circuli,
1205 3866 1276 3920 sicut
1294 3873 1356 3920 octo
1374 3866 1453 3934 rigata
1469 3869 1534 3917 snnt
1546 3864 1600 3930 ‚bes
1656 3931 1671 3941 ,

252 3944 373 4011 maedam
392 3949 490 4015 totius,
519 3955 546 4000 ct
564 3947 634 4000 sicut
651 3960 747 4000 novem
771 3944 850 4013 signa
868 3943 1003 4012 dodrans,
1028 3941 1074 3997 ille
1098 3943 1226 4014 diapeme
1244 3944 1324 4007 dans,
1347 3943 1396 3998 iric
1421 3942 1598 4006 diatessaron,

251 4030 336 4091 utque
354 4023 388 4077 ad
407 4024 478 4081 hanc
497 4024 648 4092 analogiam
667 4024 748 4078 unda
765 4022 841 4078 dabit
857 4016 1233 4094 triadiapasonepidi'apeote.
1270 4025 1331 4082 lion
1353 4023 1435 4092 igitur
1453 4021 1546 4088 numa,
1570 4027 1601 4078 ut

252 4100 339 4169 uncis,
358 4107 452 4157 tonum
471 4111 667 4173 repraesentat,
685 4103 734 4157 sed
753 4110 784 4156 ut
801 4116 835 4155 ea
850 4100 965 4155 invaluit
976 4101 1206 4173 comparationem
1218 4107 1281 4160 octo
1291 4104 1429 4171 manorum
1442 4115 1503 4155 cum
1515 4098 1600 4167 signis

253 4194 357 4245 norem,
376 4180 403 4235 id
422 4190 464 4236 est
481 4183 684 4252 proportionem
703 4180 927 4250 sesquioctavam.
964 4180 1017 4235 Est
1034 4187 1062 4234 et
1086 4196 1186 4253 scopus
1207 4179 1333 4249 vitiosus,
1358 4180 1395 4235 ad
1412 4193 1491 4248 quem
1513 4171 1602 4238 eoru

253 4256 322 4313 haee
339 4263 520 4331 comparatio,
540 4272 570 4318 ut
587 4276 639 4331 aa,
658 4261 729 4316 sicut
747 4259 880 4329 diapason
897 4260 926 4313 in
945 4261 1077 4315 condona
1096 4268 1138 4315 est
1155 4260 1304 4328 fflmduum,
1328 4275 1399 4328 qnae
1415 4264 1481 4314 sunt
1497 4241 1602 4318 Μὰ

254 4338 406 4410 semitonia,
425 4342 465 4397 sic
482 4344 563 4398 edam
581 4341 699 4399 circulm
716 4341 859 4397 dividatur.
896 4340 965 4395 Nam
984 4338 1008 4392 si
1025 4339 1072 4406 sic,
1091 4348 1157 4394 tunc
1174 4337 1265 4408 posit'u
1283 4338 1350 4403 toni,
1371 4337 1426 4393 alto
1444 4336 1487 4391 sel
1505 4323 1602 4416 U

254 4417 392 4488 (respectu
418 4422 568 4489 gravismmi
588 4422 657 4490 soni)
674 4423 833 4475 minuuntur
850 4419 893 4473 vel
910 4425 1046 4487 augentur
1063 4419 1246 4489 proportionis
1263 4418 1372 4472 tonicae
1396 4397 1602 4486 sesquioctt'sst

253 4498 367 4562 termini.
385 4516 469 4570 qnare
487 4509 515 4555 et
533 4517 625 4555 eorum
644 4514 781 4554 excessus⁴
818 4498 900 4551 Verbi
917 4513 1008 4561 causa,
1026 4513 1156 4553 excessus
1173 4499 1226 4553 iste
1244 4512 1338 4551 rnorem
1362 4495 1501 4564 agnorum
1518 4506 1602 4561 snpra

252 4578 342 4647 liqui
360 4589 403 4635 est
421 4582 500 4635 uncia
518 4580 618 4649 circuli,
638 4579 793 4647 applicatur
810 4593 827 4632 a
845 4575 1002 4631 Ptolemaeo
1019 4582 1086 4631 tono
1103 4575 1152 4645 illi,
1178 4577 1226 4645 qui
1244 4582 1372 4645 quartum
1389 4573 1494 4628 obtinet
1512 4572 1602 4628 lucum

252 4659 407 4726 systematis
432 4675 449 4713 a
471 4676 536 4714 voce
561 4658 719 4726 gravissima
737 4672 831 4711 versus
850 4661 965 4710 acuum.
1001 4654 1047 4717 lit
1063 4655 1087 4709 si
1104 4669 1234 4724 quaeras,
1260 4652 1301 4707 illi
1326 4660 1404 4720 tono,
1430 4654 1475 4721 qui
1498 4650 1603 4705 oannes

253 4735 336 4790 imum
354 4738 508 4805 systematis
527 4736 628 4800 locum,
652 4741 756 4804 quanta
772 4736 862 4803 portio
880 4734 966 4789 totius
983 4733 1162 4803 respondeat,
1187 4733 1235 4789 illa
1252 4748 1307 4788 non
1321 4734 1379 4801 jam
1396 4731 1447 4786 erit
1464 4729 1545 4786 suma
1561 4735 1602 4784 to·

253 4815 317 4884 tius,
336 4817 384 4871 sed
402 4817 483 4885 longe
501 4816 594 4884 major,
614 4812 718 4869 scilieet
729 4814 811 4882 plane
823 4829 888 4882 pars
899 4828 972 4869 noua
984 4813 1077 4869 totins.
1113 4812 1205 4883 Quare
1216 4813 1312 4870 divisio
1323 4810 1428 4867 zodiaci
1439 4810 1467 4863 in
1478 4805 1603 4876 aequalia

258 4896 289 4947 12
307 4896 375 4950 nihil
393 4912 535 4951 commune
559 4895 642 4949 habet
658 4909 719 4947 curn
739 4892 870 4948 divisione
896 4893 1029 4962 diapason
1051 4894 1080 4947 in
1104 4892 1236 4948 mucium
1257 4888 1411 4956 intervalla,
1439 4895 1470 4941 ut
1486 4900 1558 4954 quae
1574 4882 1603 4939 et
1698 4955 1701 4960 Ι

254 4974 347 5041 specie
365 4974 494 5031 dilienmt
512 4985 539 5029 et
558 4991 607 5043 pro
626 4972 777 5027 altitudinis
795 4972 902 5028 ratione
919 4981 1110 5032 mensurantur
1127 4970 1284 5026 excusabas
1302 4966 1503 5037 inaequalibus,
1521 4963 1602 5019 edam

254 5065 299 5115 ea,
317 5067 389 5122 qnae
406 5064 470 5110 sunt
488 5056 609 5124 ejusdem
628 5053 737 5122 speciei.

341 5151 414 5208 Nota
431 5151 477 5205 VI.
512 5152 626 5206 Frustra
644 5164 708 5218 ergo
727 5149 839 5203 mirmur
852 5147 1029 5211 ,Ptolemaeus
1047 5144 1274 5216 conspirationem
1301 5152 1414 5199 naturae
1433 5141 1601 5198 conforman-

254 5234 289 5287 tis
307 5231 553 5302 dminguentisque
571 5228 710 5284 zodiacum
729 5228 757 5281 in
778 5229 808 5282 12
827 5227 906 5296 signa
925 5241 986 5280 cum
1004 5231 1101 5279 natura
1119 5221 1347 5287 harmonicorum,
1366 5221 1538 5291 existimans,
1556 5231 1602 5277 ua·-

255 5324 343 5368 turam
355 5311 424 5367 coeli
434 5310 631 5379 dispositricem
648 5308 736 5362 ideam
749 5303 949 5361 distributionis
967 5301 1150 5359 duodenariae
1173 5319 1207 5359 ex
1225 5315 1352 5357 mensura
1370 5300 1525 5370 systematis
1542 5315 1603 5369 per·
1668 5368 1671 5376 Ι

256 5392 335 5460 iacti,
359 5403 428 5460 quac
451 5388 621 5442 contineatur
647 5388 673 5438 in
693 5384 726 5438 12
745 5384 828 5452 tonis,
847 5382 1021 5438 desumslsse.
1056 5381 1126 5437 Nam
1150 5382 1236 5450 primo
1260 5396 1366 5436 rursum
1391 5379 1485 5434 eodem
1503 5387 1603 5435 conatu
1631 5381 1635 5386 ’

255 5468 390 5526 contraria
408 5465 530 5534 molitur,
549 5481 610 5519 nam
630 5472 657 5516 et
675 5462 730 5517 duo
749 5461 879 5532 diapason
898 5463 1053 5529 systematis
1071 5461 1186 5531 perlecti
1203 5469 1395 5530 comparantur
1412 5473 1473 5513 curn
1491 5458 1602 5529 cuculo,

257 5557 287 5603 ut
304 5546 393 5618 capite
412 5543 508 5614 priori,
528 5550 555 5596 et
572 5542 612 5596 sic
630 5540 772 5611 quodlibet
788 5539 849 5595 cnm
867 5537 1037 5594 semicirculo
1055 5549 1083 5594 et
1100 5538 1180 5595 simul
1205 5538 1259 5594 duo
1278 5551 1357 5593 mens
1376 5536 1468 5593 circuli
1486 5538 1603 5610 maiorm

258 5621 440 5698 semicirculo,
465 5621 564 5693 singull
582 5620 661 5681 relati
679 5621 713 5676 ad
732 5626 831 5688 totam,
851 5623 1043 5691 comparantur
1061 5616 1153 5693 primis
1170 5615 1335 5687 harmoniis3
1358 5614 1423 5690 quia
1440 5627 1533 5675 eorum
1551 5615 1601 5674 dii·
