<?xml version="1.0" encoding="UTF-8"?>
<!DOCTYPE html PUBLIC "-//W3C//DTD XHTML 1.0 Transitional//EN"
    "http://www.w3.org/TR/xhtml1/DTD/xhtml1-transitional.dtd">
<html xmlns="http://www.w3.org/1999/xhtml" xml:lang="en" lang="en">
 <head>
  <title>
</title>
<meta http-equiv="Content-Type" content="text/html;charset=utf-8" />
  <meta name='ocr-system' content='tesseract 3.04.00' />
  <meta name='ocr-capabilities' content='ocr_page ocr_carea ocr_par ocr_line ocrx_word'/>
</head>
<body>
  <div class='ocr_page' id='page_1' title='image "./joanniskepleria09frisgoog_0464.png"; bbox 0 0 3684 7259; ppageno 0'>
   <div class='ocr_carea' id='block_1_1' title="bbox 218 1141 1109 1254">
    <p class='ocr_par' dir='ltr' id='par_1_1' title="bbox 218 1141 1109 1254">
     <span class='ocr_line' id='line_1_1' title="bbox 218 1141 1109 1254; baseline -0.015 -4"><span class='ocrx_word' id='word_1_1' title='bbox 218 1187 295 1250; x_wconf 58' lang='grc'><strong>452</strong></span> <span class='ocrx_word' id='word_1_2' title='bbox 367 1141 369 1145; x_wconf 6' lang='grc' dir='ltr'><strong>λ</strong></span> <span class='ocrx_word' id='word_1_3' title='bbox 700 1182 866 1254; x_wconf 82' lang='lat' dir='ltr'><strong>Appendicis</strong></span> <span class='ocrx_word' id='word_1_4' title='bbox 883 1184 1109 1240; x_wconf 81' lang='lat' dir='ltr'><strong>Harmonicorum</strong></span> 
     </span>
    </p>
   </div>
   <div class='ocr_carea' id='block_1_2' title="bbox 171 1361 1582 2748">
    <p class='ocr_par' dir='ltr' id='par_1_2' title="bbox 171 1361 1582 2748">
     <span class='ocr_line' id='line_1_2' title="bbox 232 1361 1578 1442; baseline -0.001 -21"><span class='ocrx_word' id='word_1_5' title='bbox 232 1361 381 1442; x_wconf 76' lang='lat' dir='ltr'><strong>principiis</strong></span> <span class='ocrx_word' id='word_1_6' title='bbox 403 1372 511 1419; x_wconf 84' lang='lat' dir='ltr'><strong>marem</strong></span> <span class='ocrx_word' id='word_1_7' title='bbox 535 1368 563 1418; x_wconf 88' lang='lat' dir='ltr'><strong>ct</strong></span> <span class='ocrx_word' id='word_1_8' title='bbox 581 1361 722 1432; x_wconf 74' lang='lat' dir='ltr'><strong>laminam</strong></span> <span class='ocrx_word' id='word_1_9' title='bbox 746 1364 873 1423; x_wconf 87' lang='lat' dir='ltr'><strong>unitates</strong></span> <span class='ocrx_word' id='word_1_10' title='bbox 896 1364 968 1423; x_wconf 87' lang='lat' dir='ltr'><strong>iacis</strong></span> <span class='ocrx_word' id='word_1_11' title='bbox 984 1363 1104 1440; x_wconf 80' lang='lat' dir='ltr'><strong>physice</strong></span> <span class='ocrx_word' id='word_1_12' title='bbox 1120 1361 1270 1439; x_wconf 80' lang='lat' dir='ltr'><strong>aequales,</strong></span> <span class='ocrx_word' id='word_1_13' title='bbox 1293 1364 1463 1421; x_wconf 89' lang='lat' dir='ltr'><strong>societatem</strong></span> <span class='ocrx_word' id='word_1_14' title='bbox 1480 1379 1578 1420; x_wconf 85' lang='lat' dir='ltr'><strong>eorum</strong></span> 
     </span>
     <span class='ocr_line' id='line_1_3' title="bbox 232 1444 1580 1524; baseline -0.002 -15"><span class='ocrx_word' id='word_1_15' title='bbox 232 1453 396 1510; x_wconf 80' lang='lat' dir='ltr'><strong>unisonum.</strong></span> <span class='ocrx_word' id='word_1_16' title='bbox 441 1445 514 1505; x_wconf 86' lang='lat' dir='ltr'><strong>Mihi</strong></span> <span class='ocrx_word' id='word_1_17' title='bbox 539 1465 601 1505; x_wconf 85' lang='lat' dir='ltr'><strong>snas</strong></span> <span class='ocrx_word' id='word_1_18' title='bbox 625 1458 669 1507; x_wconf 90' lang='lat' dir='ltr'><strong>cst</strong></span> <span class='ocrx_word' id='word_1_19' title='bbox 691 1459 723 1506; x_wconf 89' lang='lat' dir='ltr'><strong>nt</strong></span> <span class='ocrx_word' id='word_1_20' title='bbox 746 1444 884 1523; x_wconf 82' lang='lat' dir='ltr'><strong>binarius,</strong></span> <span class='ocrx_word' id='word_1_21' title='bbox 909 1453 1015 1509; x_wconf 88' lang='lat' dir='ltr'><strong>lamina</strong></span> <span class='ocrx_word' id='word_1_22' title='bbox 1039 1459 1070 1509; x_wconf 92' lang='lat' dir='ltr'><strong>ut</strong></span> <span class='ocrx_word' id='word_1_23' title='bbox 1093 1454 1198 1523; x_wconf 89' lang='lat' dir='ltr'><strong>unitas,</strong></span> <span class='ocrx_word' id='word_1_24' title='bbox 1222 1452 1332 1507; x_wconf 89' lang='lat' dir='ltr'><strong>ratione</strong></span> <span class='ocrx_word' id='word_1_25' title='bbox 1356 1448 1475 1524; x_wconf 90' lang='lat' dir='ltr'><strong>quidem</strong></span> <span class='ocrx_word' id='word_1_26' title='bbox 1499 1467 1580 1508; x_wconf 90' lang='lat' dir='ltr'><strong>com-</strong></span> 
     </span>
     <span class='ocr_line' id='line_1_4' title="bbox 232 1535 1576 1616; baseline -0.001 -21"><span class='ocrx_word' id='word_1_27' title='bbox 232 1539 392 1616; x_wconf 80' lang='lat' dir='ltr'><strong>parationis</strong></span> <span class='ocrx_word' id='word_1_28' title='bbox 416 1551 481 1594; x_wconf 87' lang='lat' dir='ltr'><strong>cum</strong></span> <span class='ocrx_word' id='word_1_29' title='bbox 504 1535 718 1594; x_wconf 90' lang='lat' dir='ltr'><strong>coucnrdantiis</strong></span> <span class='ocrx_word' id='word_1_30' title='bbox 741 1540 869 1599; x_wconf 83' lang='lat' dir='ltr'><strong>musicis.</strong></span> <span class='ocrx_word' id='word_1_31' title='bbox 915 1538 976 1610; x_wconf 79' lang='lat' dir='ltr'><strong>Tu,</strong></span> <span class='ocrx_word' id='word_1_32' title='bbox 1000 1542 1025 1596; x_wconf 89' lang='lat' dir='ltr'><strong>si</strong></span> <span class='ocrx_word' id='word_1_33' title='bbox 1049 1538 1145 1616; x_wconf 85' lang='lat' dir='ltr'><strong>lubet,</strong></span> <span class='ocrx_word' id='word_1_34' title='bbox 1175 1550 1254 1595; x_wconf 82' lang='lat' dir='ltr'><strong>verte</strong></span> <span class='ocrx_word' id='word_1_35' title='bbox 1278 1536 1423 1606; x_wconf 89' lang='lat' dir='ltr'><strong>ordinem,</strong></span> <span class='ocrx_word' id='word_1_36' title='bbox 1452 1539 1491 1596; x_wconf 90' lang='lat' dir='ltr'><strong>sit</strong></span> <span class='ocrx_word' id='word_1_37' title='bbox 1514 1555 1576 1594; x_wconf 86' lang='lat' dir='ltr'><strong>mas</strong></span> 
     </span>
     <span class='ocr_line' id='line_1_5' title="bbox 231 1624 1578 1702; baseline -0.003 -19"><span class='ocrx_word' id='word_1_38' title='bbox 231 1627 338 1698; x_wconf 78' lang='lat' dir='ltr'><strong>unitas,</strong></span> <span class='ocrx_word' id='word_1_39' title='bbox 363 1624 470 1681; x_wconf 85' lang='lat' dir='ltr'><strong>lemine</strong></span> <span class='ocrx_word' id='word_1_40' title='bbox 493 1624 630 1694; x_wconf 86' lang='lat' dir='ltr'><strong>binarius,</strong></span> <span class='ocrx_word' id='word_1_41' title='bbox 655 1631 809 1701; x_wconf 86' lang='lat' dir='ltr'><strong>propterea</strong></span> <span class='ocrx_word' id='word_1_42' title='bbox 832 1630 901 1700; x_wconf 89' lang='lat' dir='ltr'><strong>quia</strong></span> <span class='ocrx_word' id='word_1_43' title='bbox 925 1625 1023 1685; x_wconf 88' lang='lat' dir='ltr'><strong>tardos</strong></span> <span class='ocrx_word' id='word_1_44' title='bbox 1046 1643 1133 1683; x_wconf 77' lang='lat' dir='ltr'><strong>sorios</strong></span> <span class='ocrx_word' id='word_1_45' title='bbox 1156 1627 1295 1682; x_wconf 86' lang='lat' dir='ltr'><strong>materiae</strong></span> <span class='ocrx_word' id='word_1_46' title='bbox 1318 1640 1481 1702; x_wconf 81' lang='lat' dir='ltr'><strong>comparas,</strong></span> <span class='ocrx_word' id='word_1_47' title='bbox 1506 1624 1578 1682; x_wconf 87' lang='lat' dir='ltr'><strong>tardi</strong></span> 
     </span>
     <span class='ocr_line' id='line_1_6' title="bbox 233 1710 1492 1785; baseline -0.004 -13"><span class='ocrx_word' id='word_1_48' title='bbox 233 1714 312 1772; x_wconf 89' lang='lat' dir='ltr'><strong>enim</strong></span> <span class='ocrx_word' id='word_1_49' title='bbox 333 1711 399 1769; x_wconf 87' lang='lat' dir='ltr'><strong>soni</strong></span> <span class='ocrx_word' id='word_1_50' title='bbox 423 1710 583 1785; x_wconf 86' lang='lat' dir='ltr'><strong>maj0ribus</strong></span> <span class='ocrx_word' id='word_1_51' title='bbox 605 1713 818 1785; x_wconf 80' lang='lat' dir='ltr'><strong>quantitatibus</strong></span> <span class='ocrx_word' id='word_1_52' title='bbox 841 1712 1015 1782; x_wconf 81' lang='lat' dir='ltr'><strong>familiares,</strong></span> <span class='ocrx_word' id='word_1_53' title='bbox 1041 1722 1072 1770; x_wconf 91' lang='lat' dir='ltr'><strong>ut</strong></span> <span class='ocrx_word' id='word_1_54' title='bbox 1095 1715 1216 1771; x_wconf 75' lang='lat' dir='ltr'><strong>stratoria</strong></span> <span class='ocrx_word' id='word_1_55' title='bbox 1239 1712 1371 1771; x_wconf 85' lang='lat' dir='ltr'><strong>feminae.</strong></span> <span class='ocrx_word' id='word_1_56' title='bbox 1488 1715 1492 1723; x_wconf 85' lang='lat'>&#39;</span> 
     </span>
     <span class='ocr_line' id='line_1_7' title="bbox 317 1796 1578 1874; baseline -0.001 -17"><span class='ocrx_word' id='word_1_57' title='bbox 317 1798 469 1867; x_wconf 85' lang='lat' dir='ltr'><strong>Hactenus</strong></span> <span class='ocrx_word' id='word_1_58' title='bbox 492 1800 593 1872; x_wconf 89' lang='lat' dir='ltr'><strong>itaque</strong></span> <span class='ocrx_word' id='word_1_59' title='bbox 616 1797 760 1856; x_wconf 85' lang='lat' dir='ltr'><strong>collusum</strong></span> <span class='ocrx_word' id='word_1_60' title='bbox 782 1801 866 1858; x_wconf 88' lang='lat' dir='ltr'><strong>nobis</strong></span> <span class='ocrx_word' id='word_1_61' title='bbox 891 1813 935 1858; x_wconf 90' lang='lat' dir='ltr'><strong>est</strong></span> <span class='ocrx_word' id='word_1_62' title='bbox 957 1798 1120 1874; x_wconf 70' lang='lat' dir='ltr'><strong>aretalogils,</strong></span> <span class='ocrx_word' id='word_1_63' title='bbox 1154 1807 1185 1859; x_wconf 92' lang='lat' dir='ltr'><strong>at</strong></span> <span class='ocrx_word' id='word_1_64' title='bbox 1203 1799 1265 1873; x_wconf 89' lang='lat' dir='ltr'><strong>jam</strong></span> <span class='ocrx_word' id='word_1_65' title='bbox 1291 1802 1318 1855; x_wconf 91' lang='lat' dir='ltr'><strong>in</strong></span> <span class='ocrx_word' id='word_1_66' title='bbox 1342 1797 1458 1857; x_wconf 85' lang='lat' dir='ltr'><strong>diversa</strong></span> <span class='ocrx_word' id='word_1_67' title='bbox 1482 1796 1578 1856; x_wconf 89' lang='lat' dir='ltr'><strong>disce-</strong></span> 
     </span>
     <span class='ocr_line' id='line_1_8' title="bbox 232 1885 1582 1963; baseline -0.002 -18"><span class='ocrx_word' id='word_1_68' title='bbox 232 1885 337 1959; x_wconf 89' lang='lat' dir='ltr'><strong>dimus,</strong></span> <span class='ocrx_word' id='word_1_69' title='bbox 361 1886 430 1943; x_wconf 92' lang='lat' dir='ltr'><strong>dum</strong></span> <span class='ocrx_word' id='word_1_70' title='bbox 453 1893 483 1942; x_wconf 89' lang='lat' dir='ltr'><strong>tu</strong></span> <span class='ocrx_word' id='word_1_71' title='bbox 507 1902 605 1961; x_wconf 81' lang='lat' dir='ltr'><strong>negas,</strong></span> <span class='ocrx_word' id='word_1_72' title='bbox 628 1888 694 1943; x_wconf 88' lang='lat' dir='ltr'><strong>sine</strong></span> <span class='ocrx_word' id='word_1_73' title='bbox 715 1888 865 1961; x_wconf 76' lang='lat' dir='ltr'><strong>cnalopiis</strong></span> <span class='ocrx_word' id='word_1_74' title='bbox 886 1888 962 1945; x_wconf 84' lang='lat' dir='ltr'><strong>hisee</strong></span> <span class='ocrx_word' id='word_1_75' title='bbox 983 1890 1138 1962; x_wconf 82' lang='lat' dir='ltr'><strong>perveniri</strong></span> <span class='ocrx_word' id='word_1_76' title='bbox 1158 1904 1242 1963; x_wconf 89' lang='lat' dir='ltr'><strong>posse</strong></span> <span class='ocrx_word' id='word_1_77' title='bbox 1270 1886 1317 1943; x_wconf 90' lang='lat' dir='ltr'><strong>vel</strong></span> <span class='ocrx_word' id='word_1_78' title='bbox 1338 1886 1379 1943; x_wconf 92' lang='lat' dir='ltr'><strong>ad</strong></span> <span class='ocrx_word' id='word_1_79' title='bbox 1400 1886 1582 1943; x_wconf 75' lang='lat' dir='ltr'><strong>hannoniae</strong></span> 
     </span>
     <span class='ocr_line' id='line_1_9' title="bbox 231 1971 1580 2050; baseline -0.003 -16"><span class='ocrx_word' id='word_1_80' title='bbox 231 1981 377 2034; x_wconf 84' lang='lat' dir='ltr'><strong>secretum</strong></span> <span class='ocrx_word' id='word_1_81' title='bbox 399 1972 445 2030; x_wconf 84' lang='lat' dir='ltr'><strong>nei</strong></span> <span class='ocrx_word' id='word_1_82' title='bbox 466 1971 508 2030; x_wconf 94' lang='lat' dir='ltr'><strong>ad</strong></span> <span class='ocrx_word' id='word_1_83' title='bbox 528 1980 667 2031; x_wconf 83' lang='lat' dir='ltr'><strong>nwtuum</strong></span> <span class='ocrx_word' id='word_1_84' title='bbox 690 1974 857 2032; x_wconf 85' lang='lat' dir='ltr'><strong>coelestium</strong></span> <span class='ocrx_word' id='word_1_85' title='bbox 880 1978 1039 2050; x_wconf 72' lang='lat' dir='ltr'><strong>mysteria3</strong></span> <span class='ocrx_word' id='word_1_86' title='bbox 1063 1978 1115 2045; x_wconf 89' lang='lat' dir='ltr'><strong>ais,</strong></span> <span class='ocrx_word' id='word_1_87' title='bbox 1139 1974 1288 2031; x_wconf 89' lang='lat' dir='ltr'><strong>mensuris</strong></span> <span class='ocrx_word' id='word_1_88' title='bbox 1300 1980 1484 2047; x_wconf 88' lang='lat' dir='ltr'><strong>potestatum</strong></span> <span class='ocrx_word' id='word_1_89' title='bbox 1507 1980 1580 2030; x_wconf 89' lang='lat' dir='ltr'><strong>tuo-</strong></span> 
     </span>
     <span class='ocr_line' id='line_1_10' title="bbox 231 2059 1580 2137; baseline -0.003 -16"><span class='ocrx_word' id='word_1_90' title='bbox 231 2079 305 2121; x_wconf 85' lang='lat' dir='ltr'><strong>rum</strong></span> <span class='ocrx_word' id='word_1_91' title='bbox 335 2062 527 2119; x_wconf 66' lang='lat' dir='ltr'><strong>modusimis</strong></span> <span class='ocrx_word' id='word_1_92' title='bbox 557 2059 747 2133; x_wconf 86' lang='lat' dir='ltr'><strong>harmonias,</strong></span> <span class='ocrx_word' id='word_1_93' title='bbox 777 2066 920 2137; x_wconf 73' lang='lat' dir='ltr'><strong>naysteria</strong></span> <span class='ocrx_word' id='word_1_94' title='bbox 951 2070 1084 2119; x_wconf 87' lang='lat' dir='ltr'><strong>naturae</strong></span> <span class='ocrx_word' id='word_1_95' title='bbox 1111 2059 1268 2119; x_wconf 85' lang='lat' dir='ltr'><strong>elmundi</strong></span> <span class='ocrx_word' id='word_1_96' title='bbox 1290 2060 1495 2132; x_wconf 70' lang='lat' dir='ltr'><strong>molossus,-</strong></span> <span class='ocrx_word' id='word_1_97' title='bbox 1527 2062 1580 2129; x_wconf 91' lang='lat' dir='ltr'><strong>ais,</strong></span> 
     </span>
     <span class='ocr_line' id='line_1_11' title="bbox 231 2146 1581 2224; baseline -0.004 -16"><span class='ocrx_word' id='word_1_98' title='bbox 231 2148 311 2208; x_wconf 70' lang='lat' dir='ltr'><strong>aare</strong></span> <span class='ocrx_word' id='word_1_99' title='bbox 332 2164 392 2206; x_wconf 87' lang='lat' dir='ltr'><strong>esee</strong></span> <span class='ocrx_word' id='word_1_100' title='bbox 412 2146 582 2205; x_wconf 70' lang='lat' dir='ltr'><strong>doctrinam</strong></span> <span class='ocrx_word' id='word_1_101' title='bbox 605 2147 716 2219; x_wconf 88' lang='lat' dir='ltr'><strong>solam,</strong></span> <span class='ocrx_word' id='word_1_102' title='bbox 739 2150 803 2204; x_wconf 88' lang='lat' dir='ltr'><strong>sine</strong></span> <span class='ocrx_word' id='word_1_103' title='bbox 825 2167 887 2223; x_wconf 88' lang='lat' dir='ltr'><strong>qua</strong></span> <span class='ocrx_word' id='word_1_104' title='bbox 909 2148 998 2207; x_wconf 73' lang='lat' dir='ltr'><strong>trullo</strong></span> <span class='ocrx_word' id='word_1_105' title='bbox 1022 2167 1182 2219; x_wconf 87' lang='lat' dir='ltr'><strong>mensura,</strong></span> <span class='ocrx_word' id='word_1_106' title='bbox 1204 2151 1361 2224; x_wconf 80' lang='lat' dir='ltr'><strong>proportio</strong></span> <span class='ocrx_word' id='word_1_107' title='bbox 1383 2154 1437 2205; x_wconf 91' lang='lat' dir='ltr'><strong>etc.</strong></span> <span class='ocrx_word' id='word_1_108' title='bbox 1460 2148 1581 2222; x_wconf 87' lang='lat' dir='ltr'><strong>acquiri</strong></span> 
     </span>
     <span class='ocr_line' id='line_1_12' title="bbox 228 2235 1580 2312; baseline -0.001 -18"><span class='ocrx_word' id='word_1_109' title='bbox 228 2238 325 2312; x_wconf 82' lang='lat' dir='ltr'><strong>possit</strong></span> <span class='ocrx_word' id='word_1_110' title='bbox 332 2256 344 2310; x_wconf 90' lang='lat'><strong>,·</strong></span> <span class='ocrx_word' id='word_1_111' title='bbox 374 2236 436 2306; x_wconf 89' lang='lat' dir='ltr'><strong>ais,</strong></span> <span class='ocrx_word' id='word_1_112' title='bbox 464 2236 528 2291; x_wconf 84' lang='lat' dir='ltr'><strong>sine</strong></span> <span class='ocrx_word' id='word_1_113' title='bbox 549 2235 603 2292; x_wconf 90' lang='lat' dir='ltr'><strong>hoc</strong></span> <span class='ocrx_word' id='word_1_114' title='bbox 625 2237 790 2309; x_wconf 88' lang='lat' dir='ltr'><strong>sapientiae</strong></span> <span class='ocrx_word' id='word_1_115' title='bbox 815 2236 1001 2293; x_wconf 77' lang='lat' dir='ltr'><strong>Hemneticae</strong></span> <span class='ocrx_word' id='word_1_116' title='bbox 1029 2236 1107 2295; x_wconf 88' lang='lat' dir='ltr'><strong>dono</strong></span> <span class='ocrx_word' id='word_1_117' title='bbox 1131 2238 1282 2293; x_wconf 76' lang='lat' dir='ltr'><strong>nemiuem</strong></span> <span class='ocrx_word' id='word_1_118' title='bbox 1311 2237 1452 2292; x_wconf 80' lang='lat' dir='ltr'><strong>scientiae</strong></span> <span class='ocrx_word' id='word_1_119' title='bbox 1481 2240 1580 2292; x_wconf 87' lang='lat' dir='ltr'><strong>astro·</strong></span> 
     </span>
     <span class='ocr_line' id='line_1_13' title="bbox 231 2319 1581 2399; baseline -0.004 -17"><span class='ocrx_word' id='word_1_120' title='bbox 231 2326 354 2382; x_wconf 84' lang='lat' dir='ltr'><strong>nomiae</strong></span> <span class='ocrx_word' id='word_1_121' title='bbox 374 2323 507 2399; x_wconf 85' lang='lat' dir='ltr'><strong>peritum</strong></span> <span class='ocrx_word' id='word_1_122' title='bbox 529 2320 565 2378; x_wconf 87' lang='lat' dir='ltr'><strong>de</strong></span> <span class='ocrx_word' id='word_1_123' title='bbox 585 2321 719 2379; x_wconf 87' lang='lat' dir='ltr'><strong>siderum</strong></span> <span class='ocrx_word' id='word_1_124' title='bbox 741 2328 801 2380; x_wconf 85' lang='lat' dir='ltr'><strong>situ</strong></span> <span class='ocrx_word' id='word_1_125' title='bbox 823 2331 851 2379; x_wconf 92' lang='lat' dir='ltr'><strong>et</strong></span> <span class='ocrx_word' id='word_1_126' title='bbox 872 2323 1001 2384; x_wconf 84' lang='lat' dir='ltr'><strong>motibus</strong></span> <span class='ocrx_word' id='word_1_127' title='bbox 1023 2331 1099 2381; x_wconf 90' lang='lat' dir='ltr'><strong>recte</strong></span> <span class='ocrx_word' id='word_1_128' title='bbox 1120 2319 1262 2394; x_wconf 83' lang='lat' dir='ltr'><strong>judicare</strong></span> <span class='ocrx_word' id='word_1_129' title='bbox 1291 2339 1391 2395; x_wconf 80' lang='lat' dir='ltr'><strong>posse3</strong></span> <span class='ocrx_word' id='word_1_130' title='bbox 1424 2323 1483 2391; x_wconf 86' lang='lat' dir='ltr'><strong>ais,</strong></span> <span class='ocrx_word' id='word_1_131' title='bbox 1517 2323 1581 2376; x_wconf 87' lang='lat' dir='ltr'><strong>sine</strong></span> 
     </span>
     <span class='ocr_line' id='line_1_14' title="bbox 171 2409 1580 2485; baseline -0.004 -17"><span class='ocrx_word' id='word_1_132' title='bbox 171 2469 173 2474; x_wconf 82' lang='grc'>,</span> <span class='ocrx_word' id='word_1_133' title='bbox 236 2410 281 2468; x_wconf 87' lang='lat' dir='ltr'><strong>bis</strong></span> <span class='ocrx_word' id='word_1_134' title='bbox 303 2411 449 2468; x_wconf 76' lang='lat' dir='ltr'><strong>neminem</strong></span> <span class='ocrx_word' id='word_1_135' title='bbox 472 2410 506 2464; x_wconf 85' lang='lat' dir='ltr'><strong>iu</strong></span> <span class='ocrx_word' id='word_1_136' title='bbox 527 2410 683 2465; x_wconf 80' lang='lat' dir='ltr'><strong>seientiam</strong></span> <span class='ocrx_word' id='word_1_137' title='bbox 706 2409 843 2484; x_wconf 85' lang='lat' dir='ltr'><strong>aliquam</strong></span> <span class='ocrx_word' id='word_1_138' title='bbox 867 2427 903 2468; x_wconf 79' lang='lat' dir='ltr'><strong>er</strong></span> <span class='ocrx_word' id='word_1_139' title='bbox 918 2411 1011 2477; x_wconf 71' lang='lat' dir='ltr'><strong>illisi</strong></span> <span class='ocrx_word' id='word_1_140' title='bbox 1026 2410 1200 2470; x_wconf 81' lang='lat' dir='ltr'><strong>liberalibus</strong></span> <span class='ocrx_word' id='word_1_141' title='bbox 1218 2416 1294 2467; x_wconf 87' lang='lat' dir='ltr'><strong>reate</strong></span> <span class='ocrx_word' id='word_1_142' title='bbox 1306 2417 1466 2485; x_wconf 86' lang='lat' dir='ltr'><strong>penetrare</strong></span> <span class='ocrx_word' id='word_1_143' title='bbox 1480 2424 1580 2482; x_wconf 81' lang='lat' dir='ltr'><strong>posse3</strong></span> 
     </span>
     <span class='ocr_line' id='line_1_15' title="bbox 233 2494 1580 2572; baseline -0.002 -16"><span class='ocrx_word' id='word_1_144' title='bbox 233 2514 327 2556; x_wconf 89' lang='lat' dir='ltr'><strong>meam</strong></span> <span class='ocrx_word' id='word_1_145' title='bbox 349 2497 480 2561; x_wconf 84' lang='lat' dir='ltr'><strong>vicissim</strong></span> <span class='ocrx_word' id='word_1_146' title='bbox 503 2498 710 2553; x_wconf 84' lang='lat' dir='ltr'><strong>astronomiam</strong></span> <span class='ocrx_word' id='word_1_147' title='bbox 733 2496 866 2572; x_wconf 88' lang='lat' dir='ltr'><strong>appellas</strong></span> <span class='ocrx_word' id='word_1_148' title='bbox 889 2499 1100 2572; x_wconf 81' lang='lat' dir='ltr'><strong>imaginariam.</strong></span> <span class='ocrx_word' id='word_1_149' title='bbox 1147 2496 1209 2571; x_wconf 82' lang='lat' dir='ltr'><strong>Ego</strong></span> <span class='ocrx_word' id='word_1_150' title='bbox 1231 2496 1324 2555; x_wconf 90' lang='lat' dir='ltr'><strong>multa</strong></span> <span class='ocrx_word' id='word_1_151' title='bbox 1352 2494 1469 2571; x_wconf 88' lang='lat' dir='ltr'><strong>quidem</strong></span> <span class='ocrx_word' id='word_1_152' title='bbox 1495 2494 1580 2553; x_wconf 89' lang='lat' dir='ltr'><strong>video</strong></span> 
     </span>
     <span class='ocr_line' id='line_1_16' title="bbox 233 2581 1579 2664; baseline -0.004 -22"><span class='ocrx_word' id='word_1_153' title='bbox 233 2586 371 2664; x_wconf 89' lang='lat' dir='ltr'><strong>promitti,</strong></span> <span class='ocrx_word' id='word_1_154' title='bbox 395 2581 493 2641; x_wconf 88' lang='lat' dir='ltr'><strong>malim</strong></span> <span class='ocrx_word' id='word_1_155' title='bbox 517 2590 613 2644; x_wconf 87' lang='lat' dir='ltr'><strong>tamen</strong></span> <span class='ocrx_word' id='word_1_156' title='bbox 637 2581 714 2641; x_wconf 88' lang='lat' dir='ltr'><strong>clare</strong></span> <span class='ocrx_word' id='word_1_157' title='bbox 730 2581 956 2642; x_wconf 82' lang='lat' dir='ltr'><strong>demonstrandi</strong></span> <span class='ocrx_word' id='word_1_158' title='bbox 1001 2583 1076 2643; x_wconf 87' lang='lat' dir='ltr'><strong>Nam</strong></span> <span class='ocrx_word' id='word_1_159' title='bbox 1092 2585 1271 2642; x_wconf 85' lang='lat' dir='ltr'><strong>astronomia</strong></span> <span class='ocrx_word' id='word_1_160' title='bbox 1286 2590 1394 2656; x_wconf 86' lang='lat' dir='ltr'><strong>nostra,</strong></span> <span class='ocrx_word' id='word_1_161' title='bbox 1419 2583 1579 2653; x_wconf 87' lang='lat' dir='ltr'><strong>hominum,</strong></span> 
     </span>
     <span class='ocr_line' id='line_1_17' title="bbox 234 2667 1578 2748; baseline -0.004 -16"><span class='ocrx_word' id='word_1_162' title='bbox 234 2681 376 2748; x_wconf 85' lang='lat' dir='ltr'><strong>quantum</strong></span> <span class='ocrx_word' id='word_1_163' title='bbox 399 2686 454 2745; x_wconf 90' lang='lat' dir='ltr'><strong>ego</strong></span> <span class='ocrx_word' id='word_1_164' title='bbox 477 2670 547 2739; x_wconf 89' lang='lat' dir='ltr'><strong>scio,</strong></span> <span class='ocrx_word' id='word_1_165' title='bbox 572 2670 690 2729; x_wconf 86' lang='lat' dir='ltr'><strong>minime</strong></span> <span class='ocrx_word' id='word_1_166' title='bbox 713 2669 945 2729; x_wconf 85' lang='lat' dir='ltr'><strong>Hermeticornm</strong></span> <span class='ocrx_word' id='word_1_167' title='bbox 968 2667 1004 2748; x_wconf 84' lang='lat' dir='ltr'><strong>(si</strong></span> <span class='ocrx_word' id='word_1_168' title='bbox 1018 2670 1188 2748; x_wconf 77' lang='lat' dir='ltr'><strong>&#39;Pythonem</strong></span> <span class='ocrx_word' id='word_1_169' title='bbox 1208 2667 1347 2748; x_wconf 82' lang='lat' dir='ltr'><strong>excipias)</strong></span> <span class='ocrx_word' id='word_1_170' title='bbox 1368 2673 1398 2727; x_wconf 91' lang='lat' dir='ltr'><strong>in</strong></span> <span class='ocrx_word' id='word_1_171' title='bbox 1422 2670 1578 2747; x_wconf 88' lang='lat' dir='ltr'><strong>propatulo</strong></span> 
     </span>
    </p>
   </div>
   <div class='ocr_carea' id='block_1_3' title="bbox 91 2746 1581 3104">
    <p class='ocr_par' dir='ltr' id='par_1_3' title="bbox 91 2746 1581 3104">
     <span class='ocr_line' id='line_1_18' title="bbox 101 2746 1578 2838; baseline -0.001 -23"><span class='ocrx_word' id='word_1_172' title='bbox 101 2746 114 2784; x_wconf 80' lang='grc'><strong>·’</strong></span> <span class='ocrx_word' id='word_1_173' title='bbox 285 2802 292 2831; x_wconf 89' lang='grc'>,</span> <span class='ocrx_word' id='word_1_174' title='bbox 322 2761 386 2834; x_wconf 81' lang='lat' dir='ltr'><strong>ipss</strong></span> <span class='ocrx_word' id='word_1_175' title='bbox 409 2773 461 2833; x_wconf 93' lang='lat' dir='ltr'><strong>pro</strong></span> <span class='ocrx_word' id='word_1_176' title='bbox 483 2774 515 2815; x_wconf 91' lang='lat' dir='ltr'><strong>sc</strong></span> <span class='ocrx_word' id='word_1_177' title='bbox 538 2754 674 2831; x_wconf 90' lang='lat' dir='ltr'><strong>loquitur.</strong></span> <span class='ocrx_word' id='word_1_178' title='bbox 719 2756 784 2815; x_wconf 90' lang='lat' dir='ltr'><strong>Non</strong></span> <span class='ocrx_word' id='word_1_179' title='bbox 808 2758 941 2838; x_wconf 83' lang='lat' dir='ltr'><strong>expedit,</strong></span> <span class='ocrx_word' id='word_1_180' title='bbox 973 2758 1121 2817; x_wconf 89' lang='lat' dir='ltr'><strong>studiosos</strong></span> <span class='ocrx_word' id='word_1_181' title='bbox 1144 2759 1286 2818; x_wconf 89' lang='lat' dir='ltr'><strong>bonarum</strong></span> <span class='ocrx_word' id='word_1_182' title='bbox 1309 2760 1430 2830; x_wconf 88' lang='lat' dir='ltr'><strong>artium,</strong></span> <span class='ocrx_word' id='word_1_183' title='bbox 1458 2755 1578 2815; x_wconf 88' lang='lat' dir='ltr'><strong>dimissa</strong></span> 
     </span>
     <span class='ocr_line' id='line_1_19' title="bbox 91 2843 1579 2922; baseline -0.001 -20"><span class='ocrx_word' id='word_1_184' title='bbox 91 2857 101 2894; x_wconf 85' lang='lat'><strong>-·&#39;</strong></span> <span class='ocrx_word' id='word_1_185' title='bbox 344 2852 485 2903; x_wconf 88' lang='lat' dir='ltr'><strong>ntemtum</strong></span> <span class='ocrx_word' id='word_1_186' title='bbox 507 2846 685 2902; x_wconf 87' lang='lat' dir='ltr'><strong>astronomia</strong></span> <span class='ocrx_word' id='word_1_187' title='bbox 708 2843 831 2919; x_wconf 87' lang='lat' dir='ltr'><strong>vulgari,</strong></span> <span class='ocrx_word' id='word_1_188' title='bbox 854 2849 912 2904; x_wconf 90' lang='lat' dir='ltr'><strong>tuis</strong></span> <span class='ocrx_word' id='word_1_189' title='bbox 929 2845 1046 2904; x_wconf 86' lang='lat' dir='ltr'><strong>&#39;inhiare</strong></span> <span class='ocrx_word' id='word_1_190' title='bbox 1069 2847 1320 2922; x_wconf 87' lang='lat' dir='ltr'><strong>promissionibus,</strong></span> <span class='ocrx_word' id='word_1_191' title='bbox 1346 2863 1400 2904; x_wconf 89' lang='lat' dir='ltr'><strong>nec</strong></span> <span class='ocrx_word' id='word_1_192' title='bbox 1422 2852 1579 2920; x_wconf 90' lang='lat' dir='ltr'><strong>postquam</strong></span> 
     </span>
     <span class='ocr_line' id='line_1_20' title="bbox 94 2930 1580 3009; baseline -0.001 -19"><span class='ocrx_word' id='word_1_193' title='bbox 94 2931 98 2983; x_wconf 75' lang='grc' dir='ltr'>ζ</span> <span class='ocrx_word' id='word_1_194' title='bbox 327 2947 423 2991; x_wconf 74' lang='lat' dir='ltr'><strong>..unna</strong></span> <span class='ocrx_word' id='word_1_195' title='bbox 444 2930 583 2989; x_wconf 85' lang='lat' dir='ltr'><strong>methodo</strong></span> <span class='ocrx_word' id='word_1_196' title='bbox 606 2940 674 2989; x_wconf 91' lang='lat' dir='ltr'><strong>sunt</strong></span> <span class='ocrx_word' id='word_1_197' title='bbox 696 2934 724 2988; x_wconf 93' lang='lat' dir='ltr'><strong>in</strong></span> <span class='ocrx_word' id='word_1_198' title='bbox 748 2932 840 2990; x_wconf 89' lang='lat' dir='ltr'><strong>lucem</strong></span> <span class='ocrx_word' id='word_1_199' title='bbox 864 2932 997 3009; x_wconf 87' lang='lat' dir='ltr'><strong>prolatae</strong></span> <span class='ocrx_word' id='word_1_200' title='bbox 1026 2951 1131 2992; x_wconf 88' lang='lat' dir='ltr'><strong>causae</strong></span> <span class='ocrx_word' id='word_1_201' title='bbox 1160 2932 1391 3003; x_wconf 80' lang='lat' dir='ltr'><strong>barthoniarnm,</strong></span> <span class='ocrx_word' id='word_1_202' title='bbox 1418 2930 1580 3007; x_wconf 90' lang='lat' dir='ltr'><strong>quidquam</strong></span> 
     </span>
     <span class='ocr_line' id='line_1_21' title="bbox 100 3013 1581 3104; baseline -0.003 -24"><span class='ocrx_word' id='word_1_203' title='bbox 100 3013 107 3026; x_wconf 84' lang='lat'><em>&#39;</em></span> <span class='ocrx_word' id='word_1_204' title='bbox 154 3089 172 3104; x_wconf 83' lang='lat'><strong>.-</strong></span> <span class='ocrx_word' id='word_1_205' title='bbox 270 3013 489 3080; x_wconf 83' lang='lat' dir='ltr'><strong>¹admirationis</strong></span> <span class='ocrx_word' id='word_1_206' title='bbox 519 3018 679 3077; x_wconf 79' lang='lat' dir='ltr'><strong>coricitabis</strong></span> <span class='ocrx_word' id='word_1_207' title='bbox 703 3020 787 3094; x_wconf 90' lang='lat' dir='ltr'><strong>quasi</strong></span> <span class='ocrx_word' id='word_1_208' title='bbox 819 3022 1020 3096; x_wconf 86' lang='lat' dir='ltr'><strong>mysteriorum</strong></span> <span class='ocrx_word' id='word_1_209' title='bbox 1053 3020 1301 3092; x_wconf 88' lang='lat' dir='ltr'><strong>harmonicorum,</strong></span> <span class='ocrx_word' id='word_1_210' title='bbox 1333 3036 1409 3096; x_wconf 91' lang='lat' dir='ltr'><strong>quae</strong></span> <span class='ocrx_word' id='word_1_211' title='bbox 1440 3037 1529 3095; x_wconf 88' lang='lat' dir='ltr'><strong>penas</strong></span> <span class='ocrx_word' id='word_1_212' title='bbox 1554 3029 1581 3075; x_wconf 93' lang='lat' dir='ltr'><strong>te</strong></span> 
     </span>
    </p>
   </div>
   <div class='ocr_carea' id='block_1_4' title="bbox 100 3104 1597 5719">
    <p class='ocr_par' dir='ltr' id='par_1_4' title="bbox 100 3104 1582 3446">
     <span class='ocr_line' id='line_1_22' title="bbox 100 3104 1580 3183; baseline -0.003 -17"><span class='ocrx_word' id='word_1_213' title='bbox 100 3108 104 3118; x_wconf 90' lang='lat'><em>&#39;</em></span> <span class='ocrx_word' id='word_1_214' title='bbox 142 3111 147 3128; x_wconf 88' lang='lat'><strong>¹</strong></span> <span class='ocrx_word' id='word_1_215' title='bbox 285 3126 357 3179; x_wconf 84' lang='lat' dir='ltr'><strong>mus,</strong></span> <span class='ocrx_word' id='word_1_216' title='bbox 381 3107 437 3164; x_wconf 92' lang='lat' dir='ltr'><strong>nisi</strong></span> <span class='ocrx_word' id='word_1_217' title='bbox 459 3104 530 3181; x_wconf 92' lang='lat' dir='ltr'><strong>quid</strong></span> <span class='ocrx_word' id='word_1_218' title='bbox 554 3122 654 3164; x_wconf 74' lang='lat' dir='ltr'><strong>eorunm</strong></span> <span class='ocrx_word' id='word_1_219' title='bbox 677 3108 764 3165; x_wconf 90' lang='lat' dir='ltr'><strong>etiam</strong></span> <span class='ocrx_word' id='word_1_220' title='bbox 788 3108 904 3182; x_wconf 88' lang='lat' dir='ltr'><strong>publice</strong></span> <span class='ocrx_word' id='word_1_221' title='bbox 927 3109 1066 3182; x_wconf 88' lang='lat' dir='ltr'><strong>proleras.</strong></span> <span class='ocrx_word' id='word_1_222' title='bbox 1112 3108 1180 3183; x_wconf 91' lang='lat' dir='ltr'><strong>Ipse</strong></span> <span class='ocrx_word' id='word_1_223' title='bbox 1201 3107 1330 3177; x_wconf 88' lang='lat' dir='ltr'><strong>Procius,</strong></span> <span class='ocrx_word' id='word_1_224' title='bbox 1354 3105 1515 3165; x_wconf 77' lang='lat' dir='ltr'><strong>damblichi</strong></span> <span class='ocrx_word' id='word_1_225' title='bbox 1540 3108 1580 3162; x_wconf 89' lang='lat' dir='ltr'><strong>tui</strong></span> 
     </span>
     <span class='ocr_line' id='line_1_23' title="bbox 234 3192 1581 3272; baseline -0.004 -17"><span class='ocrx_word' id='word_1_226' title='bbox 234 3195 405 3265; x_wconf 82' lang='lat' dir='ltr'><strong>admirator,</strong></span> <span class='ocrx_word' id='word_1_227' title='bbox 428 3192 599 3252; x_wconf 88' lang='lat' dir='ltr'><strong>Platonicae</strong></span> <span class='ocrx_word' id='word_1_228' title='bbox 621 3192 824 3272; x_wconf 87' lang='lat' dir='ltr'><strong>philosophiae</strong></span> <span class='ocrx_word' id='word_1_229' title='bbox 848 3197 984 3268; x_wconf 90' lang='lat' dir='ltr'><strong>antistes,</strong></span> <span class='ocrx_word' id='word_1_230' title='bbox 1008 3194 1199 3270; x_wconf 88' lang='lat' dir='ltr'><strong>philosophus</strong></span> <span class='ocrx_word' id='word_1_231' title='bbox 1223 3194 1421 3264; x_wconf 87' lang='lat' dir='ltr'><strong>admirabilis,</strong></span> <span class='ocrx_word' id='word_1_232' title='bbox 1450 3196 1501 3268; x_wconf 90' lang='lat' dir='ltr'><strong>qui</strong></span> <span class='ocrx_word' id='word_1_233' title='bbox 1524 3210 1581 3250; x_wconf 92' lang='lat' dir='ltr'><strong>nu-</strong></span> 
     </span>
     <span class='ocr_line' id='line_1_24' title="bbox 236 3280 1582 3359; baseline -0.006 -15"><span class='ocrx_word' id='word_1_234' title='bbox 236 3280 332 3344; x_wconf 79' lang='lat' dir='ltr'><strong>mbros</strong></span> <span class='ocrx_word' id='word_1_235' title='bbox 354 3280 567 3358; x_wconf 82' lang='lat' dir='ltr'><strong>Pythagoricos</strong></span> <span class='ocrx_word' id='word_1_236' title='bbox 600 3297 657 3338; x_wconf 91' lang='lat' dir='ltr'><strong>non</strong></span> <span class='ocrx_word' id='word_1_237' title='bbox 689 3289 801 3339; x_wconf 76' lang='lat' dir='ltr'><strong>tatinum</strong></span> <span class='ocrx_word' id='word_1_238' title='bbox 832 3298 883 3356; x_wconf 90' lang='lat' dir='ltr'><strong>per</strong></span> <span class='ocrx_word' id='word_1_239' title='bbox 914 3292 1035 3341; x_wconf 86' lang='lat' dir='ltr'><strong>naturae</strong></span> <span class='ocrx_word' id='word_1_240' title='bbox 1066 3293 1162 3359; x_wconf 89' lang='lat' dir='ltr'><strong>partes</strong></span> <span class='ocrx_word' id='word_1_241' title='bbox 1192 3299 1292 3341; x_wconf 82' lang='lat' dir='ltr'><strong>omrres</strong></span> <span class='ocrx_word' id='word_1_242' title='bbox 1321 3280 1495 3352; x_wconf 83' lang='lat' dir='ltr'><strong>introduxit,</strong></span> <span class='ocrx_word' id='word_1_243' title='bbox 1528 3280 1582 3339; x_wconf 91' lang='lat' dir='ltr'><strong>sed</strong></span> 
     </span>
     <span class='ocr_line' id='line_1_25' title="bbox 237 3366 1582 3446; baseline -0.003 -17"><span class='ocrx_word' id='word_1_244' title='bbox 237 3373 327 3446; x_wconf 90' lang='lat' dir='ltr'><strong>ctiam</strong></span> <span class='ocrx_word' id='word_1_245' title='bbox 359 3386 450 3445; x_wconf 88' lang='lat' dir='ltr'><strong>usquc</strong></span> <span class='ocrx_word' id='word_1_246' title='bbox 477 3367 514 3426; x_wconf 90' lang='lat' dir='ltr'><strong>ad</strong></span> <span class='ocrx_word' id='word_1_247' title='bbox 538 3366 717 3443; x_wconf 85' lang='lat' dir='ltr'><strong>theologiam</strong></span> <span class='ocrx_word' id='word_1_248' title='bbox 746 3370 839 3443; x_wconf 89' lang='lat' dir='ltr'><strong>ipsam</strong></span> <span class='ocrx_word' id='word_1_249' title='bbox 863 3371 973 3440; x_wconf 83' lang='lat' dir='ltr'><strong>evexit,</strong></span> <span class='ocrx_word' id='word_1_250' title='bbox 1004 3367 1068 3441; x_wconf 91' lang='lat' dir='ltr'><strong>hic,</strong></span> <span class='ocrx_word' id='word_1_251' title='bbox 1099 3372 1232 3446; x_wconf 90' lang='lat' dir='ltr'><strong>inquam,</strong></span> <span class='ocrx_word' id='word_1_252' title='bbox 1263 3371 1471 3428; x_wconf 86' lang='lat' dir='ltr'><strong>astronomiam</strong></span> <span class='ocrx_word' id='word_1_253' title='bbox 1494 3368 1582 3445; x_wconf 86' lang='lat' dir='ltr'><strong>hane,</strong></span> 
     </span>
    </p>

    <p class='ocr_par' dir='ltr' id='par_1_5' title="bbox 153 3454 1581 3621">
     <span class='ocr_line' id='line_1_26' title="bbox 153 3454 1581 3534; baseline -0.003 -18"><span class='ocrx_word' id='word_1_254' title='bbox 153 3496 155 3499; x_wconf 93' lang='lat'>-</span> <span class='ocrx_word' id='word_1_255' title='bbox 236 3474 324 3534; x_wconf 90' lang='lat' dir='ltr'><strong>qnam</strong></span> <span class='ocrx_word' id='word_1_256' title='bbox 348 3463 379 3513; x_wconf 92' lang='lat' dir='ltr'><strong>tu</strong></span> <span class='ocrx_word' id='word_1_257' title='bbox 404 3454 476 3514; x_wconf 89' lang='lat' dir='ltr'><strong>dicis</strong></span> <span class='ocrx_word' id='word_1_258' title='bbox 499 3457 714 3529; x_wconf 88' lang='lat' dir='ltr'><strong>imaginariam,</strong></span> <span class='ocrx_word' id='word_1_259' title='bbox 745 3472 802 3512; x_wconf 91' lang='lat' dir='ltr'><strong>non</strong></span> <span class='ocrx_word' id='word_1_260' title='bbox 832 3454 973 3530; x_wconf 83' lang='lat' dir='ltr'><strong>neglexit,</strong></span> <span class='ocrx_word' id='word_1_261' title='bbox 1005 3456 1067 3515; x_wconf 88' lang='lat' dir='ltr'><strong>sed.</strong></span> <span class='ocrx_word' id='word_1_262' title='bbox 1087 3456 1239 3533; x_wconf 87' lang='lat' dir='ltr'><strong>diligenter</strong></span> <span class='ocrx_word' id='word_1_263' title='bbox 1268 3474 1331 3515; x_wconf 86' lang='lat' dir='ltr'><strong>eam</strong></span> <span class='ocrx_word' id='word_1_264' title='bbox 1350 3454 1478 3514; x_wconf 73' lang='lat' dir='ltr'><strong>,tradidit</strong></span> <span class='ocrx_word' id='word_1_265' title='bbox 1507 3456 1581 3514; x_wconf 89' lang='lat' dir='ltr'><strong>libro</strong></span> 
     </span>
     <span class='ocr_line' id='line_1_27' title="bbox 236 3542 900 3621; baseline -0.006 -18"><span class='ocrx_word' id='word_1_266' title='bbox 236 3544 470 3621; x_wconf 87' lang='lat' dir='ltr'><strong>Hypotyposeon</strong></span> <span class='ocrx_word' id='word_1_267' title='bbox 493 3542 761 3600; x_wconf 88' lang='lat' dir='ltr'><strong>Astronomioarum</strong></span> <span class='ocrx_word' id='word_1_268' title='bbox 784 3543 900 3618; x_wconf 88' lang='lat' dir='ltr'><strong>scripto.</strong></span> 
     </span>
    </p>

    <p class='ocr_par' dir='ltr' id='par_1_6' title="bbox 231 3628 1597 4929">
     <span class='ocr_line' id='line_1_28' title="bbox 324 3628 1581 3706; baseline -0.002 -19"><span class='ocrx_word' id='word_1_269' title='bbox 324 3628 376 3687; x_wconf 82' lang='lat' dir='ltr'><strong>lid</strong></span> <span class='ocrx_word' id='word_1_270' title='bbox 400 3628 589 3706; x_wconf 82' lang='lat' dir='ltr'><strong>hnalysin</strong></span> <span class='ocrx_word' id='word_1_271' title='bbox 613 3628 702 3687; x_wconf 85' lang='lat' dir='ltr'>XIX.</span> <span class='ocrx_word' id='word_1_272' title='bbox 747 3628 805 3687; x_wconf 88' lang='lat' dir='ltr'><strong>Hie</strong></span> <span class='ocrx_word' id='word_1_273' title='bbox 828 3632 1054 3688; x_wconf 86' lang='lat' dir='ltr'><strong>inconstantiam</strong></span> <span class='ocrx_word' id='word_1_274' title='bbox 1078 3632 1148 3689; x_wconf 91' lang='lat' dir='ltr'><strong>mihi</strong></span> <span class='ocrx_word' id='word_1_275' title='bbox 1171 3632 1273 3689; x_wconf 89' lang='lat' dir='ltr'><strong>tribuis</strong></span> <span class='ocrx_word' id='word_1_276' title='bbox 1305 3639 1334 3688; x_wconf 92' lang='lat' dir='ltr'><strong>et</strong></span> <span class='ocrx_word' id='word_1_277' title='bbox 1356 3647 1480 3688; x_wconf 86' lang='lat' dir='ltr'><strong>errorem</strong></span> <span class='ocrx_word' id='word_1_278' title='bbox 1505 3631 1581 3687; x_wconf 89' lang='lat' dir='ltr'><strong>circa</strong></span> 
     </span>
     <span class='ocr_line' id='line_1_29' title="bbox 237 3714 1582 3793; baseline -0.005 -16"><span class='ocrx_word' id='word_1_279' title='bbox 237 3728 316 3777; x_wconf 89' lang='lat' dir='ltr'><strong>tuam</strong></span> <span class='ocrx_word' id='word_1_280' title='bbox 342 3718 541 3775; x_wconf 89' lang='lat' dir='ltr'><strong>intentionem.</strong></span> <span class='ocrx_word' id='word_1_281' title='bbox 589 3716 687 3775; x_wconf 84' lang='lat' dir='ltr'><strong>l&#39;ineis</strong></span> <span class='ocrx_word' id='word_1_282' title='bbox 710 3723 834 3791; x_wconf 88' lang='lat' dir='ltr'><strong>utroque</strong></span> <span class='ocrx_word' id='word_1_283' title='bbox 858 3718 991 3789; x_wconf 89' lang='lat' dir='ltr'><strong>crimine,</strong></span> <span class='ocrx_word' id='word_1_284' title='bbox 1023 3736 1090 3776; x_wconf 90' lang='lat' dir='ltr'><strong>nam</strong></span> <span class='ocrx_word' id='word_1_285' title='bbox 1113 3718 1161 3776; x_wconf 90' lang='lat' dir='ltr'><strong>hic</strong></span> <span class='ocrx_word' id='word_1_286' title='bbox 1183 3718 1301 3793; x_wconf 87' lang='lat' dir='ltr'><strong>quidem</strong></span> <span class='ocrx_word' id='word_1_287' title='bbox 1324 3735 1400 3775; x_wconf 87' lang='lat' dir='ltr'><strong>error</strong></span> <span class='ocrx_word' id='word_1_288' title='bbox 1430 3714 1511 3774; x_wconf 89' lang='lat' dir='ltr'><strong>illam</strong></span> <span class='ocrx_word' id='word_1_289' title='bbox 1537 3718 1582 3771; x_wconf 87' lang='lat' dir='ltr'><strong>in-</strong></span> 
     </span>
     <span class='ocr_line' id='line_1_30' title="bbox 236 3803 1580 3880; baseline -0.003 -16"><span class='ocrx_word' id='word_1_290' title='bbox 236 3806 430 3864; x_wconf 90' lang='lat' dir='ltr'><strong>constantiam</strong></span> <span class='ocrx_word' id='word_1_291' title='bbox 463 3812 492 3862; x_wconf 90' lang='lat' dir='ltr'><strong>et</strong></span> <span class='ocrx_word' id='word_1_292' title='bbox 515 3806 625 3880; x_wconf 86' lang='lat' dir='ltr'><strong>peperit</strong></span> <span class='ocrx_word' id='word_1_293' title='bbox 656 3811 686 3861; x_wconf 90' lang='lat' dir='ltr'><strong>et</strong></span> <span class='ocrx_word' id='word_1_294' title='bbox 708 3813 835 3862; x_wconf 84' lang='lat' dir='ltr'><strong>excusat.</strong></span> <span class='ocrx_word' id='word_1_295' title='bbox 880 3804 976 3863; x_wconf 84' lang='lat' dir='ltr'><strong>Emori</strong></span> <span class='ocrx_word' id='word_1_296' title='bbox 1007 3823 1075 3864; x_wconf 81' lang='lat' dir='ltr'><strong>vero</strong></span> <span class='ocrx_word' id='word_1_297' title='bbox 1102 3822 1220 3864; x_wconf 89' lang='lat' dir='ltr'><strong>cansam</strong></span> <span class='ocrx_word' id='word_1_298' title='bbox 1252 3814 1312 3862; x_wconf 92' lang='lat' dir='ltr'><strong>tute</strong></span> <span class='ocrx_word' id='word_1_299' title='bbox 1344 3803 1457 3861; x_wconf 90' lang='lat' dir='ltr'><strong>dedisti.</strong></span> <span class='ocrx_word' id='word_1_300' title='bbox 1504 3803 1580 3862; x_wconf 85' lang='lat' dir='ltr'><strong>Nam</strong></span> 
     </span>
     <span class='ocr_line' id='line_1_31' title="bbox 235 3888 1581 3967; baseline -0.005 -15"><span class='ocrx_word' id='word_1_301' title='bbox 235 3893 289 3952; x_wconf 88' lang='lat' dir='ltr'><strong>tibi</strong></span> <span class='ocrx_word' id='word_1_302' title='bbox 319 3890 459 3949; x_wconf 82' lang='lat' dir='ltr'><strong>familiare</strong></span> <span class='ocrx_word' id='word_1_303' title='bbox 488 3893 618 3965; x_wconf 88' lang='lat' dir='ltr'><strong>sapienti</strong></span> <span class='ocrx_word' id='word_1_304' title='bbox 648 3891 745 3965; x_wconf 89' lang='lat' dir='ltr'><strong>loqui,</strong></span> <span class='ocrx_word' id='word_1_305' title='bbox 777 3899 808 3949; x_wconf 91' lang='lat' dir='ltr'><strong>at</strong></span> <span class='ocrx_word' id='word_1_306' title='bbox 835 3907 904 3965; x_wconf 91' lang='lat' dir='ltr'><strong>ego,</strong></span> <span class='ocrx_word' id='word_1_307' title='bbox 933 3894 956 3949; x_wconf 91' lang='lat' dir='ltr'><strong>si</strong></span> <span class='ocrx_word' id='word_1_308' title='bbox 990 3910 1024 3951; x_wconf 83' lang='lat' dir='ltr'><strong>cx</strong></span> <span class='ocrx_word' id='word_1_309' title='bbox 1054 3892 1151 3950; x_wconf 90' lang='lat' dir='ltr'><strong>stultis</strong></span> <span class='ocrx_word' id='word_1_310' title='bbox 1181 3891 1226 3951; x_wconf 88' lang='lat' dir='ltr'><strong>vel</strong></span> <span class='ocrx_word' id='word_1_311' title='bbox 1250 3891 1454 3967; x_wconf 88' lang='lat' dir='ltr'><strong>ignorantibus</strong></span> <span class='ocrx_word' id='word_1_312' title='bbox 1484 3888 1581 3949; x_wconf 89' lang='lat' dir='ltr'><strong>leecro</strong></span> 
     </span>
     <span class='ocr_line' id='line_1_32' title="bbox 235 3970 1597 4057; baseline -0.004 -17"><span class='ocrx_word' id='word_1_313' title='bbox 235 3970 474 4056; x_wconf 69' lang='lat' dir='ltr'><strong>sapientes,⁸tnm</strong></span> <span class='ocrx_word' id='word_1_314' title='bbox 499 3976 614 4037; x_wconf 91' lang='lat' dir='ltr'><strong>demum</strong></span> <span class='ocrx_word' id='word_1_315' title='bbox 637 3976 682 4035; x_wconf 89' lang='lat' dir='ltr'><strong>mo</strong></span> <span class='ocrx_word' id='word_1_316' title='bbox 706 3979 870 4053; x_wconf 86' lang='lat' dir='ltr'><strong>scriptionis</strong></span> <span class='ocrx_word' id='word_1_317' title='bbox 893 3997 1012 4037; x_wconf 90' lang='lat' dir='ltr'><strong>munere</strong></span> <span class='ocrx_word' id='word_1_318' title='bbox 1035 3980 1124 4057; x_wconf 83' lang='lat' dir='ltr'><strong>proha</strong></span> <span class='ocrx_word' id='word_1_319' title='bbox 1146 3980 1276 4038; x_wconf 85' lang='lat' dir='ltr'><strong>iunctum</strong></span> <span class='ocrx_word' id='word_1_320' title='bbox 1299 3981 1443 4037; x_wconf 85' lang='lat' dir='ltr'><strong>existimo.</strong></span> <span class='ocrx_word' id='word_1_321' title='bbox 1490 3976 1597 4051; x_wconf 89' lang='lat' dir='ltr'><strong>igitur·</strong></span> 
     </span>
     <span class='ocr_line' id='line_1_33' title="bbox 236 4063 1583 4144; baseline -0.001 -20"><span class='ocrx_word' id='word_1_322' title='bbox 236 4066 404 4144; x_wconf 84' lang='lat' dir='ltr'><strong>pyramidas</strong></span> <span class='ocrx_word' id='word_1_323' title='bbox 425 4073 506 4137; x_wconf 89' lang='lat' dir='ltr'><strong>tuas,</strong></span> <span class='ocrx_word' id='word_1_324' title='bbox 540 4063 719 4141; x_wconf 87' lang='lat' dir='ltr'><strong>diagramma</strong></span> <span class='ocrx_word' id='word_1_325' title='bbox 747 4065 997 4138; x_wconf 89' lang='lat' dir='ltr'><strong>mathematicum,</strong></span> <span class='ocrx_word' id='word_1_326' title='bbox 1031 4076 1171 4143; x_wconf 89' lang='lat' dir='ltr'><strong>quantum</strong></span> <span class='ocrx_word' id='word_1_327' title='bbox 1200 4065 1238 4126; x_wconf 91' lang='lat' dir='ltr'><strong>ad</strong></span> <span class='ocrx_word' id='word_1_328' title='bbox 1261 4067 1353 4125; x_wconf 88' lang='lat' dir='ltr'><strong>lineas</strong></span> <span class='ocrx_word' id='word_1_329' title='bbox 1382 4074 1411 4123; x_wconf 89' lang='lat' dir='ltr'><strong>at</strong></span> <span class='ocrx_word' id='word_1_330' title='bbox 1433 4082 1583 4138; x_wconf 87' lang='lat' dir='ltr'><strong>numeros,</strong></span> 
     </span>
     <span class='ocr_line' id='line_1_34' title="bbox 237 4151 1581 4232; baseline -0.004 -17"><span class='ocrx_word' id='word_1_331' title='bbox 237 4154 450 4232; x_wconf 86' lang='lat' dir='ltr'><strong>contemplatus</strong></span> <span class='ocrx_word' id='word_1_332' title='bbox 473 4152 584 4211; x_wconf 89' lang='lat' dir='ltr'><strong>ineram</strong></span> <span class='ocrx_word' id='word_1_333' title='bbox 607 4151 699 4211; x_wconf 89' lang='lat' dir='ltr'><strong>oculis</strong></span> <span class='ocrx_word' id='word_1_334' title='bbox 722 4153 952 4225; x_wconf 89' lang='lat' dir='ltr'><strong>mathematicis,</strong></span> <span class='ocrx_word' id='word_1_335' title='bbox 984 4163 1063 4212; x_wconf 90' lang='lat' dir='ltr'><strong>ratus</strong></span> <span class='ocrx_word' id='word_1_336' title='bbox 1085 4163 1114 4212; x_wconf 89' lang='lat' dir='ltr'><strong>ts</strong></span> <span class='ocrx_word' id='word_1_337' title='bbox 1144 4155 1288 4229; x_wconf 87' lang='lat' dir='ltr'><strong>ignoranti</strong></span> <span class='ocrx_word' id='word_1_338' title='bbox 1312 4153 1382 4211; x_wconf 85' lang='lat' dir='ltr'><strong>mihi</strong></span> <span class='ocrx_word' id='word_1_339' title='bbox 1412 4161 1581 4230; x_wconf 87' lang='lat' dir='ltr'><strong>aperturum</strong></span> 
     </span>
     <span class='ocr_line' id='line_1_35' title="bbox 236 4237 1584 4317; baseline -0.002 -15"><span class='ocrx_word' id='word_1_340' title='bbox 236 4240 349 4317; x_wconf 86' lang='lat' dir='ltr'><strong>aliquid</strong></span> <span class='ocrx_word' id='word_1_341' title='bbox 372 4257 544 4300; x_wconf 86' lang='lat' dir='ltr'><strong>arcanorum</strong></span> <span class='ocrx_word' id='word_1_342' title='bbox 567 4237 654 4316; x_wconf 90' lang='lat' dir='ltr'><strong>idque</strong></span> <span class='ocrx_word' id='word_1_343' title='bbox 677 4257 727 4314; x_wconf 87' lang='lat' dir='ltr'><strong>per</strong></span> <span class='ocrx_word' id='word_1_344' title='bbox 750 4256 841 4316; x_wconf 88' lang='lat' dir='ltr'><strong>genus</strong></span> <span class='ocrx_word' id='word_1_345' title='bbox 864 4241 1009 4299; x_wconf 88' lang='lat' dir='ltr'><strong>scribendi</strong></span> <span class='ocrx_word' id='word_1_346' title='bbox 1032 4244 1223 4300; x_wconf 89' lang='lat' dir='ltr'><strong>communiter</strong></span> <span class='ocrx_word' id='word_1_347' title='bbox 1238 4251 1339 4300; x_wconf 89' lang='lat' dir='ltr'><strong>notum</strong></span> <span class='ocrx_word' id='word_1_348' title='bbox 1355 4242 1484 4316; x_wconf 73' lang='lat' dir='ltr'><strong>utrique,</strong></span> <span class='ocrx_word' id='word_1_349' title='bbox 1509 4239 1584 4299; x_wconf 88' lang='lat' dir='ltr'><strong>haec</strong></span> 
     </span>
     <span class='ocr_line' id='line_1_36' title="bbox 236 4326 1584 4408; baseline -0.001 -22"><span class='ocrx_word' id='word_1_350' title='bbox 236 4330 315 4408; x_wconf 80' lang='lat' dir='ltr'><strong>enim</strong></span> <span class='ocrx_word' id='word_1_351' title='bbox 338 4336 384 4388; x_wconf 90' lang='lat' dir='ltr'><strong>est</strong></span> <span class='ocrx_word' id='word_1_352' title='bbox 404 4327 569 4399; x_wconf 88' lang='lat' dir='ltr'><strong>methodus,</strong></span> <span class='ocrx_word' id='word_1_353' title='bbox 594 4344 653 4403; x_wconf 89' lang='lat' dir='ltr'><strong>qua</strong></span> <span class='ocrx_word' id='word_1_354' title='bbox 676 4326 852 4385; x_wconf 88' lang='lat' dir='ltr'><strong>alteralteri</strong></span> <span class='ocrx_word' id='word_1_355' title='bbox 876 4328 1030 4403; x_wconf 88' lang='lat' dir='ltr'><strong>significat.</strong></span> <span class='ocrx_word' id='word_1_356' title='bbox 1078 4329 1168 4405; x_wconf 75' lang='lat' dir='ltr'><strong>Atqui</strong></span> <span class='ocrx_word' id='word_1_357' title='bbox 1192 4327 1277 4387; x_wconf 89' lang='lat' dir='ltr'><strong>valde</strong></span> <span class='ocrx_word' id='word_1_358' title='bbox 1308 4346 1354 4386; x_wconf 90' lang='lat' dir='ltr'><strong>me</strong></span> <span class='ocrx_word' id='word_1_359' title='bbox 1377 4346 1444 4385; x_wconf 88' lang='lat' dir='ltr'><strong>mea</strong></span> <span class='ocrx_word' id='word_1_360' title='bbox 1466 4326 1584 4403; x_wconf 88' lang='lat' dir='ltr'><strong>decepit</strong></span> 
     </span>
     <span class='ocr_line' id='line_1_37' title="bbox 234 4403 1583 4493; baseline -0.001 -19"><span class='ocrx_word' id='word_1_361' title='bbox 234 4403 349 4493; x_wconf 80' lang='lat' dir='ltr'><strong>&#39;opini03</strong></span> <span class='ocrx_word' id='word_1_362' title='bbox 379 4432 470 4491; x_wconf 86' lang='lat' dir='ltr'><strong>negas</strong></span> <span class='ocrx_word' id='word_1_363' title='bbox 491 4432 618 4474; x_wconf 67' lang='lat' dir='ltr'><strong>momen</strong></span> <span class='ocrx_word' id='word_1_364' title='bbox 647 4414 702 4472; x_wconf 87' lang='lat' dir='ltr'><strong>hoc</strong></span> <span class='ocrx_word' id='word_1_365' title='bbox 721 4413 891 4490; x_wconf 80' lang='lat' dir='ltr'><strong>pyramidis</strong></span> <span class='ocrx_word' id='word_1_366' title='bbox 918 4423 989 4474; x_wconf 85' lang='lat' dir='ltr'><strong>tuae</strong></span> <span class='ocrx_word' id='word_1_367' title='bbox 1018 4416 1247 4474; x_wconf 78' lang='lat' dir='ltr'><strong>mathnnaticoe</strong></span> <span class='ocrx_word' id='word_1_368' title='bbox 1274 4417 1395 4490; x_wconf 82' lang='lat' dir='ltr'><strong>ejusque</strong></span> <span class='ocrx_word' id='word_1_369' title='bbox 1422 4414 1583 4474; x_wconf 85' lang='lat' dir='ltr'><strong>soliditatis</strong></span> 
     </span>
     <span class='ocr_line' id='line_1_38' title="bbox 233 4500 1582 4582; baseline -0.002 -21"><span class='ocrx_word' id='word_1_370' title='bbox 233 4520 302 4561; x_wconf 89' lang='lat' dir='ltr'><strong>cum</strong></span> <span class='ocrx_word' id='word_1_371' title='bbox 331 4504 468 4561; x_wconf 86' lang='lat' dir='ltr'><strong>numeris</strong></span> <span class='ocrx_word' id='word_1_372' title='bbox 498 4503 723 4576; x_wconf 82' lang='lat' dir='ltr'><strong>inquisitionem</strong></span> <span class='ocrx_word' id='word_1_373' title='bbox 756 4500 797 4558; x_wconf 92' lang='lat' dir='ltr'><strong>ad</strong></span> <span class='ocrx_word' id='word_1_374' title='bbox 825 4520 889 4559; x_wconf 88' lang='lat' dir='ltr'><strong>rem</strong></span> <span class='ocrx_word' id='word_1_375' title='bbox 915 4505 1080 4577; x_wconf 86' lang='lat' dir='ltr'><strong>pertinere,</strong></span> <span class='ocrx_word' id='word_1_376' title='bbox 1112 4506 1169 4573; x_wconf 90' lang='lat' dir='ltr'><strong>sis,</strong></span> <span class='ocrx_word' id='word_1_377' title='bbox 1203 4511 1228 4560; x_wconf 87' lang='lat' dir='ltr'><strong>te</strong></span> <span class='ocrx_word' id='word_1_378' title='bbox 1253 4502 1431 4577; x_wconf 71' lang='lat' dir='ltr'><strong>praeeesse</strong></span> <span class='ocrx_word' id='word_1_379' title='bbox 1459 4502 1582 4582; x_wconf 83' lang='lat' dir='ltr'><strong>quidem</strong></span> 
     </span>
     <span class='ocr_line' id='line_1_39' title="bbox 231 4587 1580 4667; baseline -0.001 -20"><span class='ocrx_word' id='word_1_380' title='bbox 231 4589 375 4667; x_wconf 69' lang='lat' dir='ltr'><strong>liparam.</strong></span> <span class='ocrx_word' id='word_1_381' title='bbox 387 4591 611 4665; x_wconf 79' lang='lat' dir='ltr'><strong>peqmetricam,</strong></span> <span class='ocrx_word' id='word_1_382' title='bbox 642 4598 673 4645; x_wconf 88' lang='lat' dir='ltr'><strong>al</strong></span> <span class='ocrx_word' id='word_1_383' title='bbox 695 4605 759 4646; x_wconf 88' lang='lat' dir='ltr'><strong>non</strong></span> <span class='ocrx_word' id='word_1_384' title='bbox 779 4587 860 4660; x_wconf 86' lang='lat' dir='ltr'><strong>ideo,</strong></span> <span class='ocrx_word' id='word_1_385' title='bbox 885 4597 920 4647; x_wconf 87' lang='lat' dir='ltr'><strong>ut</strong></span> <span class='ocrx_word' id='word_1_386' title='bbox 946 4594 1086 4663; x_wconf 85' lang='lat' dir='ltr'><strong>protinus</strong></span> <span class='ocrx_word' id='word_1_387' title='bbox 1108 4589 1150 4647; x_wconf 90' lang='lat' dir='ltr'><strong>od</strong></span> <span class='ocrx_word' id='word_1_388' title='bbox 1170 4590 1415 4649; x_wconf 79' lang='lat' dir='ltr'><strong>mathematicam</strong></span> <span class='ocrx_word' id='word_1_389' title='bbox 1435 4593 1580 4665; x_wconf 76' lang='lat' dir='ltr'><strong>pyrami-</strong></span> 
     </span>
     <span class='ocr_line' id='line_1_40' title="bbox 233 4676 1581 4754; baseline -0.003 -17"><span class='ocrx_word' id='word_1_390' title='bbox 233 4676 279 4737; x_wconf 83' lang='lat' dir='ltr'><strong>dis</strong></span> <span class='ocrx_word' id='word_1_391' title='bbox 307 4679 549 4737; x_wconf 74' lang='lat' dir='ltr'><strong>emneaumem</strong></span> <span class='ocrx_word' id='word_1_392' title='bbox 580 4678 723 4733; x_wconf 86' lang='lat' dir='ltr'><strong>tramiret</strong></span> <span class='ocrx_word' id='word_1_393' title='bbox 751 4676 857 4749; x_wconf 85' lang='lat' dir='ltr'><strong>lectar,·</strong></span> <span class='ocrx_word' id='word_1_394' title='bbox 890 4686 919 4735; x_wconf 90' lang='lat' dir='ltr'><strong>et</strong></span> <span class='ocrx_word' id='word_1_395' title='bbox 946 4694 983 4735; x_wconf 92' lang='lat' dir='ltr'><strong>ne</strong></span> <span class='ocrx_word' id='word_1_396' title='bbox 1013 4694 1070 4734; x_wconf 79' lang='lat' dir='ltr'><strong>iton</strong></span> <span class='ocrx_word' id='word_1_397' title='bbox 1102 4679 1210 4752; x_wconf 89' lang='lat' dir='ltr'><strong>optime</strong></span> <span class='ocrx_word' id='word_1_398' title='bbox 1244 4678 1474 4754; x_wconf 87' lang='lat' dir='ltr'><strong>perciperemus,</strong></span> <span class='ocrx_word' id='word_1_399' title='bbox 1509 4676 1581 4753; x_wconf 92' lang='lat' dir='ltr'><strong>quid</strong></span> 
     </span>
     <span class='ocr_line' id='line_1_41' title="bbox 233 4762 1582 4842; baseline -0.001 -19"><span class='ocrx_word' id='word_1_400' title='bbox 233 4763 339 4837; x_wconf 89' lang='lat' dir='ltr'><strong>velles,</strong></span> <span class='ocrx_word' id='word_1_401' title='bbox 364 4766 484 4842; x_wconf 90' lang='lat' dir='ltr'><strong>pergis,</strong></span> <span class='ocrx_word' id='word_1_402' title='bbox 515 4781 579 4822; x_wconf 86' lang='lat' dir='ltr'><strong>non</strong></span> <span class='ocrx_word' id='word_1_403' title='bbox 607 4780 641 4821; x_wconf 92' lang='lat' dir='ltr'><strong>eo</strong></span> <span class='ocrx_word' id='word_1_404' title='bbox 663 4765 767 4820; x_wconf 89' lang='lat' dir='ltr'><strong>animo</strong></span> <span class='ocrx_word' id='word_1_405' title='bbox 789 4762 990 4822; x_wconf 72' lang='lat' dir='ltr'><strong>introduxisse</strong></span> <span class='ocrx_word' id='word_1_406' title='bbox 1010 4764 1199 4841; x_wconf 80' lang='lat' dir='ltr'><strong>pyramidem</strong></span> <span class='ocrx_word' id='word_1_407' title='bbox 1224 4767 1435 4839; x_wconf 79' lang='lat' dir='ltr'><strong>peometricam</strong></span> <span class='ocrx_word' id='word_1_408' title='bbox 1465 4767 1499 4820; x_wconf 87' lang='lat' dir='ltr'><strong>iu</strong></span> <span class='ocrx_word' id='word_1_409' title='bbox 1523 4767 1582 4821; x_wconf 89' lang='lat' dir='ltr'><strong>tuis</strong></span> 
     </span>
     <span class='ocr_line' id='line_1_42' title="bbox 233 4847 1582 4929; baseline -0.002 -18"><span class='ocrx_word' id='word_1_410' title='bbox 233 4850 547 4924; x_wconf 82' lang='lat' dir='ltr'><strong>demomtratinuibus,</strong></span> <span class='ocrx_word' id='word_1_411' title='bbox 574 4857 630 4907; x_wconf 86' lang='lat' dir='ltr'><strong>aut</strong></span> <span class='ocrx_word' id='word_1_412' title='bbox 651 4856 687 4908; x_wconf 92' lang='lat' dir='ltr'><strong>ut</strong></span> <span class='ocrx_word' id='word_1_413' title='bbox 709 4851 773 4920; x_wconf 79' lang='lat' dir='ltr'><strong>ejus</strong></span> <span class='ocrx_word' id='word_1_414' title='bbox 794 4853 942 4908; x_wconf 83' lang='lat' dir='ltr'><strong>materiae</strong></span> <span class='ocrx_word' id='word_1_415' title='bbox 963 4847 1106 4929; x_wconf 85' lang='lat' dir='ltr'><strong>(intelligo</strong></span> <span class='ocrx_word' id='word_1_416' title='bbox 1122 4850 1280 4909; x_wconf 88' lang='lat' dir='ltr'><strong>soliditatis</strong></span> <span class='ocrx_word' id='word_1_417' title='bbox 1294 4848 1470 4928; x_wconf 82' lang='lat' dir='ltr'><strong>abstractae)</strong></span> <span class='ocrx_word' id='word_1_418' title='bbox 1494 4850 1582 4908; x_wconf 86' lang='lat' dir='ltr'><strong>ideu-</strong></span> 
     </span>
    </p>

    <p class='ocr_par' dir='ltr' id='par_1_7' title="bbox 156 4936 1582 5719">
     <span class='ocr_line' id='line_1_43' title="bbox 156 4936 1581 5013; baseline -0.004 -13"><span class='ocrx_word' id='word_1_419' title='bbox 156 4949 158 4959; x_wconf 60' lang='lat'><em>¹</em></span> <span class='ocrx_word' id='word_1_420' title='bbox 232 4943 348 5000; x_wconf 62' lang='lat' dir='ltr'><strong>mm</strong></span> <span class='ocrx_word' id='word_1_421' title='bbox 369 4937 635 5010; x_wconf 83' lang='lat' dir='ltr'><strong>consideraremus,</strong></span> <span class='ocrx_word' id='word_1_422' title='bbox 659 4944 715 4994; x_wconf 89' lang='lat' dir='ltr'><strong>aut</strong></span> <span class='ocrx_word' id='word_1_423' title='bbox 735 4936 892 4995; x_wconf 84' lang='lat' dir='ltr'><strong>soliditatis</strong></span> <span class='ocrx_word' id='word_1_424' title='bbox 912 4944 1013 5013; x_wconf 81' lang='lat' dir='ltr'><strong>partes</strong></span> <span class='ocrx_word' id='word_1_425' title='bbox 1034 4938 1077 4996; x_wconf 89' lang='lat' dir='ltr'><strong>ad</strong></span> <span class='ocrx_word' id='word_1_426' title='bbox 1098 4941 1225 4997; x_wconf 83' lang='lat' dir='ltr'><strong>invicem</strong></span> <span class='ocrx_word' id='word_1_427' title='bbox 1242 4956 1499 5013; x_wconf 84' lang='lat' dir='ltr'><strong>compararemus,</strong></span> <span class='ocrx_word' id='word_1_428' title='bbox 1525 4946 1581 4996; x_wconf 90' lang='lat' dir='ltr'><strong>aut</strong></span> 
     </span>
     <span class='ocr_line' id='line_1_44' title="bbox 232 5023 1580 5121; baseline -0.002 -35"><span class='ocrx_word' id='word_1_429' title='bbox 232 5024 455 5121; x_wconf 77' lang='lat' dir='ltr'><strong>loupitndinem</strong></span> <span class='ocrx_word' id='word_1_430' title='bbox 477 5028 671 5099; x_wconf 88' lang='lat' dir='ltr'><strong>metiremur;</strong></span> <span class='ocrx_word' id='word_1_431' title='bbox 699 5023 774 5082; x_wconf 88' lang='lat' dir='ltr'><strong>adeo</strong></span> <span class='ocrx_word' id='word_1_432' title='bbox 800 5026 847 5080; x_wconf 84' lang='lat' dir='ltr'><strong>vix</strong></span> <span class='ocrx_word' id='word_1_433' title='bbox 879 5024 930 5081; x_wconf 90' lang='lat' dir='ltr'><strong>tibi</strong></span> <span class='ocrx_word' id='word_1_434' title='bbox 954 5026 1008 5100; x_wconf 88' lang='lat' dir='ltr'><strong>ipsi</strong></span> <span class='ocrx_word' id='word_1_435' title='bbox 1038 5027 1181 5085; x_wconf 88' lang='lat' dir='ltr'><strong>satislacis</strong></span> <span class='ocrx_word' id='word_1_436' title='bbox 1212 5024 1395 5101; x_wconf 84' lang='lat' dir='ltr'><strong>explicando.</strong></span> <span class='ocrx_word' id='word_1_437' title='bbox 1442 5026 1525 5101; x_wconf 78' lang='lat' dir='ltr'><strong>Erige</strong></span> <span class='ocrx_word' id='word_1_438' title='bbox 1548 5032 1580 5084; x_wconf 91' lang='lat' dir='ltr'><strong>ut</strong></span> 
     </span>
     <span class='ocr_line' id='line_1_45' title="bbox 177 5111 1578 5193; baseline -0.001 -20"><span class='ocrx_word' id='word_1_439' title='bbox 177 5185 181 5193; x_wconf 21' lang='grc'><em>1</em></span> <span class='ocrx_word' id='word_1_440' title='bbox 234 5114 281 5174; x_wconf 88' lang='lat' dir='ltr'><strong>vel</strong></span> <span class='ocrx_word' id='word_1_441' title='bbox 304 5111 421 5172; x_wconf 85' lang='lat' dir='ltr'><strong>tandem</strong></span> <span class='ocrx_word' id='word_1_442' title='bbox 445 5112 522 5172; x_wconf 88' lang='lat' dir='ltr'><strong>clare</strong></span> <span class='ocrx_word' id='word_1_443' title='bbox 545 5112 625 5188; x_wconf 89' lang='lat' dir='ltr'><strong>loqui</strong></span> <span class='ocrx_word' id='word_1_444' title='bbox 650 5111 761 5187; x_wconf 81' lang='lat' dir='ltr'><strong>incipis,</strong></span> <span class='ocrx_word' id='word_1_445' title='bbox 785 5128 839 5170; x_wconf 87' lang='lat' dir='ltr'><strong>nec</strong></span> <span class='ocrx_word' id='word_1_446' title='bbox 863 5111 1022 5186; x_wconf 87' lang='lat' dir='ltr'><strong>quidquam</strong></span> <span class='ocrx_word' id='word_1_447' title='bbox 1045 5114 1259 5189; x_wconf 74' lang='lat' dir='ltr'><strong>aenigmatibus</strong></span> <span class='ocrx_word' id='word_1_448' title='bbox 1283 5112 1421 5186; x_wconf 85' lang='lat' dir='ltr'><strong>involvis,</strong></span> <span class='ocrx_word' id='word_1_449' title='bbox 1444 5112 1578 5188; x_wconf 92' lang='lat' dir='ltr'><strong>intelligo</strong></span> 
     </span>
     <span class='ocr_line' id='line_1_46' title="bbox 234 5198 1580 5276; baseline -0.001 -15"><span class='ocrx_word' id='word_1_450' title='bbox 234 5200 282 5274; x_wconf 70' lang='lat' dir='ltr'><strong>rel</strong></span> <span class='ocrx_word' id='word_1_451' title='bbox 304 5198 435 5272; x_wconf 77' lang='lat' dir='ltr'><strong>undem,</strong></span> <span class='ocrx_word' id='word_1_452' title='bbox 468 5208 496 5260; x_wconf 93' lang='lat' dir='ltr'><strong>te</strong></span> <span class='ocrx_word' id='word_1_453' title='bbox 523 5199 623 5276; x_wconf 88' lang='lat' dir='ltr'><strong>liguris</strong></span> <span class='ocrx_word' id='word_1_454' title='bbox 651 5201 693 5257; x_wconf 89' lang='lat' dir='ltr'><strong>nti</strong></span> <span class='ocrx_word' id='word_1_455' title='bbox 725 5207 755 5256; x_wconf 91' lang='lat' dir='ltr'><strong>ut</strong></span> <span class='ocrx_word' id='word_1_456' title='bbox 784 5200 920 5274; x_wconf 88' lang='lat' dir='ltr'><strong>picturis,</strong></span> <span class='ocrx_word' id='word_1_457' title='bbox 950 5215 1016 5258; x_wconf 92' lang='lat' dir='ltr'><strong>cum</strong></span> <span class='ocrx_word' id='word_1_458' title='bbox 1046 5200 1259 5261; x_wconf 86' lang='lat' dir='ltr'><strong>mathematicis</strong></span> <span class='ocrx_word' id='word_1_459' title='bbox 1286 5200 1396 5276; x_wconf 86' lang='lat' dir='ltr'><strong>figurae</strong></span> <span class='ocrx_word' id='word_1_460' title='bbox 1425 5202 1483 5259; x_wconf 89' lang='lat' dir='ltr'><strong>sint</strong></span> <span class='ocrx_word' id='word_1_461' title='bbox 1513 5200 1580 5260; x_wconf 89' lang='lat' dir='ltr'><strong>loco</strong></span> 
     </span>
     <span class='ocr_line' id='line_1_47' title="bbox 233 5285 1580 5365; baseline -0.001 -18"><span class='ocrx_word' id='word_1_462' title='bbox 233 5287 486 5365; x_wconf 86' lang='lat' dir='ltr'><strong>diagrammatom.</strong></span> <span class='ocrx_word' id='word_1_463' title='bbox 531 5285 682 5362; x_wconf 83' lang='lat' dir='ltr'><strong>Intelligo,</strong></span> <span class='ocrx_word' id='word_1_464' title='bbox 705 5288 833 5360; x_wconf 88' lang='lat' dir='ltr'><strong>picturas</strong></span> <span class='ocrx_word' id='word_1_465' title='bbox 856 5293 923 5343; x_wconf 89' lang='lat' dir='ltr'><strong>tuas</strong></span> <span class='ocrx_word' id='word_1_466' title='bbox 947 5287 1020 5346; x_wconf 91' lang='lat' dir='ltr'><strong>inter</strong></span> <span class='ocrx_word' id='word_1_467' title='bbox 1042 5304 1074 5346; x_wconf 89' lang='lat' dir='ltr'><strong>se</strong></span> <span class='ocrx_word' id='word_1_468' title='bbox 1096 5288 1219 5346; x_wconf 90' lang='lat' dir='ltr'><strong>multum</strong></span> <span class='ocrx_word' id='word_1_469' title='bbox 1242 5287 1373 5362; x_wconf 67' lang='lat' dir='ltr'><strong>differroq</strong></span> <span class='ocrx_word' id='word_1_470' title='bbox 1401 5305 1478 5363; x_wconf 90' lang='lat' dir='ltr'><strong>quae</strong></span> <span class='ocrx_word' id='word_1_471' title='bbox 1503 5290 1580 5361; x_wconf 86' lang='lat' dir='ltr'><strong>errim</strong></span> 
     </span>
     <span class='ocr_line' id='line_1_48' title="bbox 233 5373 1579 5453; baseline -0.001 -17"><span class='ocrx_word' id='word_1_472' title='bbox 233 5374 272 5436; x_wconf 80' lang='lat' dir='ltr'><strong>aa</strong></span> <span class='ocrx_word' id='word_1_473' title='bbox 294 5384 422 5453; x_wconf 90' lang='lat' dir='ltr'><strong>systema</strong></span> <span class='ocrx_word' id='word_1_474' title='bbox 444 5378 586 5445; x_wconf 87' lang='lat' dir='ltr'><strong>musicum</strong></span> <span class='ocrx_word' id='word_1_475' title='bbox 610 5376 768 5451; x_wconf 89' lang='lat' dir='ltr'><strong>pertinent,</strong></span> <span class='ocrx_word' id='word_1_476' title='bbox 797 5390 847 5430; x_wconf 88' lang='lat' dir='ltr'><strong>eas</strong></span> <span class='ocrx_word' id='word_1_477' title='bbox 872 5382 903 5431; x_wconf 94' lang='lat' dir='ltr'><strong>ut</strong></span> <span class='ocrx_word' id='word_1_478' title='bbox 927 5373 1138 5449; x_wconf 89' lang='lat' dir='ltr'><strong>diagrammata</strong></span> <span class='ocrx_word' id='word_1_479' title='bbox 1162 5374 1367 5434; x_wconf 88' lang='lat' dir='ltr'><strong>mathematica</strong></span> <span class='ocrx_word' id='word_1_480' title='bbox 1393 5374 1579 5434; x_wconf 87' lang='lat' dir='ltr'><strong>considerare</strong></span> 
     </span>
     <span class='ocr_line' id='line_1_49' title="bbox 238 5459 1582 5540; baseline 0.001 -19"><span class='ocrx_word' id='word_1_481' title='bbox 238 5460 386 5536; x_wconf 89' lang='lat' dir='ltr'><strong>debemus,</strong></span> <span class='ocrx_word' id='word_1_482' title='bbox 410 5480 486 5539; x_wconf 89' lang='lat' dir='ltr'><strong>quae</strong></span> <span class='ocrx_word' id='word_1_483' title='bbox 508 5462 546 5522; x_wconf 89' lang='lat' dir='ltr'><strong>ad</strong></span> <span class='ocrx_word' id='word_1_484' title='bbox 568 5461 700 5539; x_wconf 91' lang='lat' dir='ltr'><strong>physica,</strong></span> <span class='ocrx_word' id='word_1_485' title='bbox 724 5477 781 5519; x_wconf 90' lang='lat' dir='ltr'><strong>nou</strong></span> <span class='ocrx_word' id='word_1_486' title='bbox 805 5459 955 5519; x_wconf 85' lang='lat' dir='ltr'><strong>debemus.</strong></span> <span class='ocrx_word' id='word_1_487' title='bbox 1002 5460 1078 5522; x_wconf 91' lang='lat' dir='ltr'><strong>Vere</strong></span> <span class='ocrx_word' id='word_1_488' title='bbox 1098 5473 1130 5520; x_wconf 87' lang='lat' dir='ltr'><strong>tu</strong></span> <span class='ocrx_word' id='word_1_489' title='bbox 1155 5466 1211 5521; x_wconf 88' lang='lat' dir='ltr'><strong>ista</strong></span> <span class='ocrx_word' id='word_1_490' title='bbox 1232 5462 1347 5540; x_wconf 90' lang='lat' dir='ltr'><strong>analysi</strong></span> <span class='ocrx_word' id='word_1_491' title='bbox 1362 5460 1404 5520; x_wconf 91' lang='lat' dir='ltr'><strong>X.</strong></span> <span class='ocrx_word' id='word_1_492' title='bbox 1428 5465 1582 5540; x_wconf 84' lang='lat' dir='ltr'><strong>proposita</strong></span> 
     </span>
     <span class='ocr_line' id='line_1_50' title="bbox 235 5547 1580 5628; baseline 0.002 -21"><span class='ocrx_word' id='word_1_493' title='bbox 235 5547 400 5608; x_wconf 84' lang='lat' dir='ltr'><strong>discrimina</strong></span> <span class='ocrx_word' id='word_1_494' title='bbox 429 5565 506 5609; x_wconf 91' lang='lat' dir='ltr'><strong>nunc</strong></span> <span class='ocrx_word' id='word_1_495' title='bbox 536 5550 655 5609; x_wconf 83' lang='lat' dir='ltr'><strong>exhibes</strong></span> <span class='ocrx_word' id='word_1_496' title='bbox 684 5548 776 5607; x_wconf 90' lang='lat' dir='ltr'><strong>oculis</strong></span> <span class='ocrx_word' id='word_1_497' title='bbox 799 5547 1014 5624; x_wconf 89' lang='lat' dir='ltr'><strong>conspicienda.</strong></span> <span class='ocrx_word' id='word_1_498' title='bbox 1059 5549 1160 5609; x_wconf 89' lang='lat' dir='ltr'><strong>Pauca</strong></span> <span class='ocrx_word' id='word_1_499' title='bbox 1190 5550 1443 5609; x_wconf 89' lang='lat' dir='ltr'><strong>tamen·snbsnnt</strong></span> <span class='ocrx_word' id='word_1_500' title='bbox 1465 5553 1580 5628; x_wconf 88' lang='lat' dir='ltr'><strong>priscae</strong></span> 
     </span>
     <span class='ocr_line' id='line_1_51' title="bbox 234 5634 1579 5719; baseline 0.002 -21"><span class='ocrx_word' id='word_1_501' title='bbox 234 5638 360 5718; x_wconf 75' lang='lat' dir='ltr'><strong>uestigia</strong></span> <span class='ocrx_word' id='word_1_502' title='bbox 388 5653 497 5700; x_wconf 86' lang='lat' dir='ltr'><strong>noxae:</strong></span> <span class='ocrx_word' id='word_1_503' title='bbox 531 5635 663 5719; x_wconf 90' lang='lat' dir='ltr'><strong>nondum</strong></span> <span class='ocrx_word' id='word_1_504' title='bbox 692 5634 778 5709; x_wconf 85' lang='lat' dir='ltr'><strong>didici</strong></span> <span class='ocrx_word' id='word_1_505' title='bbox 802 5635 962 5717; x_wconf 21' lang='lat' dir='ltr'><strong>„concidere</strong></span> <span class='ocrx_word' id='word_1_506' title='bbox 993 5653 1069 5713; x_wconf 87' lang='lat' dir='ltr'><strong>quas</strong></span> <span class='ocrx_word' id='word_1_507' title='bbox 1103 5647 1265 5714; x_wconf 88' lang='lat' dir='ltr'><strong>sequnntur</strong></span> <span class='ocrx_word' id='word_1_508' title='bbox 1303 5654 1368 5697; x_wconf 89' lang='lat' dir='ltr'><strong>cum</strong></span> <span class='ocrx_word' id='word_1_509' title='bbox 1398 5640 1579 5714; x_wconf 88' lang='lat' dir='ltr'><strong>praemissis.</strong></span> 
     </span>
    </p>
   </div>
   <div class='ocr_carea' id='block_1_5' title="bbox 0 0 1846 7253">
    <p class='ocr_par' dir='ltr' id='par_1_8' title="bbox 0 0 1846 7253">
     <span class='ocr_line' id='line_1_52' title="bbox 0 0 1846 7253; baseline 0 0"><span class='ocrx_word' id='word_1_510' title='bbox 0 0 1846 7253; x_wconf 95' lang='lat' dir='ltr'><strong> </strong></span> 
     </span>
    </p>
   </div>
  </div>
 </body>
</html>
