3684 7259
267 1203 331 1263 su
780 1172 1104 1279 solemnisantes.

267 1389 323 1428 uon
342 1376 454 1440 propter
472 1369 609 1424 residuum
632 1371 690 1436 Ul„
708 1370 749 1423 vel
770 1370 815 1436 il,
835 1371 882 1424 sed
900 1376 1013 1437 propter
1031 1372 1064 1438 ²),
1078 1370 1240 1438 geometrice
1253 1370 1424 1426 coarmatus.
1453 1372 1618 1438 Quinetiam

267 1451 369 1511 dromo
387 1451 414 1504 in
433 1452 467 1504 12
486 1449 585 1518 dimac,
604 1450 669 1515 quia
688 1464 741 1503 una
758 1448 838 1502 uncia
856 1446 1019 1516 geometrice
1037 1448 1154 1504 rescissa
1172 1456 1222 1513 est,
1242 1447 1356 1504 effectus
1375 1456 1513 1506 aemorum
1532 1451 1618 1521 sequi

267 1540 312 1587 tur
330 1528 402 1599 etin
419 1527 583 1582 harmonicis
601 1525 982 1595 triadiapusonepidiapentc,
1009 1543 1064 1580 non
1082 1525 1223 1595 obstante,
1248 1527 1319 1597 quod
1345 1527 1486 1583 residuum
1503 1531 1619 1598 paruum

268 1611 298 1662 ll
320 1609 347 1661 in
366 1605 529 1660 harmonicis
548 1621 608 1658 crtrn
627 1612 685 1659 toto
706 1604 960 1659 inconsonantiam
979 1604 1081 1658 nullam
1098 1604 1169 1660 lacit.
1206 1608 1294 1662 Causa
1311 1615 1366 1675 est,
1385 1607 1452 1676 quia
1469 1608 1510 1662 ris
1528 1624 1619 1679 saper·

266 1696 326 1750 tus,
351 1684 402 1740 etsi
420 1701 437 1738 a
454 1683 547 1737 circuli
565 1685 683 1737 arcubus
702 1691 881 1748 monstratur,
906 1681 1036 1749 redigitur
1058 1691 1148 1737 umen
1169 1684 1195 1738 iu
1219 1688 1334 1756 angulos
1359 1686 1551 1758 adsensum,
1575 1690 1619 1748 abl

269 1762 412 1821 confluunt
428 1762 509 1829 radii;
526 1763 583 1827 jam
602 1779 666 1816 uero
686 1764 805 1830 residua,
825 1763 927 1829 quippe
944 1762 1047 1830 majora
1065 1764 1246 1832 semicirculo,
1267 1781 1322 1820 nou
1336 1765 1485 1820 metiuntur
1496 1766 1618 1837 ungules

269 1842 343 1914 quod
362 1841 430 1897 libro
450 1842 495 1896 IV,
514 1857 573 1910 cap.
592 1844 617 1897 5.
637 1850 665 1895 et
683 1844 707 1897 6.
727 1842 857 1895 omissum
875 1840 939 1894 hmo
957 1841 1060 1909 supple.

354 1921 415 1975 Non
434 1929 550 1988 possunt
575 1922 711 1975 axiomata
735 1919 780 1973 illa
798 1919 955 1973 hammonics
973 1918 1007 1973 de
1025 1918 1237 1976 identisouantia
1259 1921 1387 1976 continue
1405 1921 1553 1991 duplarum
1575 1939 1619 1995 sp·

267 1996 362 2073 plicari
380 1999 494 2066 circulo,
514 2007 543 2052 ut
562 2000 723 2067 probemus,
741 2002 823 2054 ctiam
841 1997 957 2053 residua.
968 1999 1064 2054 circuli
1078 2000 1175 2067 juvare
1187 1999 1337 2068 genituram
1356 2008 1534 2071 aspectuum,
1552 2002 1621 2059 sicin

266 2080 376 2137 residua
393 2078 512 2133 chordae
526 2079 625 2146 Juvant
643 2080 795 2146 genituram
813 2078 1065 2133 consonantiarum:
1084 2080 1149 2147 quia
1167 2080 1189 2134 si
1209 2077 1310 2134 circulo
1329 2078 1530 2148 applicaremus
1548 2079 1621 2136 axio

267 2168 339 2216 mata
358 2158 393 2212 dc
410 2156 586 2226 quadruplis,
604 2157 740 2211 interdum
758 2171 793 2211 ex
811 2156 914 2212 minime
933 2158 1117 2226 proportionis
1134 2160 1251 2214 termino
1266 2158 1416 2214 laceremus
1435 2159 1575 2229 majorem,
1592 2168 1622 2216 nt

267 2240 290 2294 si
308 2238 348 2293 sic
365 2236 547 2290 ratiocinaris:
574 2235 696 2290 sectione
718 2236 812 2291 circuli
835 2243 928 2304 potest
953 2236 1084 2291 constitui
1107 2238 1247 2307 proportio
1273 2236 1368 2307 tripla,
1392 2253 1442 2292 eeu
1471 2241 1501 2307 ¹),
1520 2238 1620 2307 mnudi

266 2333 332 2385 ergo
351 2323 469 2385 possunt
486 2322 514 2369 et
531 2315 565 2382 Ἰ,
583 2320 612 2368 et
629 2315 677 2381 *κῃ
695 2313 747 2368 boc
766 2330 821 2368 uon
840 2314 920 2381 valet,
939 2314 1076 2382 quiajam
1092 2317 1125 2385 θ’,
1144 2325 1275 2386 superant
1294 2315 1425 2372 circulum
1443 2324 1543 2384 totum,
1560 2332 1621 2374 cea·

267 2397 397 2451 tinentem
423 2399 529 2447 tautum
553 2394 600 2462 il„
625 2401 653 2446 et
677 2392 773 2460 incipis
798 2392 937 2461 duplicare
961 2410 1054 2447 arcum
1079 2395 1186 2464 circuli,
1217 2409 1363 2450 summane
1388 2393 1493 2464 aliquid
1520 2397 1555 2453 de
1581 2387 1621 2467 eo,

270 2475 344 2545 quod
362 2481 406 2528 est
422 2472 483 2542 plus
501 2480 569 2527 toto.
606 2472 693 2540 igitur
711 2471 782 2526 idem
801 2472 910 2534 suntin
928 2472 1031 2526 circulo
1055 2488 1138 2527 causa
1161 2473 1400 2531 demonstrationis
1418 2477 1465 2545 tt„
1488 2477 1564 2545 quod
1585 2479 1621 2546 Ἀ,

270 2555 334 2624 quia
351 2556 399 2622 ³1„
426 2552 527 2608 circulo
546 2552 573 2605 in
593 2568 623 2605 se
640 2551 730 2619 ipsum
748 2550 893 2610 redeunte,
916 2548 1088 2616 abjiciuntur.
1106 2599 1109 2606 .
1125 2552 1181 2606 Aut
1205 2552 1228 2606 si
1246 2567 1278 2605 ex
1299 2553 1332 2621 ⁴1,
1351 2553 1447 2608 leceris
1466 2570 1552 2609 unum
1570 2554 1620 2610 cir·

268 2634 359 2688 culum
382 2641 480 2698 totum,
500 2641 529 2685 et
552 2649 601 2699 pro
622 2632 655 2696 tl,
680 2629 777 2699 prioris
802 2627 894 2683 circuli
914 2629 973 2693 jam
996 2628 1029 2696 ll,
1046 2629 1204 2695 posterioris
1221 2630 1289 2687 velia
1314 2630 1429 2695 inferre,
1453 2649 1565 2688 rursum
1588 2633 1616 2688 id

266 2731 321 2770 non
339 2714 475 2768 succedet.
512 2713 581 2766 Nam
605 2718 661 2765 tres
683 2709 792 2778 quidem
818 2715 909 2776 partes
934 2706 1025 2762 iacere
1041 2708 1156 2775 potuisti
1174 2708 1201 2763 in
1220 2709 1322 2765 circrtlo
1339 2724 1389 2778 per
1412 2711 1616 2781 inscriptionem

269 2791 408 2862 trianguli,
433 2791 486 2858 jem
506 2799 536 2844 ut
554 2798 674 2857 quatuor
692 2789 771 2855 fierit,
795 2784 995 2841 inscribendum
1014 2783 1085 2839 ioret
1105 2786 1329 2857 quadrangulum.
1364 2791 1390 2844 Δ
1407 2791 1538 2861 trianguli
1557 2808 1617 2848 nero

267 2869 430 2925 inscribendi
448 2867 630 2936 possibilitate
654 2866 688 2920 ad
708 2863 924 2933 quadrangulaun
946 2861 1162 2941 nihil'sequitur
1185 2865 1209 2918 vi
1233 2867 1314 2929 hujus
1335 2871 1497 2935 monti.
1534 2869 1617 2926 Occu·

269 2955 350 3018 pstur
368 2948 438 3003 euim
456 2945 605 3015 geometria
623 2944 736 2999 seorsim
754 2944 825 2998 circa
843 2943 944 3011 figuras
963 2940 1128 3008 singularum
1147 2951 1304 3011 sectarum,
1320 2942 1569 3004 demonstrationes
1584 2964 1617 3004 ca

268 3027 401 3094 ctu'usque
419 3040 532 3078 numero
551 3022 711 3091 angulorum
730 3029 887 3086 exstruens,
908 3028 937 3072 ut
954 3019 1022 3073 libro
1041 3036 1101 3076 meo
1119 3023 1139 3077 1.
1159 3023 1351 3079 demonstrari.
1383 3024 1470 3092 igitur
1481 3026 1617 3084 minnan

268 3102 401 3158 derectis
420 3101 613 3171 multiplicibus
632 3119 686 3155 non
704 3110 820 3170 possunt
838 3101 1035 3155 accommodari
1053 3103 1142 3157 curvis
1161 3112 1190 3157 et
1211 3102 1322 3159 circulo.

356 3200 490 3269 Legitima
506 3200 591 3269 igitur
609 3206 637 3252 ct
653 3198 774 3253 causalis
793 3198 959 3266 comparatio
979 3199 1195 3253 harmonicorum
1218 3202 1455 3255 consonantiarum
1478 3218 1541 3257 cum
1559 3219 1616 3274 pat·

269 3279 343 3334 tibus
360 3278 454 3333 circuli
472 3283 601 3347 aspectus
619 3277 798 3331 formantibus
816 3285 859 3330 est
877 3277 942 3329 ista:
970 3284 1001 3330 ut
1018 3277 1083 3344 quia
1101 3278 1235 3347 principia
1258 3279 1346 3333 solum
1363 3279 1566 3338 harmoniarum
1583 3299 1615 3338 cs

267 3359 369 3415 circulo
394 3366 460 3412 suut
479 3357 630 3425 iisdemque
655 3365 751 3426 postca
775 3356 923 3417 miscentur
948 3354 1000 3409 alia
1025 3354 1117 3424 aliqua
1138 3356 1211 3412 iutra
1235 3365 1314 3427 septa
1331 3358 1518 3425 harmonicas,
1543 3360 1617 3415 solae

269 3437 352 3506 igitur
368 3436 431 3490 illae
443 3436 614 3502 harmoniae,
633 3451 704 3503 quae
722 3443 785 3490 sunt
804 3435 934 3503 diapason
955 3449 1009 3485 non
1026 3433 1156 3504 minores,
1176 3443 1367 3503 comparentur
1384 3438 1552 3505 aspectibus.
1576 3439 1617 3493 Ita

268 3515 394 3583 opposito
418 3514 492 3569 venit
515 3514 661 3583 diapason,
694 3514 838 3582 quincunci
866 3513 997 3579 diapasoa
1027 3527 1087 3564 cum
1116 3513 1291 3579 semiditono,
1323 3513 1456 3581 biquiuu'li
1486 3516 1616 3586 diapason

267 3608 329 3647 cum
348 3592 453 3658 ditono,
479 3593 629 3661 sesquadro
649 3593 779 3661 diapason
798 3606 859 3646 ctam
878 3592 1060 3659 diatessaron,
1084 3592 1155 3646 trino
1175 3592 1306 3660 diapason
1324 3609 1385 3646 cum
1403 3595 1546 3663 diapente,
1572 3596 1616 3652 tri·

266 3669 347 3726 dccilr'
364 3669 497 3739 diapason
514 3687 574 3725 cum
592 3679 671 3726 sexta
689 3672 770 3739 dura,
790 3671 923 3739 quadrato
947 3669 1133 3739 disdiapason,
1163 3672 1270 3739 quintili
1293 3673 1469 3742 disdiapason
1493 3690 1554 3730 cum
1580 3675 1617 3731 dt·

270 3759 350 3817 tono,
381 3749 471 3804 sextili
498 3749 873 3818 disdiapason-epidiapente‚
910 3750 985 3805 octili
1012 3750 1210 3820 triadiapason,
1240 3752 1320 3806 decili
1345 3753 1531 3822 trisdiapason
1558 3768 1617 3809 cum

265 3827 371 3896 ditono,
390 3829 536 3883 semisexto
554 3826 737 3896 trisdiapason
755 3844 816 3882 cum
830 3830 967 3897 diapente.
993 3830 1047 3883 'l'ot
1060 3837 1124 3885 stant
1136 3831 1206 3886 enim
1219 3832 1357 3900 aspectus,
1376 3847 1491 3899 qnorum
1503 3830 1616 3888 effectus

268 3906 311 3960 sel
328 3904 438 3960 evidens
455 3905 499 3959 sel
517 3904 612 3960 saltem
631 3907 659 3959 iu
677 3906 833 3974 suspicione
851 3914 905 3974 ast,
930 3922 980 3961 nec
1005 3908 1075 3962 aliae
1092 3909 1196 3977 figurae
1218 3909 1320 3964 circulo
1339 3911 1487 3979 inscriptae
1504 3911 1617 3968 nobilio·

268 3985 343 4039 ribus
369 3986 499 4040 scientiae
524 3985 816 4052 demonstrationisque
840 3985 969 4054 gradibus
994 3990 1159 4056 consistunt,
1184 4006 1266 4058 quam
1285 3989 1337 4043 hae
1360 3989 1451 4058 ipsae:
1477 3989 1615 4059 diameter,

268 4061 349 4118 stella
367 4062 581 4132 dodecagonica,
601 4062 680 4119 stalla
693 4068 883 4134 pentagonica.
904 4064 984 4119 stella
1003 4068 1175 4134 octogonica,
1194 4068 1331 4137 trigonus,
1344 4067 1430 4122 stella
1444 4068 1616 4138 decagonies,

265 4150 439 4212 tetragonus,
459 4151 642 4213 pentagonus,
661 4145 835 4214 hexagonus,
854 4146 1023 4216 decagonus,
1043 4145 1245 4215 dodecagouus,
1263 4146 1409 4216 dequibus
1422 4146 1615 4202 suntmcidno

265 4220 343 4290 primi
370 4220 442 4276 libri.
478 4222 643 4277 Harmoniae
671 4223 780 4292 quidem
809 4241 842 4278 ex
867 4240 920 4278 ttna
947 4232 1025 4293 parte
1048 4234 1196 4280 excurrunt
1224 4226 1332 4294 longius
1360 4225 1395 4279 ob
1422 4226 1615 4281 metatorem·

264 4300 430 4356 amentatum
448 4300 581 4356 dictomm
599 4303 626 4356 iu
644 4311 720 4358 recto
738 4303 907 4371 possibilium
926 4309 1047 4372 (semper
1063 4310 1153 4357 umen
1166 4310 1295 4358 contenta
1308 4311 1372 4358 suut
1384 4304 1614 4373 proportionum,

264 4393 335 4449 quas
352 4377 418 4433 iacit
435 4378 552 4434 circulus
564 4379 775 4436 demonstrative
793 4390 885 4436 sectus
902 4397 963 4435 cam
982 4382 1130 4450 segmentis
1148 4380 1284 4450 singulis),
1303 4397 1337 4439 ex
1355 4382 1442 4437 altera
1459 4398 1524 4438 vero
1537 4389 1614 4453 paras

265 4457 376 4512 eaedem
394 4459 551 4513 harmoniae
569 4462 625 4514 suis
642 4462 759 4530 propriis
777 4461 892 4530 legibus,
915 4477 952 4515 es
966 4460 1061 4515 eadem
1084 4462 1249 4516 axiomatum
1262 4461 1380 4516 mixtura
1395 4459 1536 4530 derivatis,
1553 4474 1614 4517 seat

222 4563 225 4572 ·
265 4537 454 4606 consfflugunt
470 4540 580 4594 arctius.
617 4541 687 4594 Nam
705 4542 768 4608 quia
786 4543 813 4595 in
831 4540 938 4596 illarum
957 4540 1080 4608 genitura
1098 4540 1125 4593 in
1144 4538 1386 4594 considerationem
1404 4540 1517 4596 veniunt
1534 4541 1613 4599 stan

265 4616 375 4672 residua
393 4616 555 4671 chordarum
573 4634 721 4688 eommque
743 4619 938 4673 consonantiae
956 4634 1017 4672 cum
1035 4626 1094 4671 tota
1111 4624 1139 4671 et
1156 4634 1217 4672 cum
1236 4624 1389 4685 segmento,
1415 4618 1447 4673 fit
1463 4619 1569 4688 igiturp
1584 4625 1614 4676 st

265 4711 299 4749 er
318 4697 443 4750 omuibus
460 4695 577 4752 maduit
595 4702 679 4765 (quae
697 4706 813 4767 possunt
831 4697 937 4752 infinito
955 4711 1077 4751 numero*
1092 4714 1126 4751 ex
1149 4696 1278 4751 continua
1300 4697 1448 4754 bisecticne
1471 4699 1566 4755 circuli
1587 4708 1615 4755 st

267 4773 492 4843 multiplicatione
510 4774 642 4844 diapason
661 4776 803 4844 constituit
828 4775 887 4830 sola
911 4785 1015 4845 septem
1040 4784 1106 4846 apta
1129 4776 1310 4843 inveniantur,
1336 4793 1407 4845 quus
1430 4778 1614 4836 harmonicam

265 4854 383 4909 chordae
404 4856 551 4909 sectionem
575 4863 603 4910 et
628 4857 761 4924 cujusque
787 4857 872 4910 totius
889 4856 1063 4925 partiumque
1087 4856 1222 4925 triplicem
1245 4857 1451 4912 consonantiam
1469 4859 1614 4915 absolvant

264 4948 351 5002 caque
368 4936 474 4989 ratione
492 4936 604 5002 gradum
623 4935 651 4988 in
670 4943 765 4994 cantu,
782 4936 835 4990 hoc
853 4943 896 4989 est
913 4935 1056 5004 vestigium
1076 4936 1201 4989 concinui
1220 4932 1355 4989 intervalli
1374 4946 1491 5003 ponant:
1511 4937 1613 4994 adim

263 5010 324 5079 illa,
343 5028 412 5082 quae
430 5012 535 5068 iacirmt
551 5031 612 5068 eum
626 5021 683 5068 tota
695 5015 896 5083 proportionem
915 5013 1175 5082 sesquiquintam'et
1193 5013 1398 5067 consonantiam
1416 5015 1612 5082 semiditonum,

265 5106 390 5159 quaeque
414 5093 630 5159 sesquiquartam
654 5102 682 5145 ct
704 5092 839 5159 ditonum,
863 5092 1064 5159 sesquitertiam
1089 5098 1117 5145 et
1142 5091 1326 5157 diatessaron,
1355 5092 1564 5160 sesquialteram
1584 5102 1613 5151 α

265 5171 404 5238 diapente.
426 5173 705 5240 supertripartientem
725 5173 832 5240 quintas
857 5179 884 5224 ct
907 5176 1010 5224 sextam
1036 5169 1157 5235 mollem,
1182 5168 1456 5237 superbipartientem
1474 5173 1571 5228 tertias
1586 5178 1613 5228 tt

264 5257 370 5305 sextam
394 5249 488 5305 durum
511 5251 730 5319 concordantias,
755 5252 881 5326 denique¹
897 5249 1061 5318 subduplam
1084 5258 1111 5301 et
1137 5250 1283 5319 dicmensi,
1308 5249 1353 5303 hic
1376 5248 1448 5303 enim
1466 5252 1610 5318 semitarii,

263 5336 391 5396 aspectus
409 5328 602 5392 efficacissimi,
621 5326 902 5386 residuum‘uadecim
920 5327 1139 5386 duodecimarum
1159 5326 1240 5396 plane
1252 5319 1359 5384 ‘sialst
1390 5329 1449 5383 Has
1466 5344 1531 5384 vero
1550 5329 1611 5386 resi·

266 5408 384 5484 duorum·
398 5408 588 5478 proportiones
606 5410 641 5464 ad
660 5418 747 5464 totum
766 5401 818 5464 elsi
836 5423 982 5479 maumam
1000 5422 1065 5462 sane
1083 5408 1110 5462 iu
1129 5407 1226 5477 circrrli
1241 5405 1310 5462 teeti
1325 5407 1451 5476 partibus
1469 5409 1611 5470 ostendere

264 5495 292 5541 et
317 5486 415 5556 cuique
436 5501 472 5544 ex
492 5485 642 5555 majeribus
667 5488 851 5548 consonantiis
872 5487 1025 5558 Jamdntcr
1049 5496 1175 5556 aspectus
1199 5485 1350 5541 distributis
1369 5503 1448 5542 suam
1466 5488 1611 5560 adium

263 5565 394 5619 minorem
412 5573 569 5635 tegnam,
589 5577 619 5621 nt
636 5566 739 5622 habeat
757 5559 863 5624 sextilis
880 5566 961 5623 silim
980 5567 1184 5632 semiditonum,
1204 5565 1325 5633 quintilis
1344 5566 1485 5635 diarum,
1498 5566 1536 5642 de
1572 5564 1608 5626 ai·

205 5653 209 5660 '
265 5643 316 5709 bus
334 5651 407 5700 tacet
424 5641 612 5719 Ptolemaeus,
636 5648 786 5716 quadratus
805 5646 987 5717 diaunuon,
1012 5647 1099 5704 trinus
1123 5646 1263 5717 diapente,
1288 5652 1318 5699 ut
1335 5651 1365 5699 et
1382 5643 1533 5702 secundum
1550 5583 1611 5710 gie
