<?xml version="1.0" encoding="UTF-8"?>
<!DOCTYPE html PUBLIC "-//W3C//DTD XHTML 1.0 Transitional//EN"
    "http://www.w3.org/TR/xhtml1/DTD/xhtml1-transitional.dtd">
<html xmlns="http://www.w3.org/1999/xhtml" xml:lang="en" lang="en">
 <head>
  <title>
</title>
<meta http-equiv="Content-Type" content="text/html;charset=utf-8" />
  <meta name='ocr-system' content='tesseract 3.04.00' />
  <meta name='ocr-capabilities' content='ocr_page ocr_carea ocr_par ocr_line ocrx_word'/>
</head>
<body>
  <div class='ocr_page' id='page_1' title='image "./joanniskepleria09frisgoog_0215.png"; bbox 0 0 3684 7259; ppageno 0'>
   <div class='ocr_carea' id='block_1_1' title="bbox 575 1159 1585 1278">
    <p class='ocr_par' dir='ltr' id='par_1_1' title="bbox 575 1159 1585 1278">
     <span class='ocr_line' id='line_1_1' title="bbox 575 1159 1585 1278; baseline 0.005 -14"><span class='ocrx_word' id='word_1_1' title='bbox 575 1221 579 1229; x_wconf 80' lang='grc'><em>’</em></span> <span class='ocrx_word' id='word_1_2' title='bbox 648 1205 795 1264; x_wconf 71' lang='lat' dir='ltr'><strong>uuam</strong></span> <span class='ocrx_word' id='word_1_3' title='bbox 813 1207 953 1278; x_wconf 82' lang='lat' dir='ltr'><strong>Digressio</strong></span> <span class='ocrx_word' id='word_1_4' title='bbox 971 1204 1087 1277; x_wconf 70' lang='lat' dir='ltr'><strong>possa</strong></span> <span class='ocrx_word' id='word_1_5' title='bbox 1180 1159 1186 1171; x_wconf 27' lang='lat' dir='ltr'><strong>l</strong></span> <span class='ocrx_word' id='word_1_6' title='bbox 1215 1216 1219 1232; x_wconf 81' lang='grc'><em>’</em></span> <span class='ocrx_word' id='word_1_7' title='bbox 1474 1208 1536 1269; x_wconf 80' lang='lat' dir='ltr'><strong>aot</strong></span> <span class='ocrx_word' id='word_1_8' title='bbox 1578 1241 1585 1255; x_wconf 49' lang='lat' dir='ltr'>x</span> 
     </span>
    </p>
   </div>
   <div class='ocr_carea' id='block_1_2' title="bbox 145 1377 1622 4079">
    <p class='ocr_par' dir='ltr' id='par_1_2' title="bbox 145 1377 1622 4079">
     <span class='ocr_line' id='line_1_2' title="bbox 194 1377 1537 1463; baseline 0.001 -22"><span class='ocrx_word' id='word_1_9' title='bbox 194 1381 503 1458; x_wconf 73' lang='lat' dir='ltr'><strong>muogiamesssia</strong></span> <span class='ocrx_word' id='word_1_10' title='bbox 526 1387 554 1458; x_wconf 85' lang='grc'><strong>6,</strong></span> <span class='ocrx_word' id='word_1_11' title='bbox 579 1388 608 1458; x_wconf 85' lang='grc'><strong>3,</strong></span> <span class='ocrx_word' id='word_1_12' title='bbox 632 1387 660 1456; x_wconf 80' lang='grc'><strong>4,</strong></span> <span class='ocrx_word' id='word_1_13' title='bbox 685 1388 713 1457; x_wconf 75' lang='lat'><strong>2,</strong></span> <span class='ocrx_word' id='word_1_14' title='bbox 736 1403 811 1463; x_wconf 87' lang='lat' dir='ltr'><strong>quae</strong></span> <span class='ocrx_word' id='word_1_15' title='bbox 834 1399 877 1444; x_wconf 86' lang='lat' dir='ltr'><strong>est</strong></span> <span class='ocrx_word' id='word_1_16' title='bbox 902 1390 931 1444; x_wconf 92' lang='lat' dir='ltr'><strong>in</strong></span> <span class='ocrx_word' id='word_1_17' title='bbox 953 1390 983 1458; x_wconf 82' lang='lat'><strong>3,</strong></span> <span class='ocrx_word' id='word_1_18' title='bbox 1008 1392 1043 1458; x_wconf 79' lang='grc'><strong>2,</strong></span> <span class='ocrx_word' id='word_1_19' title='bbox 1069 1377 1325 1462; x_wconf 48' lang='lat' dir='ltr'><strong>astutissime</strong></span> <span class='ocrx_word' id='word_1_20' title='bbox 1348 1386 1367 1444; x_wconf 90' lang='lat' dir='ltr'><strong>ii</strong></span> <span class='ocrx_word' id='word_1_21' title='bbox 1390 1382 1537 1444; x_wconf 74' lang='lat' dir='ltr'><strong>arsit</strong></span> 
     </span>
     <span class='ocr_line' id='line_1_3' title="bbox 195 1457 1538 1550; baseline 0.002 -23"><span class='ocrx_word' id='word_1_22' title='bbox 195 1479 228 1529; x_wconf 93' lang='lat' dir='ltr'><strong>ut</strong></span> <span class='ocrx_word' id='word_1_23' title='bbox 251 1474 270 1527; x_wconf 86' lang='grc'>4</span> <span class='ocrx_word' id='word_1_24' title='bbox 292 1470 331 1529; x_wconf 90' lang='lat' dir='ltr'><strong>ad</strong></span> <span class='ocrx_word' id='word_1_25' title='bbox 356 1474 383 1549; x_wconf 74' lang='lat'><strong>6,</strong></span> <span class='ocrx_word' id='word_1_26' title='bbox 431 1473 614 1532; x_wconf 82' lang='lat' dir='ltr'><strong>Ecoutrarie</strong></span> <span class='ocrx_word' id='word_1_27' title='bbox 628 1475 843 1549; x_wconf 88' lang='lat' dir='ltr'><strong>proportionem</strong></span> <span class='ocrx_word' id='word_1_28' title='bbox 858 1474 1057 1533; x_wconf 76' lang='lat' dir='ltr'><strong>harmonicam</strong></span> <span class='ocrx_word' id='word_1_29' title='bbox 1078 1457 1289 1550; x_wconf 54' lang='lat' dir='ltr'><strong>pufflsri</strong></span> <span class='ocrx_word' id='word_1_30' title='bbox 1305 1473 1538 1547; x_wconf 79' lang='lat' dir='ltr'><strong>uanspositioos.</strong></span> 
     </span>
     <span class='ocr_line' id='line_1_4' title="bbox 196 1557 1461 1635; baseline 0.004 -20"><span class='ocrx_word' id='word_1_31' title='bbox 196 1557 289 1629; x_wconf 86' lang='lat' dir='ltr'><strong>Sane,</strong></span> <span class='ocrx_word' id='word_1_32' title='bbox 313 1560 337 1617; x_wconf 87' lang='lat' dir='ltr'><strong>si</strong></span> <span class='ocrx_word' id='word_1_33' title='bbox 361 1563 577 1635; x_wconf 73' lang='lat' dir='ltr'><strong>proportionem</strong></span> <span class='ocrx_word' id='word_1_34' title='bbox 600 1563 673 1618; x_wconf 90' lang='lat' dir='ltr'><strong>inter</strong></span> <span class='ocrx_word' id='word_1_35' title='bbox 695 1559 769 1619; x_wconf 90' lang='lat' dir='ltr'><strong>duos</strong></span> <span class='ocrx_word' id='word_1_36' title='bbox 791 1564 929 1621; x_wconf 86' lang='lat' dir='ltr'><strong>terminos</strong></span> <span class='ocrx_word' id='word_1_37' title='bbox 953 1561 1032 1621; x_wconf 89' lang='lat' dir='ltr'><strong>soles</strong></span> <span class='ocrx_word' id='word_1_38' title='bbox 1055 1557 1337 1635; x_wconf 73' lang='lat' dir='ltr'><strong>agnosstraalnm,</strong></span> <span class='ocrx_word' id='word_1_39' title='bbox 1362 1560 1461 1619; x_wconf 80' lang='lat' dir='ltr'><strong>vineit.</strong></span> 
     </span>
     <span class='ocr_line' id='line_1_5' title="bbox 281 1644 1539 1724; baseline 0.002 -22"><span class='ocrx_word' id='word_1_40' title='bbox 281 1644 364 1705; x_wconf 87' lang='lat' dir='ltr'><strong>Haec</strong></span> <span class='ocrx_word' id='word_1_41' title='bbox 385 1656 431 1707; x_wconf 86' lang='lat' dir='ltr'><strong>est</strong></span> <span class='ocrx_word' id='word_1_42' title='bbox 453 1665 480 1709; x_wconf 87' lang='lat' dir='ltr'><strong>rr.</strong></span> <span class='ocrx_word' id='word_1_43' title='bbox 501 1648 704 1708; x_wconf 87' lang='lat' dir='ltr'><strong>nonnullorum</strong></span> <span class='ocrx_word' id='word_1_44' title='bbox 727 1648 873 1707; x_wconf 71' lang='lat' dir='ltr'><strong>subtilitas</strong></span> <span class='ocrx_word' id='word_1_45' title='bbox 897 1648 1049 1724; x_wconf 88' lang='lat' dir='ltr'><strong>loquendi,</strong></span> <span class='ocrx_word' id='word_1_46' title='bbox 1080 1648 1236 1722; x_wconf 81' lang='lat' dir='ltr'><strong>conjurata</strong></span> <span class='ocrx_word' id='word_1_47' title='bbox 1258 1664 1324 1705; x_wconf 90' lang='lat' dir='ltr'><strong>eum</strong></span> <span class='ocrx_word' id='word_1_48' title='bbox 1346 1663 1461 1704; x_wconf 89' lang='lat' dir='ltr'><strong>summa</strong></span> <span class='ocrx_word' id='word_1_49' title='bbox 1482 1646 1539 1705; x_wconf 88' lang='lat' dir='ltr'><strong>ob·</strong></span> 
     </span>
     <span class='ocr_line' id='line_1_6' title="bbox 196 1733 1537 1813; baseline 0.003 -26"><span class='ocrx_word' id='word_1_50' title='bbox 196 1733 348 1804; x_wconf 82' lang='lat' dir='ltr'><strong>ecaritate,</strong></span> <span class='ocrx_word' id='word_1_51' title='bbox 377 1743 408 1791; x_wconf 92' lang='lat' dir='ltr'><strong>ut</strong></span> <span class='ocrx_word' id='word_1_52' title='bbox 438 1734 466 1791; x_wconf 89' lang='lat' dir='ltr'><strong>id</strong></span> <span class='ocrx_word' id='word_1_53' title='bbox 498 1735 576 1811; x_wconf 87' lang='lat' dir='ltr'><strong>qrrod</strong></span> <span class='ocrx_word' id='word_1_54' title='bbox 599 1735 701 1793; x_wconf 84' lang='lat' dir='ltr'><strong>Graeci</strong></span> <span class='ocrx_word' id='word_1_55' title='bbox 725 1738 809 1813; x_wconf 70' lang='lat' dir='ltr'><strong>loyes</strong></span> <span class='ocrx_word' id='word_1_56' title='bbox 840 1735 1004 1813; x_wconf 85' lang='lat' dir='ltr'><strong>appeliant,</strong></span> <span class='ocrx_word' id='word_1_57' title='bbox 1035 1736 1126 1793; x_wconf 82' lang='lat' dir='ltr'><strong>latine</strong></span> <span class='ocrx_word' id='word_1_58' title='bbox 1148 1735 1289 1793; x_wconf 89' lang='lat' dir='ltr'><strong>rationem</strong></span> <span class='ocrx_word' id='word_1_59' title='bbox 1319 1733 1410 1793; x_wconf 84' lang='lat' dir='ltr'><strong>velint</strong></span> <span class='ocrx_word' id='word_1_60' title='bbox 1432 1733 1537 1805; x_wconf 59' lang='lat' dir='ltr'><strong>duero,</strong></span> 
     </span>
     <span class='ocr_line' id='line_1_7' title="bbox 197 1820 1536 1901; baseline 0.004 -26"><span class='ocrx_word' id='word_1_61' title='bbox 197 1822 411 1893; x_wconf 75' lang='lat' dir='ltr'><strong>proportionem</strong></span> <span class='ocrx_word' id='word_1_62' title='bbox 436 1839 513 1893; x_wconf 67' lang='lat' dir='ltr'><strong>roroq</strong></span> <span class='ocrx_word' id='word_1_63' title='bbox 536 1824 616 1898; x_wconf 87' lang='lat' dir='ltr'><strong>qnod</strong></span> <span class='ocrx_word' id='word_1_64' title='bbox 639 1822 744 1881; x_wconf 88' lang='lat' dir='ltr'><strong>Graeci</strong></span> <span class='ocrx_word' id='word_1_65' title='bbox 766 1820 929 1901; x_wconf 68' lang='lat' dir='ltr'><strong>duriores-r.</strong></span> <span class='ocrx_word' id='word_1_66' title='bbox 977 1820 1241 1897; x_wconf 80' lang='lat' dir='ltr'><strong>Vellemequldem</strong></span> <span class='ocrx_word' id='word_1_67' title='bbox 1264 1821 1293 1879; x_wconf 94' lang='lat' dir='ltr'><strong>id</strong></span> <span class='ocrx_word' id='word_1_68' title='bbox 1316 1821 1421 1882; x_wconf 81' lang='lat' dir='ltr'><strong>imitari</strong></span> <span class='ocrx_word' id='word_1_69' title='bbox 1439 1838 1536 1896; x_wconf 78' lang='lat' dir='ltr'><strong>pesas,</strong></span> 
     </span>
     <span class='ocr_line' id='line_1_8' title="bbox 197 1907 1539 1987; baseline 0.002 -25"><span class='ocrx_word' id='word_1_70' title='bbox 197 1916 228 1962; x_wconf 92' lang='lat' dir='ltr'><strong>ut</strong></span> <span class='ocrx_word' id='word_1_71' title='bbox 249 1907 353 1965; x_wconf 84' lang='lat' dir='ltr'><strong>iecisse</strong></span> <span class='ocrx_word' id='word_1_72' title='bbox 383 1907 568 1968; x_wconf 80' lang='lat' dir='ltr'><strong>muniamini</strong></span> <span class='ocrx_word' id='word_1_73' title='bbox 600 1910 739 1969; x_wconf 85' lang='lat' dir='ltr'><strong>antehae:</strong></span> <span class='ocrx_word' id='word_1_74' title='bbox 771 1918 803 1970; x_wconf 87' lang='lat' dir='ltr'><strong>at</strong></span> <span class='ocrx_word' id='word_1_75' title='bbox 826 1913 907 1987; x_wconf 71' lang='lat' dir='ltr'><strong>ioyoc</strong></span> <span class='ocrx_word' id='word_1_76' title='bbox 930 1909 1050 1970; x_wconf 86' lang='lat' dir='ltr'><strong>Graecis</strong></span> <span class='ocrx_word' id='word_1_77' title='bbox 1080 1926 1228 1984; x_wconf 85' lang='lat' dir='ltr'><strong>uunquam</strong></span> <span class='ocrx_word' id='word_1_78' title='bbox 1256 1910 1284 1964; x_wconf 92' lang='lat' dir='ltr'><strong>in</strong></span> <span class='ocrx_word' id='word_1_79' title='bbox 1312 1909 1459 1968; x_wconf 90' lang='lat' dir='ltr'><strong>communi</strong></span> <span class='ocrx_word' id='word_1_80' title='bbox 1483 1924 1539 1966; x_wconf 92' lang='lat' dir='ltr'><strong>usu</strong></span> 
     </span>
     <span class='ocr_line' id='line_1_9' title="bbox 196 1993 1611 2073; baseline 0.003 -23"><span class='ocrx_word' id='word_1_81' title='bbox 196 1993 334 2068; x_wconf 87' lang='lat' dir='ltr'><strong>loquendi</strong></span> <span class='ocrx_word' id='word_1_82' title='bbox 357 1999 480 2055; x_wconf 87' lang='lat' dir='ltr'><strong>sumitur</strong></span> <span class='ocrx_word' id='word_1_83' title='bbox 502 2015 554 2073; x_wconf 92' lang='lat' dir='ltr'><strong>pro</strong></span> <span class='ocrx_word' id='word_1_84' title='bbox 578 2015 650 2057; x_wconf 85' lang='lat' dir='ltr'><strong>voco</strong></span> <span class='ocrx_word' id='word_1_85' title='bbox 672 1996 770 2069; x_wconf 70' lang='lat' dir='ltr'><strong>airam,</strong></span> <span class='ocrx_word' id='word_1_86' title='bbox 795 1997 907 2058; x_wconf 83' lang='lat' dir='ltr'><strong>Latinis</strong></span> <span class='ocrx_word' id='word_1_87' title='bbox 932 2013 1002 2057; x_wconf 83' lang='lat' dir='ltr'><strong>vero</strong></span> <span class='ocrx_word' id='word_1_88' title='bbox 1023 1998 1097 2055; x_wconf 83' lang='lat' dir='ltr'><strong>ratio</strong></span> <span class='ocrx_word' id='word_1_89' title='bbox 1116 1997 1292 2056; x_wconf 77' lang='lat' dir='ltr'><strong>ereberrime</strong></span> <span class='ocrx_word' id='word_1_90' title='bbox 1311 2004 1398 2057; x_wconf 89' lang='lat' dir='ltr'><strong>sonat</strong></span> <span class='ocrx_word' id='word_1_91' title='bbox 1418 2012 1539 2054; x_wconf 70' lang='lat' dir='ltr'><strong>musam</strong></span> <span class='ocrx_word' id='word_1_92' title='bbox 1607 2020 1611 2030; x_wconf 93' lang='lat'><em>·</em></span> 
     </span>
     <span class='ocr_line' id='line_1_10' title="bbox 200 2080 1539 2161; baseline 0.002 -24"><span class='ocrx_word' id='word_1_93' title='bbox 200 2080 245 2138; x_wconf 90' lang='lat' dir='ltr'><strong>vel</strong></span> <span class='ocrx_word' id='word_1_94' title='bbox 269 2082 398 2141; x_wconf 89' lang='lat' dir='ltr'><strong>modum.</strong></span> <span class='ocrx_word' id='word_1_95' title='bbox 444 2083 566 2161; x_wconf 77' lang='lat' dir='ltr'><strong>Oportet</strong></span> <span class='ocrx_word' id='word_1_96' title='bbox 588 2086 674 2159; x_wconf 81' lang='lat' dir='ltr'><strong>igitur</strong></span> <span class='ocrx_word' id='word_1_97' title='bbox 697 2091 794 2144; x_wconf 87' lang='lat' dir='ltr'><strong>tenere</strong></span> <span class='ocrx_word' id='word_1_98' title='bbox 816 2101 926 2143; x_wconf 90' lang='lat' dir='ltr'><strong>morem</strong></span> <span class='ocrx_word' id='word_1_99' title='bbox 943 2103 968 2143; x_wconf 85' lang='lat' dir='ltr'><strong>a</strong></span> <span class='ocrx_word' id='word_1_100' title='bbox 989 2082 1315 2150; x_wconf 81' lang='lat' dir='ltr'><strong>barbaris,Graeeornm</strong></span> <span class='ocrx_word' id='word_1_101' title='bbox 1330 2082 1539 2144; x_wconf 69' lang='lat' dir='ltr'><strong>elementorum</strong></span> 
     </span>
     <span class='ocr_line' id='line_1_11' title="bbox 196 2168 1539 2248; baseline 0.004 -25"><span class='ocrx_word' id='word_1_102' title='bbox 196 2169 400 2244; x_wconf 89' lang='lat' dir='ltr'><strong>interpretibus</strong></span> <span class='ocrx_word' id='word_1_103' title='bbox 424 2172 617 2231; x_wconf 87' lang='lat' dir='ltr'><strong>introductum</strong></span> <span class='ocrx_word' id='word_1_104' title='bbox 641 2181 668 2229; x_wconf 90' lang='lat' dir='ltr'><strong>et</strong></span> <span class='ocrx_word' id='word_1_105' title='bbox 690 2175 886 2246; x_wconf 76' lang='lat' dir='ltr'><strong>proportionis</strong></span> <span class='ocrx_word' id='word_1_106' title='bbox 909 2189 1011 2232; x_wconf 84' lang='lat' dir='ltr'><strong>rocem</strong></span> <span class='ocrx_word' id='word_1_107' title='bbox 1035 2183 1094 2230; x_wconf 88' lang='lat' dir='ltr'><strong>taur</strong></span> <span class='ocrx_word' id='word_1_108' title='bbox 1116 2188 1168 2247; x_wconf 92' lang='lat' dir='ltr'><strong>pro</strong></span> <span class='ocrx_word' id='word_1_109' title='bbox 1192 2173 1266 2248; x_wconf 63' lang='lat' dir='ltr'><strong>lurp</strong></span> <span class='ocrx_word' id='word_1_110' title='bbox 1288 2187 1376 2246; x_wconf 91' lang='lat' dir='ltr'><strong>quam</strong></span> <span class='ocrx_word' id='word_1_111' title='bbox 1398 2186 1450 2246; x_wconf 92' lang='lat' dir='ltr'><strong>pro</strong></span> <span class='ocrx_word' id='word_1_112' title='bbox 1465 2168 1539 2230; x_wconf 78' lang='lat' dir='ltr'><strong>a&#39;re·</strong></span> 
     </span>
     <span class='ocr_line' id='line_1_12' title="bbox 197 2257 1509 2335; baseline 0.005 -22"><span class='ocrx_word' id='word_1_113' title='bbox 197 2257 276 2332; x_wconf 77' lang='lat' dir='ltr'><strong>loyrq</strong></span> <span class='ocrx_word' id='word_1_114' title='bbox 300 2273 432 2335; x_wconf 89' lang='lat' dir='ltr'><strong>sumere,</strong></span> <span class='ocrx_word' id='word_1_115' title='bbox 455 2260 534 2334; x_wconf 91' lang='lat' dir='ltr'><strong>quod</strong></span> <span class='ocrx_word' id='word_1_116' title='bbox 557 2268 619 2318; x_wconf 92' lang='lat' dir='ltr'><strong>toto</strong></span> <span class='ocrx_word' id='word_1_117' title='bbox 641 2259 697 2317; x_wconf 88' lang='lat' dir='ltr'><strong>lroo</strong></span> <span class='ocrx_word' id='word_1_118' title='bbox 719 2258 793 2317; x_wconf 83' lang='lat' dir='ltr'><strong>libro</strong></span> <span class='ocrx_word' id='word_1_119' title='bbox 816 2260 918 2318; x_wconf 89' lang='lat' dir='ltr'><strong>crebro</strong></span> <span class='ocrx_word' id='word_1_120' title='bbox 940 2260 1025 2318; x_wconf 83' lang='lat' dir='ltr'><strong>isoio.</strong></span> <span class='ocrx_word' id='word_1_121' title='bbox 1504 2300 1509 2312; x_wconf 75' lang='lat'>.</span> 
     </span>
     <span class='ocr_line' id='line_1_13' title="bbox 280 2341 1536 2422; baseline 0.001 -20"><span class='ocrx_word' id='word_1_122' title='bbox 280 2341 349 2402; x_wconf 85' lang='lat' dir='ltr'><strong>Jum</strong></span> <span class='ocrx_word' id='word_1_123' title='bbox 373 2347 462 2420; x_wconf 86' lang='lat' dir='ltr'><strong>igitur</strong></span> <span class='ocrx_word' id='word_1_124' title='bbox 484 2346 619 2406; x_wconf 87' lang='lat' dir='ltr'><strong>distincta</strong></span> <span class='ocrx_word' id='word_1_125' title='bbox 641 2353 707 2404; x_wconf 86' lang='lat' dir='ltr'><strong>sunt</strong></span> <span class='ocrx_word' id='word_1_126' title='bbox 729 2349 879 2422; x_wconf 89' lang='lat' dir='ltr'><strong>proportio</strong></span> <span class='ocrx_word' id='word_1_127' title='bbox 902 2354 931 2405; x_wconf 91' lang='lat' dir='ltr'><strong>et</strong></span> <span class='ocrx_word' id='word_1_128' title='bbox 954 2343 1170 2415; x_wconf 83' lang='lat' dir='ltr'><strong>uonoordantie,</strong></span> <span class='ocrx_word' id='word_1_129' title='bbox 1195 2352 1224 2402; x_wconf 83' lang='lat' dir='ltr'><strong>ei</strong></span> <span class='ocrx_word' id='word_1_130' title='bbox 1246 2342 1319 2403; x_wconf 87' lang='lat' dir='ltr'><strong>baec</strong></span> <span class='ocrx_word' id='word_1_131' title='bbox 1342 2341 1422 2402; x_wconf 88' lang='lat' dir='ltr'><strong>illius</strong></span> <span class='ocrx_word' id='word_1_132' title='bbox 1445 2341 1536 2403; x_wconf 87' lang='lat' dir='ltr'><strong>veluti</strong></span> 
     </span>
     <span class='ocr_line' id='line_1_14' title="bbox 145 2423 1539 2512; baseline 0.004 -27"><span class='ocrx_word' id='word_1_133' title='bbox 145 2504 147 2507; x_wconf 80' lang='lat'>.</span> <span class='ocrx_word' id='word_1_134' title='bbox 199 2427 326 2502; x_wconf 73' lang='lat' dir='ltr'><strong>qualitas</strong></span> <span class='ocrx_word' id='word_1_135' title='bbox 349 2433 492 2506; x_wconf 89' lang='lat' dir='ltr'><strong>quaedam</strong></span> <span class='ocrx_word' id='word_1_136' title='bbox 523 2423 631 2509; x_wconf 86' lang='lat' dir='ltr'><strong>illaque</strong></span> <span class='ocrx_word' id='word_1_137' title='bbox 653 2433 740 2508; x_wconf 81' lang='lat' dir='ltr'><strong>liujus</strong></span> <span class='ocrx_word' id='word_1_138' title='bbox 762 2433 936 2512; x_wconf 82' lang='lat' dir='ltr'><strong>subjectum,</strong></span> <span class='ocrx_word' id='word_1_139' title='bbox 981 2431 1195 2492; x_wconf 82' lang='lat' dir='ltr'><strong>Gonoerdantia</strong></span> <span class='ocrx_word' id='word_1_140' title='bbox 1217 2447 1287 2489; x_wconf 81' lang='lat' dir='ltr'><strong>vero</strong></span> <span class='ocrx_word' id='word_1_141' title='bbox 1319 2432 1394 2491; x_wconf 89' lang='lat' dir='ltr'><strong>inest</strong></span> <span class='ocrx_word' id='word_1_142' title='bbox 1416 2448 1539 2508; x_wconf 84' lang='lat' dir='ltr'><strong>propor-</strong></span> 
     </span>
     <span class='ocr_line' id='line_1_15' title="bbox 197 2517 1613 2599; baseline 0.004 -28"><span class='ocrx_word' id='word_1_143' title='bbox 197 2518 326 2576; x_wconf 80' lang='lat' dir='ltr'><strong>tionibus</strong></span> <span class='ocrx_word' id='word_1_144' title='bbox 348 2521 495 2595; x_wconf 82' lang='lat' dir='ltr'><strong>primast</strong></span> <span class='ocrx_word' id='word_1_145' title='bbox 517 2538 631 2597; x_wconf 83' lang='lat' dir='ltr'><strong>perse,</strong></span> <span class='ocrx_word' id='word_1_146' title='bbox 654 2529 798 2595; x_wconf 88' lang='lat' dir='ltr'><strong>quatenus</strong></span> <span class='ocrx_word' id='word_1_147' title='bbox 823 2521 890 2579; x_wconf 89' lang='lat' dir='ltr'><strong>illae</strong></span> <span class='ocrx_word' id='word_1_148' title='bbox 914 2517 983 2579; x_wconf 85' lang='lat' dir='ltr'><strong>sunt</strong></span> <span class='ocrx_word' id='word_1_149' title='bbox 1005 2523 1079 2588; x_wconf 79' lang='lat' dir='ltr'><strong>inter</strong></span> <span class='ocrx_word' id='word_1_150' title='bbox 1101 2519 1176 2599; x_wconf 76' lang='lat' dir='ltr'><strong>dues</strong></span> <span class='ocrx_word' id='word_1_151' title='bbox 1198 2521 1351 2589; x_wconf 86' lang='lat' dir='ltr'><strong>terminos,</strong></span> <span class='ocrx_word' id='word_1_152' title='bbox 1382 2536 1440 2577; x_wconf 89' lang='lat' dir='ltr'><strong>non</strong></span> <span class='ocrx_word' id='word_1_153' title='bbox 1463 2536 1538 2594; x_wconf 81' lang='lat' dir='ltr'><strong>qua·</strong></span> <span class='ocrx_word' id='word_1_154' title='bbox 1608 2521 1613 2532; x_wconf 88' lang='lat'>&#39;</span> 
     </span>
     <span class='ocr_line' id='line_1_16' title="bbox 195 2585 1538 2685; baseline 0.003 -24"><span class='ocrx_word' id='word_1_155' title='bbox 195 2611 279 2661; x_wconf 85' lang='lat' dir='ltr'><strong>tenus</strong></span> <span class='ocrx_word' id='word_1_156' title='bbox 308 2614 353 2665; x_wconf 88' lang='lat' dir='ltr'><strong>est</strong></span> <span class='ocrx_word' id='word_1_157' title='bbox 379 2609 453 2666; x_wconf 91' lang='lat' dir='ltr'><strong>inter</strong></span> <span class='ocrx_word' id='word_1_158' title='bbox 484 2608 582 2684; x_wconf 90' lang='lat' dir='ltr'><strong>plures</strong></span> <span class='ocrx_word' id='word_1_159' title='bbox 614 2611 750 2667; x_wconf 83' lang='lat' dir='ltr'><strong>terminos</strong></span> <span class='ocrx_word' id='word_1_160' title='bbox 778 2610 956 2667; x_wconf 68' lang='lat' dir='ltr'><strong>continuitas</strong></span> <span class='ocrx_word' id='word_1_161' title='bbox 987 2585 1131 2685; x_wconf 48' lang='lat' dir='ltr'><strong>qu&#39;ssm</strong></span> <span class='ocrx_word' id='word_1_162' title='bbox 1156 2606 1381 2683; x_wconf 24' lang='lat' dir='ltr'><strong>proportionis..</strong></span> <span class='ocrx_word' id='word_1_163' title='bbox 1408 2607 1443 2664; x_wconf 83' lang='lat' dir='ltr'><strong>ut</strong></span> <span class='ocrx_word' id='word_1_164' title='bbox 1466 2623 1538 2665; x_wconf 83' lang='lat' dir='ltr'><strong>cou-</strong></span> 
     </span>
     <span class='ocr_line' id='line_1_17' title="bbox 195 2688 1622 2771; baseline 0.004 -24"><span class='ocrx_word' id='word_1_165' title='bbox 195 2702 302 2750; x_wconf 88' lang='lat' dir='ltr'><strong>sonant</strong></span> <span class='ocrx_word' id='word_1_166' title='bbox 324 2692 382 2751; x_wconf 92' lang='lat' dir='ltr'><strong>duo</strong></span> <span class='ocrx_word' id='word_1_167' title='bbox 405 2698 599 2771; x_wconf 76' lang='lat' dir='ltr'><strong>proportionis</strong></span> <span class='ocrx_word' id='word_1_168' title='bbox 630 2697 742 2754; x_wconf 87' lang='lat' dir='ltr'><strong>termini</strong></span> <span class='ocrx_word' id='word_1_169' title='bbox 764 2712 822 2754; x_wconf 91' lang='lat' dir='ltr'><strong>non</strong></span> <span class='ocrx_word' id='word_1_170' title='bbox 846 2713 935 2755; x_wconf 87' lang='lat' dir='ltr'><strong>eausa</strong></span> <span class='ocrx_word' id='word_1_171' title='bbox 957 2697 1045 2767; x_wconf 86' lang='lat' dir='ltr'><strong>situs,</strong></span> <span class='ocrx_word' id='word_1_172' title='bbox 1078 2697 1106 2751; x_wconf 89' lang='lat' dir='ltr'><strong>iu</strong></span> <span class='ocrx_word' id='word_1_173' title='bbox 1130 2695 1290 2769; x_wconf 74' lang='lat' dir='ltr'><strong>quo-prius</strong></span> <span class='ocrx_word' id='word_1_174' title='bbox 1312 2701 1356 2753; x_wconf 90' lang='lat' dir='ltr'><strong>est</strong></span> <span class='ocrx_word' id='word_1_175' title='bbox 1386 2701 1416 2751; x_wconf 90' lang='lat' dir='ltr'><strong>et</strong></span> <span class='ocrx_word' id='word_1_176' title='bbox 1438 2702 1539 2769; x_wconf 91' lang='lat' dir='ltr'><strong>poste·</strong></span> <span class='ocrx_word' id='word_1_177' title='bbox 1616 2688 1622 2701; x_wconf 82' lang='grc'><em>’</em></span> 
     </span>
     <span class='ocr_line' id='line_1_18' title="bbox 195 2779 1537 2859; baseline 0.005 -26"><span class='ocrx_word' id='word_1_178' title='bbox 195 2779 263 2849; x_wconf 89' lang='lat' dir='ltr'><strong>rius,</strong></span> <span class='ocrx_word' id='word_1_179' title='bbox 287 2779 340 2838; x_wconf 90' lang='lat' dir='ltr'><strong>sed</strong></span> <span class='ocrx_word' id='word_1_180' title='bbox 362 2791 507 2856; x_wconf 88' lang='lat' dir='ltr'><strong>quatenus</strong></span> <span class='ocrx_word' id='word_1_181' title='bbox 530 2782 615 2841; x_wconf 92' lang='lat' dir='ltr'><strong>simul</strong></span> <span class='ocrx_word' id='word_1_182' title='bbox 638 2782 791 2859; x_wconf 75' lang='lat' dir='ltr'><strong>pulsantur</strong></span> <span class='ocrx_word' id='word_1_183' title='bbox 813 2783 915 2842; x_wconf 88' lang='lat' dir='ltr'><strong>eodem</strong></span> <span class='ocrx_word' id='word_1_184' title='bbox 939 2789 1068 2858; x_wconf 88' lang='lat' dir='ltr'><strong>tempore</strong></span> <span class='ocrx_word' id='word_1_185' title='bbox 1092 2780 1168 2840; x_wconf 79' lang='lat' dir='ltr'><strong>duae</strong></span> <span class='ocrx_word' id='word_1_186' title='bbox 1190 2779 1335 2851; x_wconf 84' lang='lat' dir='ltr'><strong>chordae,</strong></span> <span class='ocrx_word' id='word_1_187' title='bbox 1365 2796 1418 2840; x_wconf 88' lang='lat' dir='ltr'><strong>neo</strong></span> <span class='ocrx_word' id='word_1_188' title='bbox 1440 2788 1537 2841; x_wconf 67' lang='lat' dir='ltr'><strong>mun·</strong></span> 
     </span>
     <span class='ocr_line' id='line_1_19' title="bbox 197 2865 1585 2946; baseline -0.001 -20"><span class='ocrx_word' id='word_1_189' title='bbox 197 2874 241 2926; x_wconf 84' lang='lat' dir='ltr'><strong>tur</strong></span> <span class='ocrx_word' id='word_1_190' title='bbox 264 2865 337 2928; x_wconf 88' lang='lat' dir='ltr'><strong>haec</strong></span> <span class='ocrx_word' id='word_1_191' title='bbox 359 2869 564 2929; x_wconf 87' lang='lat' dir='ltr'><strong>concordantia</strong></span> <span class='ocrx_word' id='word_1_192' title='bbox 591 2878 702 2937; x_wconf 90' lang='lat' dir='ltr'><strong>mutato</strong></span> <span class='ocrx_word' id='word_1_193' title='bbox 725 2871 781 2928; x_wconf 90' lang='lat' dir='ltr'><strong>situ</strong></span> <span class='ocrx_word' id='word_1_194' title='bbox 804 2870 1003 2930; x_wconf 68' lang='lat' dir='ltr'><strong>maracterum</strong></span> <span class='ocrx_word' id='word_1_195' title='bbox 1033 2870 1228 2946; x_wconf 85' lang='lat' dir='ltr'><strong>inscriptura</strong></span> <span class='ocrx_word' id='word_1_196' title='bbox 1254 2874 1307 2926; x_wconf 86' lang='lat' dir='ltr'><strong>aut</strong></span> <span class='ocrx_word' id='word_1_197' title='bbox 1337 2869 1365 2924; x_wconf 90' lang='lat' dir='ltr'><strong>in</strong></span> <span class='ocrx_word' id='word_1_198' title='bbox 1389 2868 1534 2927; x_wconf 81' lang='lat' dir='ltr'><strong>testudine</strong></span> <span class='ocrx_word' id='word_1_199' title='bbox 1583 2943 1585 2946; x_wconf 12' lang='grc' dir='ltr'>ι</span> 
     </span>
     <span class='ocr_line' id='line_1_20' title="bbox 198 2954 1541 3033; baseline 0.004 -23"><span class='ocrx_word' id='word_1_200' title='bbox 198 2970 311 3024; x_wconf 69' lang='grc' dir='ltr'>ιιιιιιι.</span> <span class='ocrx_word' id='word_1_201' title='bbox 357 2955 539 3032; x_wconf 86' lang='lat' dir='ltr'><strong>Propertioni</strong></span> <span class='ocrx_word' id='word_1_202' title='bbox 565 2975 642 3030; x_wconf 83' lang='lat' dir='ltr'><strong>roro,</strong></span> <span class='ocrx_word' id='word_1_203' title='bbox 666 2965 808 3033; x_wconf 77' lang='lat' dir='ltr'><strong>quaeest</strong></span> <span class='ocrx_word' id='word_1_204' title='bbox 831 2961 904 3017; x_wconf 87' lang='lat' dir='ltr'><strong>inter</strong></span> <span class='ocrx_word' id='word_1_205' title='bbox 920 2968 979 3017; x_wconf 89' lang='lat' dir='ltr'><strong>tres</strong></span> <span class='ocrx_word' id='word_1_206' title='bbox 995 2955 1042 3015; x_wconf 83' lang='lat' dir='ltr'><strong>vel</strong></span> <span class='ocrx_word' id='word_1_207' title='bbox 1058 2955 1155 3032; x_wconf 82' lang='lat' dir='ltr'><strong>plures</strong></span> <span class='ocrx_word' id='word_1_208' title='bbox 1169 2956 1316 3026; x_wconf 83' lang='lat' dir='ltr'><strong>terminos,</strong></span> <span class='ocrx_word' id='word_1_209' title='bbox 1342 2954 1448 3015; x_wconf 86' lang='lat' dir='ltr'><strong>accidit</strong></span> <span class='ocrx_word' id='word_1_210' title='bbox 1470 2972 1541 3015; x_wconf 85' lang='lat' dir='ltr'><strong>eos-</strong></span> 
     </span>
     <span class='ocr_line' id='line_1_21' title="bbox 197 3033 1539 3121; baseline 0.003 -24"><span class='ocrx_word' id='word_1_211' title='bbox 197 3039 346 3102; x_wconf 89' lang='lat' dir='ltr'><strong>cerdaatia</strong></span> <span class='ocrx_word' id='word_1_212' title='bbox 374 3033 560 3118; x_wconf 85' lang='lat' dir='ltr'><strong>secundario,</strong></span> <span class='ocrx_word' id='word_1_213' title='bbox 589 3054 715 3121; x_wconf 79' lang='lat' dir='ltr'><strong>propter·</strong></span> <span class='ocrx_word' id='word_1_214' title='bbox 733 3044 895 3119; x_wconf 80' lang='lat' dir='ltr'><strong>singulares</strong></span> <span class='ocrx_word' id='word_1_215' title='bbox 928 3046 1114 3103; x_wconf 86' lang='lat' dir='ltr'><strong>terminorum</strong></span> <span class='ocrx_word' id='word_1_216' title='bbox 1149 3044 1247 3117; x_wconf 84' lang='lat' dir='ltr'><strong>bigas,</strong></span> <span class='ocrx_word' id='word_1_217' title='bbox 1282 3043 1311 3099; x_wconf 89' lang='lat' dir='ltr'><strong>in</strong></span> <span class='ocrx_word' id='word_1_218' title='bbox 1342 3043 1449 3117; x_wconf 91' lang='lat' dir='ltr'><strong>qulbus</strong></span> <span class='ocrx_word' id='word_1_219' title='bbox 1484 3043 1539 3102; x_wconf 87' lang='lat' dir='ltr'><strong>etsi</strong></span> 
     </span>
     <span class='ocr_line' id='line_1_22' title="bbox 196 3127 1541 3208; baseline 0.004 -25"><span class='ocrx_word' id='word_1_220' title='bbox 196 3130 300 3185; x_wconf 89' lang='lat' dir='ltr'><strong>mutari</strong></span> <span class='ocrx_word' id='word_1_221' title='bbox 322 3138 421 3204; x_wconf 89' lang='lat' dir='ltr'><strong>potest</strong></span> <span class='ocrx_word' id='word_1_222' title='bbox 443 3141 554 3192; x_wconf 90' lang='lat' dir='ltr'><strong>mutato</strong></span> <span class='ocrx_word' id='word_1_223' title='bbox 577 3136 635 3191; x_wconf 89' lang='lat' dir='ltr'><strong>situ</strong></span> <span class='ocrx_word' id='word_1_224' title='bbox 657 3131 805 3207; x_wconf 84' lang='lat' dir='ltr'><strong>analogia,</strong></span> <span class='ocrx_word' id='word_1_225' title='bbox 828 3131 986 3208; x_wconf 80' lang='lat' dir='ltr'><strong>iduempe,</strong></span> <span class='ocrx_word' id='word_1_226' title='bbox 1008 3129 1088 3206; x_wconf 88' lang='lat' dir='ltr'><strong>quod</strong></span> <span class='ocrx_word' id='word_1_227' title='bbox 1112 3132 1140 3186; x_wconf 88' lang='lat' dir='ltr'><strong>in</strong></span> <span class='ocrx_word' id='word_1_228' title='bbox 1163 3128 1222 3188; x_wconf 89' lang='lat' dir='ltr'><strong>iliis</strong></span> <span class='ocrx_word' id='word_1_229' title='bbox 1244 3138 1288 3188; x_wconf 88' lang='lat' dir='ltr'><strong>est</strong></span> <span class='ocrx_word' id='word_1_230' title='bbox 1310 3127 1348 3188; x_wconf 88' lang='lat' dir='ltr'><strong>de</strong></span> <span class='ocrx_word' id='word_1_231' title='bbox 1363 3132 1541 3205; x_wconf 82' lang='lat' dir='ltr'><strong>geometrica</strong></span> 
     </span>
     <span class='ocr_line' id='line_1_23' title="bbox 196 3214 1539 3294; baseline 0.004 -23"><span class='ocrx_word' id='word_1_232' title='bbox 196 3217 382 3290; x_wconf 88' lang='lat' dir='ltr'><strong>proportione</strong></span> <span class='ocrx_word' id='word_1_233' title='bbox 405 3218 573 3292; x_wconf 79' lang='lat' dir='ltr'><strong>admixtum,</strong></span> <span class='ocrx_word' id='word_1_234' title='bbox 596 3237 690 3294; x_wconf 85' lang='lat' dir='ltr'><strong>neque</strong></span> <span class='ocrx_word' id='word_1_235' title='bbox 712 3228 808 3278; x_wconf 66' lang='lat' dir='ltr'><strong>nmen</strong></span> <span class='ocrx_word' id='word_1_236' title='bbox 831 3220 918 3277; x_wconf 91' lang='lat' dir='ltr'><strong>simul</strong></span> <span class='ocrx_word' id='word_1_237' title='bbox 942 3220 1047 3278; x_wconf 89' lang='lat' dir='ltr'><strong>mutari</strong></span> <span class='ocrx_word' id='word_1_238' title='bbox 1071 3217 1197 3293; x_wconf 86' lang='lat' dir='ltr'><strong>qualitas</strong></span> <span class='ocrx_word' id='word_1_239' title='bbox 1218 3217 1394 3276; x_wconf 86' lang='lat' dir='ltr'><strong>harmonica.</strong></span> <span class='ocrx_word' id='word_1_240' title='bbox 1443 3214 1539 3291; x_wconf 84' lang='lat' dir='ltr'><strong>Quare</strong></span> 
     </span>
     <span class='ocr_line' id='line_1_24' title="bbox 197 3300 1540 3383; baseline 0.005 -26"><span class='ocrx_word' id='word_1_241' title='bbox 197 3302 274 3375; x_wconf 91' lang='lat' dir='ltr'><strong>quod</strong></span> <span class='ocrx_word' id='word_1_242' title='bbox 298 3302 427 3379; x_wconf 90' lang='lat' dir='ltr'><strong>disputat</strong></span> <span class='ocrx_word' id='word_1_243' title='bbox 452 3300 589 3379; x_wconf 79' lang='lat' dir='ltr'><strong>Bedimrs&#39;,</strong></span> <span class='ocrx_word' id='word_1_244' title='bbox 613 3316 738 3383; x_wconf 88' lang='lat' dir='ltr'><strong>quatuor</strong></span> <span class='ocrx_word' id='word_1_245' title='bbox 759 3309 831 3378; x_wconf 89' lang='lat' dir='ltr'><strong>ista,</strong></span> <span class='ocrx_word' id='word_1_246' title='bbox 856 3306 961 3382; x_wconf 88' lang='lat' dir='ltr'><strong>legem,</strong></span> <span class='ocrx_word' id='word_1_247' title='bbox 983 3305 1057 3381; x_wconf 85' lang='lat' dir='ltr'><strong>legis</strong></span> <span class='ocrx_word' id='word_1_248' title='bbox 1079 3305 1240 3374; x_wconf 87' lang='lat' dir='ltr'><strong>actionem,</strong></span> <span class='ocrx_word' id='word_1_249' title='bbox 1263 3305 1452 3379; x_wconf 78' lang='lat' dir='ltr'><strong>aequitatem,</strong></span> <span class='ocrx_word' id='word_1_250' title='bbox 1467 3323 1540 3364; x_wconf 86' lang='lat' dir='ltr'><strong>ma·</strong></span> 
     </span>
     <span class='ocr_line' id='line_1_25' title="bbox 196 3389 1539 3473; baseline 0.004 -27"><span class='ocrx_word' id='word_1_251' title='bbox 196 3392 366 3464; x_wconf 80' lang='lat' dir='ltr'><strong>gistratum,</strong></span> <span class='ocrx_word' id='word_1_252' title='bbox 398 3398 559 3471; x_wconf 87' lang='lat' dir='ltr'><strong>comparari</strong></span> <span class='ocrx_word' id='word_1_253' title='bbox 590 3404 715 3469; x_wconf 88' lang='lat' dir='ltr'><strong>quatuor</strong></span> <span class='ocrx_word' id='word_1_254' title='bbox 744 3396 886 3473; x_wconf 90' lang='lat' dir='ltr'><strong>numeris,</strong></span> <span class='ocrx_word' id='word_1_255' title='bbox 922 3394 1092 3452; x_wconf 79' lang='lat' dir='ltr'><strong>harmonica</strong></span> <span class='ocrx_word' id='word_1_256' title='bbox 1113 3394 1299 3468; x_wconf 83' lang='lat' dir='ltr'><strong>proportione</strong></span> <span class='ocrx_word' id='word_1_257' title='bbox 1320 3389 1478 3467; x_wconf 83' lang='lat' dir='ltr'><strong>colligatis,</strong></span> <span class='ocrx_word' id='word_1_258' title='bbox 1509 3400 1539 3451; x_wconf 86' lang='lat' dir='ltr'><strong>et</strong></span> 
     </span>
     <span class='ocr_line' id='line_1_26' title="bbox 197 3477 1541 3558; baseline 0.005 -25"><span class='ocrx_word' id='word_1_259' title='bbox 197 3477 440 3549; x_wconf 81' lang='lat' dir='ltr'><strong>quemadmodum</strong></span> <span class='ocrx_word' id='word_1_260' title='bbox 465 3484 647 3558; x_wconf 83' lang='lat' dir='ltr'><strong>transpositis</strong></span> <span class='ocrx_word' id='word_1_261' title='bbox 669 3483 795 3540; x_wconf 84' lang='lat' dir='ltr'><strong>numeria</strong></span> <span class='ocrx_word' id='word_1_262' title='bbox 818 3490 919 3557; x_wconf 90' lang='lat' dir='ltr'><strong>pereat</strong></span> <span class='ocrx_word' id='word_1_263' title='bbox 942 3487 1107 3549; x_wconf 87' lang='lat' dir='ltr'><strong>concentus,</strong></span> <span class='ocrx_word' id='word_1_264' title='bbox 1132 3481 1173 3538; x_wconf 88' lang='lat' dir='ltr'><strong>ita</strong></span> <span class='ocrx_word' id='word_1_265' title='bbox 1192 3480 1218 3537; x_wconf 90' lang='lat' dir='ltr'><strong>sl</strong></span> <span class='ocrx_word' id='word_1_266' title='bbox 1242 3494 1396 3554; x_wconf 87' lang='lat' dir='ltr'><strong>processus</strong></span> <span class='ocrx_word' id='word_1_267' title='bbox 1411 3478 1541 3540; x_wconf 81' lang='lat' dir='ltr'><strong>ioreuaes</strong></span> 
     </span>
     <span class='ocr_line' id='line_1_27' title="bbox 197 3566 1541 3643; baseline 0.006 -25"><span class='ocrx_word' id='word_1_268' title='bbox 197 3573 223 3620; x_wconf 83' lang='lat' dir='ltr'><strong>et</strong></span> <span class='ocrx_word' id='word_1_269' title='bbox 246 3569 395 3623; x_wconf 85' lang='lat' dir='ltr'><strong>exsecutio</strong></span> <span class='ocrx_word' id='word_1_270' title='bbox 417 3570 545 3643; x_wconf 88' lang='lat' dir='ltr'><strong>potiores</strong></span> <span class='ocrx_word' id='word_1_271' title='bbox 567 3569 729 3627; x_wconf 83' lang='lat' dir='ltr'><strong>habeantur</strong></span> <span class='ocrx_word' id='word_1_272' title='bbox 749 3568 878 3643; x_wconf 82' lang='lat' dir='ltr'><strong>legibus,</strong></span> <span class='ocrx_word' id='word_1_273' title='bbox 911 3570 936 3625; x_wconf 90' lang='lat' dir='ltr'><strong>si</strong></span> <span class='ocrx_word' id='word_1_274' title='bbox 959 3570 1146 3642; x_wconf 70' lang='lat' dir='ltr'><strong>magistratus</strong></span> <span class='ocrx_word' id='word_1_275' title='bbox 1173 3567 1252 3641; x_wconf 92' lang='lat' dir='ltr'><strong>prior</strong></span> <span class='ocrx_word' id='word_1_276' title='bbox 1269 3566 1434 3641; x_wconf 88' lang='lat' dir='ltr'><strong>aequitate,</strong></span> <span class='ocrx_word' id='word_1_277' title='bbox 1465 3568 1541 3626; x_wconf 80' lang='lat' dir='ltr'><strong>clvi·</strong></span> 
     </span>
     <span class='ocr_line' id='line_1_28' title="bbox 198 3651 1542 3732; baseline 0.005 -26"><span class='ocrx_word' id='word_1_278' title='bbox 198 3655 263 3708; x_wconf 85' lang='lat' dir='ltr'><strong>tetis</strong></span> <span class='ocrx_word' id='word_1_279' title='bbox 287 3652 466 3712; x_wconf 80' lang='lat' dir='ltr'><strong>harmoniam</strong></span> <span class='ocrx_word' id='word_1_280' title='bbox 490 3656 614 3713; x_wconf 88' lang='lat' dir='ltr'><strong>turbari:</strong></span> <span class='ocrx_word' id='word_1_281' title='bbox 642 3655 671 3713; x_wconf 91' lang='lat' dir='ltr'><strong>id</strong></span> <span class='ocrx_word' id='word_1_282' title='bbox 696 3655 812 3730; x_wconf 84' lang='lat' dir='ltr'><strong>quidem</strong></span> <span class='ocrx_word' id='word_1_283' title='bbox 836 3655 916 3714; x_wconf 81' lang='lat' dir='ltr'><strong>nulla</strong></span> <span class='ocrx_word' id='word_1_284' title='bbox 939 3658 1051 3713; x_wconf 90' lang='lat' dir='ltr'><strong>ratione</strong></span> <span class='ocrx_word' id='word_1_285' title='bbox 1075 3653 1118 3711; x_wconf 65' lang='lat' dir='ltr'><strong>ad*</strong></span> <span class='ocrx_word' id='word_1_286' title='bbox 1132 3653 1177 3724; x_wconf 88' lang='lat' dir='ltr'><strong>id,</strong></span> <span class='ocrx_word' id='word_1_287' title='bbox 1214 3651 1292 3727; x_wconf 89' lang='lat' dir='ltr'><strong>quod</strong></span> <span class='ocrx_word' id='word_1_288' title='bbox 1324 3656 1352 3710; x_wconf 92' lang='lat' dir='ltr'><strong>in</strong></span> <span class='ocrx_word' id='word_1_289' title='bbox 1375 3656 1542 3732; x_wconf 80' lang='lat' dir='ltr'><strong>proportio·</strong></span> 
     </span>
     <span class='ocr_line' id='line_1_29' title="bbox 197 3739 1541 3819; baseline 0.006 -26"><span class='ocrx_word' id='word_1_290' title='bbox 197 3739 281 3796; x_wconf 89' lang='lat' dir='ltr'><strong>nibus</strong></span> <span class='ocrx_word' id='word_1_291' title='bbox 306 3749 351 3799; x_wconf 90' lang='lat' dir='ltr'><strong>est</strong></span> <span class='ocrx_word' id='word_1_292' title='bbox 373 3742 580 3814; x_wconf 85' lang='lat' dir='ltr'><strong>harmonicum,</strong></span> <span class='ocrx_word' id='word_1_293' title='bbox 604 3742 655 3801; x_wconf 87' lang='lat' dir='ltr'><strong>sed</strong></span> <span class='ocrx_word' id='word_1_294' title='bbox 678 3742 848 3818; x_wconf 84' lang='lat' dir='ltr'><strong>simpliciter</strong></span> <span class='ocrx_word' id='word_1_295' title='bbox 869 3741 907 3801; x_wconf 87' lang='lat' dir='ltr'><strong>sd</strong></span> <span class='ocrx_word' id='word_1_296' title='bbox 931 3745 1059 3819; x_wconf 87' lang='lat' dir='ltr'><strong>ipsarum</strong></span> <span class='ocrx_word' id='word_1_297' title='bbox 1075 3742 1297 3817; x_wconf 87' lang='lat' dir='ltr'><strong>proportionum</strong></span> <span class='ocrx_word' id='word_1_298' title='bbox 1317 3747 1459 3813; x_wconf 89' lang='lat' dir='ltr'><strong>usturam,</strong></span> <span class='ocrx_word' id='word_1_299' title='bbox 1483 3759 1541 3817; x_wconf 88' lang='lat' dir='ltr'><strong>qua</strong></span> 
     </span>
     <span class='ocr_line' id='line_1_30' title="bbox 197 3827 1541 3910; baseline 0.001 -25"><span class='ocrx_word' id='word_1_300' title='bbox 197 3830 401 3910; x_wconf 48' lang='lat' dir='ltr'><strong>amatricem</strong></span> <span class='ocrx_word' id='word_1_301' title='bbox 431 3847 489 3904; x_wconf 88' lang='lat' dir='ltr'><strong>qua</strong></span> <span class='ocrx_word' id='word_1_302' title='bbox 519 3830 745 3901; x_wconf 78' lang='lat' dir='ltr'><strong>arithmeticam,</strong></span> <span class='ocrx_word' id='word_1_303' title='bbox 779 3839 829 3890; x_wconf 88' lang='lat' dir='ltr'><strong>est.</strong></span> <span class='ocrx_word' id='word_1_304' title='bbox 846 3830 1042 3901; x_wconf 73' lang='lat' dir='ltr'><strong>reiciendum,</strong></span> <span class='ocrx_word' id='word_1_305' title='bbox 1074 3828 1130 3888; x_wconf 88' lang='lat' dir='ltr'><strong>boc</strong></span> <span class='ocrx_word' id='word_1_306' title='bbox 1152 3837 1196 3887; x_wconf 90' lang='lat' dir='ltr'><strong>est</strong></span> <span class='ocrx_word' id='word_1_307' title='bbox 1225 3827 1263 3888; x_wconf 88' lang='lat' dir='ltr'><strong>sd</strong></span> <span class='ocrx_word' id='word_1_308' title='bbox 1286 3827 1315 3887; x_wconf 89' lang='lat' dir='ltr'><strong>id</strong></span> <span class='ocrx_word' id='word_1_309' title='bbox 1346 3830 1541 3905; x_wconf 77' lang='lat' dir='ltr'><strong>proportion‘u</strong></span> 
     </span>
     <span class='ocr_line' id='line_1_31' title="bbox 197 3903 1541 3993; baseline 0.005 -20"><span class='ocrx_word' id='word_1_310' title='bbox 197 3903 297 3987; x_wconf 56' lang='lat' dir='ltr'><strong>grim,</strong></span> <span class='ocrx_word' id='word_1_311' title='bbox 321 3916 399 3991; x_wconf 87' lang='lat' dir='ltr'><strong>quod</strong></span> <span class='ocrx_word' id='word_1_312' title='bbox 422 3934 458 3975; x_wconf 83' lang='lat' dir='ltr'><strong>ex</strong></span> <span class='ocrx_word' id='word_1_313' title='bbox 480 3925 602 3992; x_wconf 89' lang='lat' dir='ltr'><strong>utraque</strong></span> <span class='ocrx_word' id='word_1_314' title='bbox 626 3925 817 3993; x_wconf 85' lang='lat' dir='ltr'><strong>temperatum</strong></span> <span class='ocrx_word' id='word_1_315' title='bbox 840 3911 954 3977; x_wconf 73' lang='lat' dir='ltr'><strong>viteres</strong></span> <span class='ocrx_word' id='word_1_316' title='bbox 977 3916 1165 3993; x_wconf 76' lang='lat' dir='ltr'><strong>persuasione</strong></span> <span class='ocrx_word' id='word_1_317' title='bbox 1188 3914 1315 3991; x_wconf 86' lang='lat' dir='ltr'><strong>quadam</strong></span> <span class='ocrx_word' id='word_1_318' title='bbox 1338 3916 1450 3975; x_wconf 80' lang='lat' dir='ltr'><strong>infirma</strong></span> <span class='ocrx_word' id='word_1_319' title='bbox 1472 3916 1541 3980; x_wconf 73' lang='lat' dir='ltr'><strong>bar·</strong></span> 
     </span>
     <span class='ocr_line' id='line_1_32' title="bbox 197 4001 1539 4079; baseline 0.003 -22"><span class='ocrx_word' id='word_1_320' title='bbox 197 4003 343 4060; x_wconf 89' lang='lat' dir='ltr'><strong>monicum</strong></span> <span class='ocrx_word' id='word_1_321' title='bbox 370 4002 561 4079; x_wconf 79' lang='lat' dir='ltr'><strong>appellarunt.</strong></span> <span class='ocrx_word' id='word_1_322' title='bbox 607 4005 774 4063; x_wconf 85' lang='lat' dir='ltr'><strong>Commune.</strong></span> <span class='ocrx_word' id='word_1_323' title='bbox 796 4008 873 4063; x_wconf 86' lang='lat' dir='ltr'><strong>enim</strong></span> <span class='ocrx_word' id='word_1_324' title='bbox 901 4004 958 4064; x_wconf 84' lang='lat' dir='ltr'><strong>hoc</strong></span> <span class='ocrx_word' id='word_1_325' title='bbox 988 4012 1032 4063; x_wconf 90' lang='lat' dir='ltr'><strong>est</strong></span> <span class='ocrx_word' id='word_1_326' title='bbox 1054 4004 1188 4062; x_wconf 74' lang='lat' dir='ltr'><strong>munibus</strong></span> <span class='ocrx_word' id='word_1_327' title='bbox 1215 4001 1358 4076; x_wconf 83' lang='lat' dir='ltr'><strong>analogiis</strong></span> <span class='ocrx_word' id='word_1_328' title='bbox 1380 4005 1443 4061; x_wconf 83' lang='lat' dir='ltr'><strong>sire</strong></span> <span class='ocrx_word' id='word_1_329' title='bbox 1466 4004 1539 4062; x_wconf 84' lang='lat' dir='ltr'><strong>sira·</strong></span> 
     </span>
    </p>
   </div>
   <div class='ocr_carea' id='block_1_3' title="bbox 198 4088 1655 4166">
    <p class='ocr_par' dir='ltr' id='par_1_3' title="bbox 198 4088 1655 4166">
     <span class='ocr_line' id='line_1_33' title="bbox 198 4088 1655 4166; baseline 0.005 -23"><span class='ocrx_word' id='word_1_330' title='bbox 198 4088 321 4162; x_wconf 83' lang='lat' dir='ltr'><strong>plicibus</strong></span> <span class='ocrx_word' id='word_1_331' title='bbox 344 4093 407 4149; x_wconf 88' lang='lat' dir='ltr'><strong>sive</strong></span> <span class='ocrx_word' id='word_1_332' title='bbox 430 4094 540 4164; x_wconf 81' lang='lat' dir='ltr'><strong>mixtis,</strong></span> <span class='ocrx_word' id='word_1_333' title='bbox 563 4102 662 4151; x_wconf 88' lang='lat' dir='ltr'><strong>centra</strong></span> <span class='ocrx_word' id='word_1_334' title='bbox 685 4109 773 4166; x_wconf 91' lang='lat' dir='ltr'><strong>quam</strong></span> <span class='ocrx_word' id='word_1_335' title='bbox 796 4091 888 4150; x_wconf 82' lang='lat' dir='ltr'><strong>tradit</strong></span> <span class='ocrx_word' id='word_1_336' title='bbox 906 4091 1051 4163; x_wconf 85' lang='lat' dir='ltr'><strong>Bodinus,</strong></span> <span class='ocrx_word' id='word_1_337' title='bbox 1080 4098 1113 4149; x_wconf 89' lang='lat' dir='ltr'><strong>ut</strong></span> <span class='ocrx_word' id='word_1_338' title='bbox 1135 4089 1183 4149; x_wconf 85' lang='lat' dir='ltr'><strong>rel</strong></span> <span class='ocrx_word' id='word_1_339' title='bbox 1205 4097 1353 4149; x_wconf 86' lang='lat' dir='ltr'><strong>mutentur</strong></span> <span class='ocrx_word' id='word_1_340' title='bbox 1375 4091 1404 4148; x_wconf 89' lang='lat' dir='ltr'><strong>in</strong></span> <span class='ocrx_word' id='word_1_341' title='bbox 1426 4093 1541 4166; x_wconf 83' lang='lat' dir='ltr'><strong>speeies</strong></span> <span class='ocrx_word' id='word_1_342' title='bbox 1651 4107 1655 4115; x_wconf 91' lang='lat'>·</span> 
     </span>
    </p>
   </div>
   <div class='ocr_carea' id='block_1_4' title="bbox 157 4175 1561 5561">
    <p class='ocr_par' dir='ltr' id='par_1_4' title="bbox 157 4175 1561 5561">
     <span class='ocr_line' id='line_1_34' title="bbox 197 4175 1541 4254; baseline 0.003 -22"><span class='ocrx_word' id='word_1_343' title='bbox 197 4175 270 4234; x_wconf 89' lang='lat' dir='ltr'><strong>alias</strong></span> <span class='ocrx_word' id='word_1_344' title='bbox 300 4180 484 4252; x_wconf 77' lang='lat' dir='ltr'><strong>transpositis</strong></span> <span class='ocrx_word' id='word_1_345' title='bbox 510 4181 654 4252; x_wconf 82' lang='lat' dir='ltr'><strong>terminis,</strong></span> <span class='ocrx_word' id='word_1_346' title='bbox 687 4178 733 4237; x_wconf 88' lang='lat' dir='ltr'><strong>vel</strong></span> <span class='ocrx_word' id='word_1_347' title='bbox 762 4179 849 4254; x_wconf 87' lang='lat' dir='ltr'><strong>plane</strong></span> <span class='ocrx_word' id='word_1_348' title='bbox 878 4179 1073 4238; x_wconf 87' lang='lat' dir='ltr'><strong>destruantur.</strong></span> <span class='ocrx_word' id='word_1_349' title='bbox 1119 4175 1179 4237; x_wconf 88' lang='lat' dir='ltr'><strong>Sed</strong></span> <span class='ocrx_word' id='word_1_350' title='bbox 1206 4175 1246 4235; x_wconf 82' lang='lat' dir='ltr'><strong>sd</strong></span> <span class='ocrx_word' id='word_1_351' title='bbox 1277 4194 1337 4235; x_wconf 90' lang='lat' dir='ltr'><strong>rem</strong></span> <span class='ocrx_word' id='word_1_352' title='bbox 1366 4177 1464 4238; x_wconf 85' lang='lat' dir='ltr'><strong>redeo.</strong></span> <span class='ocrx_word' id='word_1_353' title='bbox 1508 4177 1541 4238; x_wconf 84' lang='lat' dir='ltr'><strong>st</strong></span> 
     </span>
     <span class='ocr_line' id='line_1_35' title="bbox 157 4254 1541 4342; baseline 0.002 -22"><span class='ocrx_word' id='word_1_354' title='bbox 157 4332 159 4334; x_wconf 16' lang='lat'><strong><em>¹</em></strong></span> <span class='ocrx_word' id='word_1_355' title='bbox 197 4280 304 4321; x_wconf 84' lang='lat' dir='ltr'><strong>merum</strong></span> <span class='ocrx_word' id='word_1_356' title='bbox 328 4266 478 4323; x_wconf 85' lang='lat' dir='ltr'><strong>arbitrium</strong></span> <span class='ocrx_word' id='word_1_357' title='bbox 501 4254 591 4325; x_wconf 85' lang='lat' dir='ltr'><strong>habet</strong></span> <span class='ocrx_word' id='word_1_358' title='bbox 612 4268 799 4342; x_wconf 80' lang='lat' dir='ltr'><strong>magistratus</strong></span> <span class='ocrx_word' id='word_1_359' title='bbox 822 4266 1001 4340; x_wconf 76' lang='lat' dir='ltr'><strong>gubernandi</strong></span> <span class='ocrx_word' id='word_1_360' title='bbox 1027 4266 1089 4324; x_wconf 87' lang='lat' dir='ltr'><strong>sine</strong></span> <span class='ocrx_word' id='word_1_361' title='bbox 1111 4265 1236 4339; x_wconf 85' lang='lat' dir='ltr'><strong>legibus,</strong></span> <span class='ocrx_word' id='word_1_362' title='bbox 1258 4281 1353 4339; x_wconf 88' lang='lat' dir='ltr'><strong>neque</strong></span> <span class='ocrx_word' id='word_1_363' title='bbox 1368 4265 1463 4340; x_wconf 81' lang='lat' dir='ltr'><strong>legem</strong></span> <span class='ocrx_word' id='word_1_364' title='bbox 1485 4264 1541 4323; x_wconf 70' lang='lat' dir='ltr'><strong>ob-</strong></span> 
     </span>
     <span class='ocr_line' id='line_1_36' title="bbox 196 4352 1543 4429; baseline 0.003 -21"><span class='ocrx_word' id='word_1_365' title='bbox 196 4364 294 4410; x_wconf 79' lang='lat' dir='ltr'><strong>servat</strong></span> <span class='ocrx_word' id='word_1_366' title='bbox 316 4359 446 4422; x_wconf 83' lang='lat' dir='ltr'><strong>naturae,</strong></span> <span class='ocrx_word' id='word_1_367' title='bbox 470 4372 565 4429; x_wconf 92' lang='lat' dir='ltr'><strong>neque</strong></span> <span class='ocrx_word' id='word_1_368' title='bbox 588 4354 656 4412; x_wconf 93' lang='lat' dir='ltr'><strong>boni</strong></span> <span class='ocrx_word' id='word_1_369' title='bbox 679 4361 708 4413; x_wconf 89' lang='lat' dir='ltr'><strong>et</strong></span> <span class='ocrx_word' id='word_1_370' title='bbox 731 4355 894 4411; x_wconf 89' lang='lat' dir='ltr'><strong>innocentis</strong></span> <span class='ocrx_word' id='word_1_371' title='bbox 917 4356 971 4409; x_wconf 79' lang='lat' dir='ltr'><strong>riri</strong></span> <span class='ocrx_word' id='word_1_372' title='bbox 995 4353 1092 4411; x_wconf 91' lang='lat' dir='ltr'><strong>ollicio</strong></span> <span class='ocrx_word' id='word_1_373' title='bbox 1114 4352 1253 4427; x_wconf 87' lang='lat' dir='ltr'><strong>iungitur,</strong></span> <span class='ocrx_word' id='word_1_374' title='bbox 1277 4368 1336 4411; x_wconf 92' lang='lat' dir='ltr'><strong>non</strong></span> <span class='ocrx_word' id='word_1_375' title='bbox 1355 4354 1543 4428; x_wconf 59' lang='lat' dir='ltr'><strong>meginratus</strong></span> 
     </span>
     <span class='ocr_line' id='line_1_37' title="bbox 198 4437 1542 4517; baseline 0.002 -22"><span class='ocrx_word' id='word_1_376' title='bbox 198 4439 257 4509; x_wconf 81' lang='lat' dir='ltr'><strong>erit,</strong></span> <span class='ocrx_word' id='word_1_377' title='bbox 283 4437 335 4497; x_wconf 89' lang='lat' dir='ltr'><strong>sed</strong></span> <span class='ocrx_word' id='word_1_378' title='bbox 358 4446 506 4515; x_wconf 85' lang='lat' dir='ltr'><strong>tyrannus.</strong></span> <span class='ocrx_word' id='word_1_379' title='bbox 553 4442 683 4516; x_wconf 87' lang='lat' dir='ltr'><strong>Cumque</strong></span> <span class='ocrx_word' id='word_1_380' title='bbox 707 4441 849 4499; x_wconf 87' lang='lat' dir='ltr'><strong>bonorum</strong></span> <span class='ocrx_word' id='word_1_381' title='bbox 870 4441 1033 4517; x_wconf 83' lang='lat' dir='ltr'><strong>principum</strong></span> <span class='ocrx_word' id='word_1_382' title='bbox 1054 4455 1191 4497; x_wconf 86' lang='lat' dir='ltr'><strong>numerus</strong></span> <span class='ocrx_word' id='word_1_383' title='bbox 1217 4439 1326 4515; x_wconf 89' lang='lat' dir='ltr'><strong>oppido</strong></span> <span class='ocrx_word' id='word_1_384' title='bbox 1346 4456 1456 4516; x_wconf 83' lang='lat' dir='ltr'><strong>parvus</strong></span> <span class='ocrx_word' id='word_1_385' title='bbox 1477 4440 1542 4498; x_wconf 86' lang='lat' dir='ltr'><strong>erri-</strong></span> 
     </span>
     <span class='ocr_line' id='line_1_38' title="bbox 196 4525 1541 4604; baseline 0.003 -21"><span class='ocrx_word' id='word_1_386' title='bbox 196 4533 269 4595; x_wconf 84' lang='lat' dir='ltr'><strong>stat,</strong></span> <span class='ocrx_word' id='word_1_387' title='bbox 300 4543 358 4583; x_wconf 91' lang='lat' dir='ltr'><strong>non</strong></span> <span class='ocrx_word' id='word_1_388' title='bbox 382 4534 426 4585; x_wconf 84' lang='lat' dir='ltr'><strong>est</strong></span> <span class='ocrx_word' id='word_1_389' title='bbox 449 4528 612 4586; x_wconf 89' lang='lat' dir='ltr'><strong>consultum</strong></span> <span class='ocrx_word' id='word_1_390' title='bbox 636 4526 829 4604; x_wconf 82' lang='lat' dir='ltr'><strong>reipublicae,</strong></span> <span class='ocrx_word' id='word_1_391' title='bbox 857 4544 921 4587; x_wconf 90' lang='lat' dir='ltr'><strong>sese</strong></span> <span class='ocrx_word' id='word_1_392' title='bbox 952 4527 1021 4587; x_wconf 88' lang='lat' dir='ltr'><strong>huic</strong></span> <span class='ocrx_word' id='word_1_393' title='bbox 1042 4525 1172 4602; x_wconf 87' lang='lat' dir='ltr'><strong>periculo</strong></span> <span class='ocrx_word' id='word_1_394' title='bbox 1200 4528 1408 4600; x_wconf 58' lang='lat' dir='ltr'><strong>committerer.</strong></span> <span class='ocrx_word' id='word_1_395' title='bbox 1426 4528 1541 4604; x_wconf 82' lang='lat' dir='ltr'><strong>quoties</strong></span> 
     </span>
     <span class='ocr_line' id='line_1_39' title="bbox 196 4610 1540 4710; baseline 0.002 -42"><span class='ocrx_word' id='word_1_396' title='bbox 196 4620 352 4671; x_wconf 86' lang='lat' dir='ltr'><strong>renovatur</strong></span> <span class='ocrx_word' id='word_1_397' title='bbox 374 4617 577 4688; x_wconf 82' lang='lat' dir='ltr'><strong>magistratus.¹</strong></span> <span class='ocrx_word' id='word_1_398' title='bbox 617 4616 678 4675; x_wconf 84' lang='lat' dir='ltr'><strong>Etsi</strong></span> <span class='ocrx_word' id='word_1_399' title='bbox 703 4631 772 4674; x_wconf 84' lang='lat' dir='ltr'><strong>vero</strong></span> <span class='ocrx_word' id='word_1_400' title='bbox 794 4616 946 4689; x_wconf 87' lang='lat' dir='ltr'><strong>contingat</strong></span> <span class='ocrx_word' id='word_1_401' title='bbox 968 4614 1010 4671; x_wconf 92' lang='lat' dir='ltr'><strong>illi</strong></span> <span class='ocrx_word' id='word_1_402' title='bbox 1034 4614 1127 4673; x_wconf 87' lang='lat' dir='ltr'><strong>bonus</strong></span> <span class='ocrx_word' id='word_1_403' title='bbox 1150 4612 1327 4690; x_wconf 85' lang='lat' dir='ltr'><strong>quaudoque</strong></span> <span class='ocrx_word' id='word_1_404' title='bbox 1345 4610 1540 4710; x_wconf 38' lang='lat' dir='ltr'><strong>maffeius,</strong></span> 
     </span>
     <span class='ocr_line' id='line_1_40' title="bbox 196 4693 1543 4781; baseline 0.003 -25"><span class='ocrx_word' id='word_1_405' title='bbox 196 4698 346 4759; x_wconf 88' lang='lat' dir='ltr'><strong>diuturnus</strong></span> <span class='ocrx_word' id='word_1_406' title='bbox 368 4708 465 4760; x_wconf 89' lang='lat' dir='ltr'><strong>tamen</strong></span> <span class='ocrx_word' id='word_1_407' title='bbox 487 4720 551 4762; x_wconf 88' lang='lat' dir='ltr'><strong>esse</strong></span> <span class='ocrx_word' id='word_1_408' title='bbox 573 4711 667 4762; x_wconf 87' lang='lat' dir='ltr'><strong>status</strong></span> <span class='ocrx_word' id='word_1_409' title='bbox 690 4704 744 4761; x_wconf 89' lang='lat' dir='ltr'><strong>iste</strong></span> <span class='ocrx_word' id='word_1_410' title='bbox 766 4704 882 4777; x_wconf 85' lang='lat' dir='ltr'><strong>nequit;</strong></span> <span class='ocrx_word' id='word_1_411' title='bbox 910 4709 943 4759; x_wconf 88' lang='lat' dir='ltr'><strong>at</strong></span> <span class='ocrx_word' id='word_1_412' title='bbox 964 4717 1018 4761; x_wconf 88' lang='lat' dir='ltr'><strong>nec</strong></span> <span class='ocrx_word' id='word_1_413' title='bbox 1039 4700 1177 4761; x_wconf 67' lang='lat' dir='ltr'><strong>smutaris</strong></span> <span class='ocrx_word' id='word_1_414' title='bbox 1200 4701 1377 4776; x_wconf 83' lang='lat' dir='ltr'><strong>reipublicae</strong></span> <span class='ocrx_word' id='word_1_415' title='bbox 1385 4693 1543 4781; x_wconf 50' lang='lat' dir='ltr'><strong>,w</strong></span> 
     </span>
     <span class='ocr_line' id='line_1_41' title="bbox 195 4781 1561 4878; baseline 0.001 -35"><span class='ocrx_word' id='word_1_416' title='bbox 195 4786 287 4844; x_wconf 88' lang='lat' dir='ltr'><strong>bouus</strong></span> <span class='ocrx_word' id='word_1_417' title='bbox 310 4789 348 4845; x_wconf 92' lang='lat' dir='ltr'><strong>sit</strong></span> <span class='ocrx_word' id='word_1_418' title='bbox 371 4788 542 4859; x_wconf 89' lang='lat' dir='ltr'><strong>moderator,</strong></span> <span class='ocrx_word' id='word_1_419' title='bbox 566 4789 691 4865; x_wconf 88' lang='lat' dir='ltr'><strong>prudeus</strong></span> <span class='ocrx_word' id='word_1_420' title='bbox 706 4790 778 4847; x_wconf 89' lang='lat' dir='ltr'><strong>satis</strong></span> <span class='ocrx_word' id='word_1_421' title='bbox 793 4805 851 4847; x_wconf 91' lang='lat' dir='ltr'><strong>non</strong></span> <span class='ocrx_word' id='word_1_422' title='bbox 867 4805 981 4865; x_wconf 83' lang='lat' dir='ltr'><strong>seraper</strong></span> <span class='ocrx_word' id='word_1_423' title='bbox 995 4792 1059 4860; x_wconf 88' lang='lat' dir='ltr'><strong>erit,</strong></span> <span class='ocrx_word' id='word_1_424' title='bbox 1081 4789 1142 4863; x_wconf 91' lang='lat' dir='ltr'><strong>qui,</strong></span> <span class='ocrx_word' id='word_1_425' title='bbox 1166 4785 1236 4863; x_wconf 91' lang='lat' dir='ltr'><strong>qnid</strong></span> <span class='ocrx_word' id='word_1_426' title='bbox 1259 4781 1561 4878; x_wconf 43' lang='lat' dir='ltr'><strong>aequum-*asim</strong></span> 
     </span>
     <span class='ocr_line' id='line_1_42' title="bbox 196 4873 1539 4954; baseline 0.004 -25"><span class='ocrx_word' id='word_1_427' title='bbox 196 4874 292 4947; x_wconf 77' lang='lat' dir='ltr'><strong>legum</strong></span> <span class='ocrx_word' id='word_1_428' title='bbox 315 4891 416 4933; x_wconf 88' lang='lat' dir='ltr'><strong>norma</strong></span> <span class='ocrx_word' id='word_1_429' title='bbox 430 4876 550 4954; x_wconf 80' lang='lat' dir='ltr'><strong>rideat,</strong></span> <span class='ocrx_word' id='word_1_430' title='bbox 572 4888 602 4935; x_wconf 88' lang='lat' dir='ltr'><strong>et</strong></span> <span class='ocrx_word' id='word_1_431' title='bbox 624 4886 656 4936; x_wconf 90' lang='lat' dir='ltr'><strong>ut</strong></span> <span class='ocrx_word' id='word_1_432' title='bbox 677 4877 741 4952; x_wconf 89' lang='lat' dir='ltr'><strong>ipse</strong></span> <span class='ocrx_word' id='word_1_433' title='bbox 764 4876 864 4935; x_wconf 83' lang='lat' dir='ltr'><strong>rideat</strong></span> <span class='ocrx_word' id='word_1_434' title='bbox 886 4885 1084 4951; x_wconf 84' lang='lat' dir='ltr'><strong>sequaturque</strong></span> <span class='ocrx_word' id='word_1_435' title='bbox 1107 4873 1185 4950; x_wconf 92' lang='lat' dir='ltr'><strong>quod</strong></span> <span class='ocrx_word' id='word_1_436' title='bbox 1205 4882 1324 4945; x_wconf 89' lang='lat' dir='ltr'><strong>rectum,</strong></span> <span class='ocrx_word' id='word_1_437' title='bbox 1348 4878 1539 4936; x_wconf 64' lang='lat' dir='ltr'><strong>cium</strong></span> 
     </span>
     <span class='ocr_line' id='line_1_43' title="bbox 195 4960 1540 5040; baseline 0.003 -21"><span class='ocrx_word' id='word_1_438' title='bbox 195 4960 447 5021; x_wconf 88' lang='lat' dir='ltr'><strong>calumniabuntur</strong></span> <span class='ocrx_word' id='word_1_439' title='bbox 470 4966 556 5022; x_wconf 87' lang='lat' dir='ltr'><strong>etiam</strong></span> <span class='ocrx_word' id='word_1_440' title='bbox 580 4967 705 5039; x_wconf 85' lang='lat' dir='ltr'><strong>optima,</strong></span> <span class='ocrx_word' id='word_1_441' title='bbox 736 4966 793 5022; x_wconf 91' lang='lat' dir='ltr'><strong>nisi</strong></span> <span class='ocrx_word' id='word_1_442' title='bbox 816 4963 896 5040; x_wconf 84' lang='lat' dir='ltr'><strong>leges</strong></span> <span class='ocrx_word' id='word_1_443' title='bbox 919 4965 993 5036; x_wconf 86' lang='lat' dir='ltr'><strong>sint,</strong></span> <span class='ocrx_word' id='word_1_444' title='bbox 1023 4963 1129 5039; x_wconf 87' lang='lat' dir='ltr'><strong>quibus</strong></span> <span class='ocrx_word' id='word_1_445' title='bbox 1151 4960 1201 5020; x_wconf 91' lang='lat' dir='ltr'><strong>ille</strong></span> <span class='ocrx_word' id='word_1_446' title='bbox 1223 4961 1300 5021; x_wconf 85' lang='lat' dir='ltr'><strong>iacta</strong></span> <span class='ocrx_word' id='word_1_447' title='bbox 1329 4980 1384 5022; x_wconf 88' lang='lat' dir='ltr'><strong>sua</strong></span> <span class='ocrx_word' id='word_1_448' title='bbox 1407 4964 1480 5023; x_wconf 88' lang='lat' dir='ltr'><strong>tueri</strong></span> <span class='ocrx_word' id='word_1_449' title='bbox 1501 4962 1540 5022; x_wconf 83' lang='lat' dir='ltr'><strong>ad</strong></span> 
     </span>
     <span class='ocr_line' id='line_1_44' title="bbox 194 5048 1540 5127; baseline 0.004 -22"><span class='ocrx_word' id='word_1_450' title='bbox 194 5049 335 5127; x_wconf 90' lang='lat' dir='ltr'><strong>populum</strong></span> <span class='ocrx_word' id='word_1_451' title='bbox 362 5053 469 5124; x_wconf 79' lang='lat' dir='ltr'><strong>possit3</strong></span> <span class='ocrx_word' id='word_1_452' title='bbox 501 5054 580 5111; x_wconf 84' lang='lat' dir='ltr'><strong>ciros</strong></span> <span class='ocrx_word' id='word_1_453' title='bbox 609 5051 707 5125; x_wconf 82' lang='lat' dir='ltr'><strong>legum</strong></span> <span class='ocrx_word' id='word_1_454' title='bbox 737 5050 892 5127; x_wconf 86' lang='lat' dir='ltr'><strong>disciplina</strong></span> <span class='ocrx_word' id='word_1_455' title='bbox 907 5060 988 5110; x_wconf 85' lang='lat' dir='ltr'><strong>sunt</strong></span> <span class='ocrx_word' id='word_1_456' title='bbox 1016 5048 1180 5118; x_wconf 86' lang='lat' dir='ltr'><strong>erudiendi,</strong></span> <span class='ocrx_word' id='word_1_457' title='bbox 1212 5066 1372 5124; x_wconf 87' lang='lat' dir='ltr'><strong>poenarum</strong></span> <span class='ocrx_word' id='word_1_458' title='bbox 1402 5052 1540 5125; x_wconf 72' lang='lat' dir='ltr'><strong>imagine,</strong></span> 
     </span>
     <span class='ocr_line' id='line_1_45' title="bbox 198 5133 1540 5216; baseline 0.004 -24"><span class='ocrx_word' id='word_1_459' title='bbox 198 5153 273 5209; x_wconf 86' lang='lat' dir='ltr'><strong>quae</strong></span> <span class='ocrx_word' id='word_1_460' title='bbox 296 5133 410 5211; x_wconf 89' lang='lat' dir='ltr'><strong>legibus</strong></span> <span class='ocrx_word' id='word_1_461' title='bbox 432 5140 682 5216; x_wconf 87' lang='lat' dir='ltr'><strong>praescribuntur,</strong></span> <span class='ocrx_word' id='word_1_462' title='bbox 709 5154 728 5197; x_wconf 89' lang='lat' dir='ltr'><strong>a</strong></span> <span class='ocrx_word' id='word_1_463' title='bbox 749 5138 911 5198; x_wconf 76' lang='lat' dir='ltr'><strong>malefactis</strong></span> <span class='ocrx_word' id='word_1_464' title='bbox 941 5135 1130 5198; x_wconf 87' lang='lat' dir='ltr'><strong>absterrendi.</strong></span> <span class='ocrx_word' id='word_1_465' title='bbox 1177 5134 1421 5212; x_wconf 69' lang='lat' dir='ltr'><strong>lreglbusigitur</strong></span> <span class='ocrx_word' id='word_1_466' title='bbox 1443 5153 1540 5198; x_wconf 82' lang='lat' dir='ltr'><strong>carere</strong></span> 
     </span>
     <span class='ocr_line' id='line_1_46' title="bbox 194 5222 1521 5299; baseline 0.005 -21"><span class='ocrx_word' id='word_1_467' title='bbox 194 5222 357 5298; x_wconf 86' lang='lat' dir='ltr'><strong>respublica</strong></span> <span class='ocrx_word' id='word_1_468' title='bbox 378 5228 487 5299; x_wconf 89' lang='lat' dir='ltr'><strong>nequit.</strong></span> <span class='ocrx_word' id='word_1_469' title='bbox 866 5259 870 5266; x_wconf 91' lang='lat'>·</span> <span class='ocrx_word' id='word_1_470' title='bbox 1387 5227 1396 5274; x_wconf 70' lang='grc' dir='ltr'><strong>ι’</strong></span> <span class='ocrx_word' id='word_1_471' title='bbox 1518 5267 1521 5272; x_wconf 78' lang='lat'><strong>·</strong></span> 
     </span>
     <span class='ocr_line' id='line_1_47' title="bbox 279 5309 1539 5387; baseline 0.003 -21"><span class='ocrx_word' id='word_1_472' title='bbox 279 5309 416 5369; x_wconf 81' lang='lat' dir='ltr'><strong>Vicissim</strong></span> <span class='ocrx_word' id='word_1_473' title='bbox 450 5312 544 5385; x_wconf 84' lang='lat' dir='ltr'><strong>leges,</strong></span> <span class='ocrx_word' id='word_1_474' title='bbox 575 5329 680 5386; x_wconf 62' lang='lat' dir='ltr'><strong>mesco</strong></span> <span class='ocrx_word' id='word_1_475' title='bbox 713 5309 858 5370; x_wconf 79' lang='lat' dir='ltr'><strong>vocabulo</strong></span> <span class='ocrx_word' id='word_1_476' title='bbox 889 5334 981 5381; x_wconf 73' lang='grc' dir='ltr'><strong>νμιιι,</strong></span> <span class='ocrx_word' id='word_1_477' title='bbox 1017 5309 1231 5369; x_wconf 80' lang='lat' dir='ltr'><strong>distributivam</strong></span> <span class='ocrx_word' id='word_1_478' title='bbox 1260 5311 1397 5385; x_wconf 78' lang='lat' dir='ltr'><strong>justitiae</strong></span> <span class='ocrx_word' id='word_1_479' title='bbox 1427 5319 1539 5387; x_wconf 84' lang='lat' dir='ltr'><strong>partem</strong></span> 
     </span>
     <span class='ocr_line' id='line_1_48' title="bbox 193 5392 1539 5477; baseline 0.006 -26"><span class='ocrx_word' id='word_1_480' title='bbox 193 5397 322 5473; x_wconf 87' lang='lat' dir='ltr'><strong>signant,</strong></span> <span class='ocrx_word' id='word_1_481' title='bbox 354 5416 430 5472; x_wconf 91' lang='lat' dir='ltr'><strong>quae</strong></span> <span class='ocrx_word' id='word_1_482' title='bbox 453 5402 481 5456; x_wconf 87' lang='lat' dir='ltr'><strong>in</strong></span> <span class='ocrx_word' id='word_1_483' title='bbox 505 5404 583 5459; x_wconf 79' lang='lat' dir='ltr'><strong>statii</strong></span> <span class='ocrx_word' id='word_1_484' title='bbox 605 5398 740 5477; x_wconf 88' lang='lat' dir='ltr'><strong>populari</strong></span> <span class='ocrx_word' id='word_1_485' title='bbox 769 5401 901 5473; x_wconf 90' lang='lat' dir='ltr'><strong>sequitur</strong></span> <span class='ocrx_word' id='word_1_486' title='bbox 928 5397 1140 5458; x_wconf 80' lang='lat' dir='ltr'><strong>arithmeticam</strong></span> <span class='ocrx_word' id='word_1_487' title='bbox 1162 5396 1380 5472; x_wconf 76' lang='lat' dir='ltr'><strong>aequalitatem.</strong></span> <span class='ocrx_word' id='word_1_488' title='bbox 1426 5392 1539 5473; x_wconf 73' lang='lat' dir='ltr'><strong>Quodsi</strong></span> 
     </span>
     <span class='ocr_line' id='line_1_49' title="bbox 197 5482 1540 5561; baseline 0.006 -22"><span class='ocrx_word' id='word_1_489' title='bbox 197 5485 294 5543; x_wconf 89' lang='lat' dir='ltr'><strong>omnia</strong></span> <span class='ocrx_word' id='word_1_490' title='bbox 316 5483 354 5543; x_wconf 86' lang='lat' dir='ltr'><strong>ad</strong></span> <span class='ocrx_word' id='word_1_491' title='bbox 377 5485 473 5561; x_wconf 89' lang='lat' dir='ltr'><strong>legum</strong></span> <span class='ocrx_word' id='word_1_492' title='bbox 497 5489 619 5560; x_wconf 82' lang='lat' dir='ltr'><strong>rigorem</strong></span> <span class='ocrx_word' id='word_1_493' title='bbox 642 5487 859 5556; x_wconf 85' lang='lat' dir='ltr'><strong>examinentur,</strong></span> <span class='ocrx_word' id='word_1_494' title='bbox 889 5483 1069 5559; x_wconf 70' lang='lat' dir='ltr'><strong>injuriabat</strong></span> <span class='ocrx_word' id='word_1_495' title='bbox 1090 5482 1232 5559; x_wconf 83' lang='lat' dir='ltr'><strong>plurimis</strong></span> <span class='ocrx_word' id='word_1_496' title='bbox 1278 5484 1374 5559; x_wconf 81' lang='lat' dir='ltr'><strong>Leges</strong></span> <span class='ocrx_word' id='word_1_497' title='bbox 1402 5486 1482 5544; x_wconf 75' lang='lat' dir='ltr'><strong>satas</strong></span> <span class='ocrx_word' id='word_1_498' title='bbox 1504 5484 1540 5547; x_wconf 86' lang='lat' dir='ltr'><strong>do</strong></span> 
     </span>
    </p>
   </div>
   <div class='ocr_carea' id='block_1_5' title="bbox 197 5569 1656 5652">
    <p class='ocr_par' dir='ltr' id='par_1_5' title="bbox 197 5569 1656 5652">
     <span class='ocr_line' id='line_1_50' title="bbox 197 5569 1656 5652; baseline 0.003 -24"><span class='ocrx_word' id='word_1_499' title='bbox 197 5570 281 5630; x_wconf 78' lang='lat' dir='ltr'><strong>taces</strong></span> <span class='ocrx_word' id='word_1_500' title='bbox 303 5580 453 5646; x_wconf 87' lang='lat' dir='ltr'><strong>statuunt,</strong></span> <span class='ocrx_word' id='word_1_501' title='bbox 482 5574 565 5633; x_wconf 89' lang='lat' dir='ltr'><strong>nulla</strong></span> <span class='ocrx_word' id='word_1_502' title='bbox 586 5572 866 5633; x_wconf 89' lang='lat' dir='ltr'><strong>circumstantiarum</strong></span> <span class='ocrx_word' id='word_1_503' title='bbox 888 5569 1206 5652; x_wconf 42' lang='lat' dir='ltr'><strong>radoutsldeliuitisp</strong></span> <span class='ocrx_word' id='word_1_504' title='bbox 1230 5573 1315 5634; x_wconf 66' lang='lat' dir='ltr'><strong>im</strong></span> <span class='ocrx_word' id='word_1_505' title='bbox 1330 5588 1401 5633; x_wconf 82' lang='lat' dir='ltr'><strong>raro</strong></span> <span class='ocrx_word' id='word_1_506' title='bbox 1423 5572 1541 5648; x_wconf 52' lang='lat' dir='ltr'><strong>mla</strong></span> <span class='ocrx_word' id='word_1_507' title='bbox 1650 5632 1656 5641; x_wconf 87' lang='grc'><em>,</em></span> 
     </span>
    </p>
   </div>
   <div class='ocr_carea' id='block_1_6' title="bbox 195 5657 1539 5738">
    <p class='ocr_par' dir='ltr' id='par_1_6' title="bbox 195 5657 1539 5738">
     <span class='ocr_line' id='line_1_51' title="bbox 195 5657 1539 5738; baseline 0.005 -21"><span class='ocrx_word' id='word_1_508' title='bbox 195 5658 417 5725; x_wconf 70' lang='lat' dir='ltr'><strong>circumstantiis</strong></span> <span class='ocrx_word' id='word_1_509' title='bbox 444 5664 506 5721; x_wconf 78' lang='lat' dir='ltr'><strong>erm</strong></span> <span class='ocrx_word' id='word_1_510' title='bbox 539 5662 684 5738; x_wconf 84' lang='lat' dir='ltr'><strong>descripta</strong></span> <span class='ocrx_word' id='word_1_511' title='bbox 716 5669 799 5731; x_wconf 89' lang='lat' dir='ltr'><strong>sunt,</strong></span> <span class='ocrx_word' id='word_1_512' title='bbox 831 5658 941 5737; x_wconf 79' lang='lat' dir='ltr'><strong>quibua</strong></span> <span class='ocrx_word' id='word_1_513' title='bbox 971 5657 1020 5719; x_wconf 79' lang='lat' dir='ltr'><strong>vel</strong></span> <span class='ocrx_word' id='word_1_514' title='bbox 1048 5658 1217 5734; x_wconf 62' lang='lat' dir='ltr'><strong>mitigantia</strong></span> <span class='ocrx_word' id='word_1_515' title='bbox 1250 5659 1297 5722; x_wconf 82' lang='lat' dir='ltr'><strong>rel</strong></span> <span class='ocrx_word' id='word_1_516' title='bbox 1326 5669 1539 5738; x_wconf 61' lang='lat' dir='ltr'><strong>meritur</strong></span> 
     </span>
    </p>
   </div>
   <div class='ocr_carea' id='block_1_7' title="bbox 0 0 1846 7252">
    <p class='ocr_par' dir='ltr' id='par_1_7' title="bbox 0 0 1846 7252">
     <span class='ocr_line' id='line_1_52' title="bbox 0 0 1846 7252; baseline 0 0"><span class='ocrx_word' id='word_1_517' title='bbox 0 0 1846 7252; x_wconf 95' lang='lat' dir='ltr'><strong> </strong></span> 
     </span>
    </p>
   </div>
  </div>
 </body>
</html>
