<?xml version="1.0" encoding="UTF-8"?>
<!DOCTYPE html PUBLIC "-//W3C//DTD XHTML 1.0 Transitional//EN"
    "http://www.w3.org/TR/xhtml1/DTD/xhtml1-transitional.dtd">
<html xmlns="http://www.w3.org/1999/xhtml" xml:lang="en" lang="en">
 <head>
  <title>
</title>
<meta http-equiv="Content-Type" content="text/html;charset=utf-8" />
  <meta name='ocr-system' content='tesseract 3.04.00' />
  <meta name='ocr-capabilities' content='ocr_page ocr_carea ocr_par ocr_line ocrx_word'/>
</head>
<body>
  <div class='ocr_page' id='page_1' title='image "./joanniskepleria09frisgoog_0055.png"; bbox 0 0 3684 7259; ppageno 0'>
   <div class='ocr_carea' id='block_1_1' title="bbox 754 1265 1524 1334">
    <p class='ocr_par' dir='ltr' id='par_1_1' title="bbox 754 1265 1524 1334">
     <span class='ocr_line' id='line_1_1' title="bbox 754 1265 1524 1334; baseline 0.008 -9"><span class='ocrx_word' id='word_1_1' title='bbox 754 1266 789 1325; x_wconf 88' lang='lat' dir='ltr'><strong>de</strong></span> <span class='ocrx_word' id='word_1_2' title='bbox 804 1265 959 1327; x_wconf 81' lang='lat' dir='ltr'><strong>Harmonia</strong></span> <span class='ocrx_word' id='word_1_3' title='bbox 1483 1270 1524 1334; x_wconf 81' lang='lat' dir='ltr'><strong>ie</strong></span> 
     </span>
    </p>
   </div>
   <div class='ocr_carea' id='block_1_2' title="bbox 186 1444 1530 2138">
    <p class='ocr_par' dir='ltr' id='par_1_2' title="bbox 186 1444 1530 2138">
     <span class='ocr_line' id='line_1_2' title="bbox 186 1444 1528 1526; baseline 0.002 -21"><span class='ocrx_word' id='word_1_4' title='bbox 186 1461 255 1507; x_wconf 87' lang='lat' dir='ltr'><strong>nem</strong></span> <span class='ocrx_word' id='word_1_5' title='bbox 276 1452 412 1508; x_wconf 88' lang='lat' dir='ltr'><strong>motuum</strong></span> <span class='ocrx_word' id='word_1_6' title='bbox 434 1444 622 1525; x_wconf 71' lang='lat' dir='ltr'>sphaerarum</span> <span class='ocrx_word' id='word_1_7' title='bbox 645 1461 710 1507; x_wconf 91' lang='lat' dir='ltr'><strong>cum</strong></span> <span class='ocrx_word' id='word_1_8' title='bbox 724 1444 839 1507; x_wconf 87' lang='lat' dir='ltr'><strong>chordis</strong></span> <span class='ocrx_word' id='word_1_9' title='bbox 860 1463 912 1507; x_wconf 89' lang='lat' dir='ltr'><strong>sen</strong></span> <span class='ocrx_word' id='word_1_10' title='bbox 935 1447 1023 1510; x_wconf 87' lang='lat' dir='ltr'><strong>sonis.</strong></span> <span class='ocrx_word' id='word_1_11' title='bbox 1066 1448 1129 1509; x_wconf 81' lang='lat' dir='ltr'><strong>litai</strong></span> <span class='ocrx_word' id='word_1_12' title='bbox 1150 1448 1239 1526; x_wconf 83' lang='lat' dir='ltr'><strong>igitur</strong></span> <span class='ocrx_word' id='word_1_13' title='bbox 1261 1446 1348 1509; x_wconf 86' lang='lat' dir='ltr'><strong>aliam</strong></span> <span class='ocrx_word' id='word_1_14' title='bbox 1371 1462 1426 1525; x_wconf 88' lang='lat' dir='ltr'><strong>ego</strong></span> <span class='ocrx_word' id='word_1_15' title='bbox 1448 1447 1528 1508; x_wconf 91' lang='lat' dir='ltr'><strong>viam</strong></span> 
     </span>
     <span class='ocr_line' id='line_1_3' title="bbox 186 1533 1527 1614; baseline 0 -19"><span class='ocrx_word' id='word_1_16' title='bbox 186 1552 253 1595; x_wconf 91' lang='lat' dir='ltr'><strong>snm</strong></span> <span class='ocrx_word' id='word_1_17' title='bbox 273 1536 423 1612; x_wconf 84' lang='lat' dir='ltr'><strong>ingressus</strong></span> <span class='ocrx_word' id='word_1_18' title='bbox 451 1537 481 1593; x_wconf 92' lang='lat' dir='ltr'><strong>in</strong></span> <span class='ocrx_word' id='word_1_19' title='bbox 511 1552 578 1596; x_wconf 88' lang='lat' dir='ltr'><strong>mea</strong></span> <span class='ocrx_word' id='word_1_20' title='bbox 598 1534 773 1596; x_wconf 72' lang='lat' dir='ltr'><strong>Harmonice</strong></span> <span class='ocrx_word' id='word_1_21' title='bbox 794 1533 910 1609; x_wconf 89' lang='lat' dir='ltr'><strong>muudi,</strong></span> <span class='ocrx_word' id='word_1_22' title='bbox 940 1554 1028 1613; x_wconf 90' lang='lat' dir='ltr'><strong>quam</strong></span> <span class='ocrx_word' id='word_1_23' title='bbox 1049 1536 1234 1598; x_wconf 71' lang='lat' dir='ltr'><strong>Ptolemaeus</strong></span> <span class='ocrx_word' id='word_1_24' title='bbox 1262 1539 1292 1595; x_wconf 94' lang='lat' dir='ltr'><strong>in</strong></span> <span class='ocrx_word' id='word_1_25' title='bbox 1314 1537 1360 1597; x_wconf 91' lang='lat' dir='ltr'><strong>his</strong></span> <span class='ocrx_word' id='word_1_26' title='bbox 1383 1535 1527 1614; x_wconf 74' lang='lat' dir='ltr'><strong>capitibus</strong></span> 
     </span>
     <span class='ocr_line' id='line_1_4' title="bbox 186 1618 1529 1704; baseline 0.001 -24"><span class='ocrx_word' id='word_1_27' title='bbox 186 1620 305 1682; x_wconf 82' lang='lat' dir='ltr'><strong>videtur</strong></span> <span class='ocrx_word' id='word_1_28' title='bbox 324 1624 512 1700; x_wconf 71' lang='lat' dir='ltr'><strong>proposuisse</strong></span> <span class='ocrx_word' id='word_1_29' title='bbox 534 1618 688 1704; x_wconf 85' lang='lat' dir='ltr'><strong>(sphaeras</strong></span> <span class='ocrx_word' id='word_1_30' title='bbox 720 1624 796 1683; x_wconf 90' lang='lat' dir='ltr'><strong>enlm</strong></span> <span class='ocrx_word' id='word_1_31' title='bbox 825 1629 927 1700; x_wconf 80' lang='lat' dir='ltr'><strong>utpote</strong></span> <span class='ocrx_word' id='word_1_32' title='bbox 956 1640 1076 1702; x_wconf 84' lang='lat' dir='ltr'><strong>corpora</strong></span> <span class='ocrx_word' id='word_1_33' title='bbox 1103 1640 1160 1684; x_wconf 95' lang='lat' dir='ltr'><strong>non</strong></span> <span class='ocrx_word' id='word_1_34' title='bbox 1188 1640 1324 1701; x_wconf 86' lang='lat' dir='ltr'><strong>comparo</strong></span> <span class='ocrx_word' id='word_1_35' title='bbox 1352 1626 1447 1697; x_wconf 90' lang='lat' dir='ltr'><strong>sonis,</strong></span> <span class='ocrx_word' id='word_1_36' title='bbox 1477 1624 1529 1699; x_wconf 87' lang='lat' dir='ltr'><strong>qni</strong></span> 
     </span>
     <span class='ocr_line' id='line_1_5' title="bbox 186 1708 1528 1789; baseline 0 -20"><span class='ocrx_word' id='word_1_37' title='bbox 186 1716 257 1769; x_wconf 90' lang='lat' dir='ltr'><strong>snut</strong></span> <span class='ocrx_word' id='word_1_38' title='bbox 277 1717 374 1770; x_wconf 90' lang='lat' dir='ltr'><strong>motus</strong></span> <span class='ocrx_word' id='word_1_39' title='bbox 396 1708 511 1786; x_wconf 88' lang='lat' dir='ltr'><strong>aliquis,</strong></span> <span class='ocrx_word' id='word_1_40' title='bbox 532 1708 585 1769; x_wconf 90' lang='lat' dir='ltr'><strong>sed</strong></span> <span class='ocrx_word' id='word_1_41' title='bbox 606 1708 722 1769; x_wconf 88' lang='lat' dir='ltr'><strong>illarum</strong></span> <span class='ocrx_word' id='word_1_42' title='bbox 744 1712 1052 1772; x_wconf 75' lang='lat' dir='ltr'><strong>commensurationem</strong></span> <span class='ocrx_word' id='word_1_43' title='bbox 1067 1711 1244 1789; x_wconf 82' lang='lat' dir='ltr'><strong>corporalem</strong></span> <span class='ocrx_word' id='word_1_44' title='bbox 1265 1710 1386 1772; x_wconf 90' lang='lat' dir='ltr'><strong>ostendo</strong></span> <span class='ocrx_word' id='word_1_45' title='bbox 1410 1710 1528 1771; x_wconf 89' lang='lat' dir='ltr'><strong>desum·</strong></span> 
     </span>
     <span class='ocr_line' id='line_1_6' title="bbox 187 1795 1529 1877; baseline -0.001 -20"><span class='ocrx_word' id='word_1_46' title='bbox 187 1803 251 1857; x_wconf 68' lang='lat' dir='ltr'><strong>nm</strong></span> <span class='ocrx_word' id='word_1_47' title='bbox 273 1813 337 1857; x_wconf 90' lang='lat' dir='ltr'><strong>esse</strong></span> <span class='ocrx_word' id='word_1_48' title='bbox 351 1813 388 1857; x_wconf 86' lang='lat' dir='ltr'><strong>cx</strong></span> <span class='ocrx_word' id='word_1_49' title='bbox 410 1796 605 1874; x_wconf 83' lang='lat' dir='ltr'><strong>quantitatum</strong></span> <span class='ocrx_word' id='word_1_50' title='bbox 626 1795 678 1857; x_wconf 90' lang='lat' dir='ltr'><strong>illo</strong></span> <span class='ocrx_word' id='word_1_51' title='bbox 700 1813 814 1875; x_wconf 86' lang='lat' dir='ltr'><strong>genera,</strong></span> <span class='ocrx_word' id='word_1_52' title='bbox 837 1796 915 1873; x_wconf 89' lang='lat' dir='ltr'><strong>quod</strong></span> <span class='ocrx_word' id='word_1_53' title='bbox 930 1797 1029 1860; x_wconf 89' lang='lat' dir='ltr'><strong>itidem</strong></span> <span class='ocrx_word' id='word_1_54' title='bbox 1046 1815 1167 1877; x_wconf 91' lang='lat' dir='ltr'><strong>corpora</strong></span> <span class='ocrx_word' id='word_1_55' title='bbox 1188 1798 1316 1861; x_wconf 92' lang='lat' dir='ltr'><strong>solemus</strong></span> <span class='ocrx_word' id='word_1_56' title='bbox 1331 1798 1436 1873; x_wconf 89' lang='lat' dir='ltr'><strong>dicare,</strong></span> <span class='ocrx_word' id='word_1_57' title='bbox 1459 1799 1529 1874; x_wconf 89' lang='lat' dir='ltr'><strong>quia</strong></span> 
     </span>
     <span class='ocr_line' id='line_1_7' title="bbox 188 1881 1530 1967; baseline 0.001 -23"><span class='ocrx_word' id='word_1_58' title='bbox 188 1881 371 1945; x_wconf 82' lang='lat' dir='ltr'><strong>soliditatem</strong></span> <span class='ocrx_word' id='word_1_59' title='bbox 392 1883 539 1962; x_wconf 90' lang='lat' dir='ltr'><strong>quandam</strong></span> <span class='ocrx_word' id='word_1_60' title='bbox 560 1881 702 1967; x_wconf 85' lang='lat' dir='ltr'><strong>habeut),</strong></span> <span class='ocrx_word' id='word_1_61' title='bbox 731 1892 829 1946; x_wconf 67' lang='lat' dir='ltr'><strong>umen</strong></span> <span class='ocrx_word' id='word_1_62' title='bbox 850 1884 953 1945; x_wconf 89' lang='lat' dir='ltr'><strong>videor</strong></span> <span class='ocrx_word' id='word_1_63' title='bbox 973 1887 1021 1947; x_wconf 94' lang='lat' dir='ltr'><strong>vel</strong></span> <span class='ocrx_word' id='word_1_64' title='bbox 1044 1887 1082 1947; x_wconf 95' lang='lat' dir='ltr'><strong>ob</strong></span> <span class='ocrx_word' id='word_1_65' title='bbox 1104 1887 1305 1964; x_wconf 77' lang='lat' dir='ltr'><strong>cognationem</strong></span> <span class='ocrx_word' id='word_1_66' title='bbox 1331 1888 1425 1964; x_wconf 91' lang='lat' dir='ltr'><strong>ipsam</strong></span> <span class='ocrx_word' id='word_1_67' title='bbox 1447 1902 1530 1946; x_wconf 91' lang='lat' dir='ltr'><strong>mea-</strong></span> 
     </span>
     <span class='ocr_line' id='line_1_8' title="bbox 186 1971 1529 2051; baseline 0.001 -19"><span class='ocrx_word' id='word_1_68' title='bbox 186 1989 253 2032; x_wconf 92' lang='lat' dir='ltr'><strong>rum</strong></span> <span class='ocrx_word' id='word_1_69' title='bbox 276 1973 486 2049; x_wconf 89' lang='lat' dir='ltr'><strong>cogitationum</strong></span> <span class='ocrx_word' id='word_1_70' title='bbox 508 1989 573 2033; x_wconf 90' lang='lat' dir='ltr'><strong>cum</strong></span> <span class='ocrx_word' id='word_1_71' title='bbox 594 1971 781 2034; x_wconf 88' lang='lat' dir='ltr'><strong>Ptolemaicls</strong></span> <span class='ocrx_word' id='word_1_72' title='bbox 804 1973 971 2050; x_wconf 89' lang='lat' dir='ltr'><strong>conjectura</strong></span> <span class='ocrx_word' id='word_1_73' title='bbox 1000 1972 1121 2035; x_wconf 79' lang='lat' dir='ltr'><strong>feliciori</strong></span> <span class='ocrx_word' id='word_1_74' title='bbox 1143 1975 1186 2033; x_wconf 90' lang='lat' dir='ltr'><strong>uti</strong></span> <span class='ocrx_word' id='word_1_75' title='bbox 1206 1989 1293 2051; x_wconf 90' lang='lat' dir='ltr'><strong>posse</strong></span> <span class='ocrx_word' id='word_1_76' title='bbox 1314 1973 1351 2034; x_wconf 90' lang='lat' dir='ltr'><strong>de</strong></span> <span class='ocrx_word' id='word_1_77' title='bbox 1374 1975 1425 2049; x_wconf 90' lang='lat' dir='ltr'><strong>iis,</strong></span> <span class='ocrx_word' id='word_1_78' title='bbox 1454 1989 1529 2050; x_wconf 88' lang='lat' dir='ltr'><strong>quae</strong></span> 
     </span>
     <span class='ocr_line' id='line_1_9' title="bbox 187 2057 1530 2138; baseline -0.001 -18"><span class='ocrx_word' id='word_1_79' title='bbox 187 2057 377 2121; x_wconf 87' lang='lat' dir='ltr'><strong>Ptolemaeus</strong></span> <span class='ocrx_word' id='word_1_80' title='bbox 403 2060 450 2119; x_wconf 90' lang='lat' dir='ltr'><strong>his</strong></span> <span class='ocrx_word' id='word_1_81' title='bbox 471 2060 564 2119; x_wconf 84' lang='lat' dir='ltr'><strong>tribus</strong></span> <span class='ocrx_word' id='word_1_82' title='bbox 586 2059 730 2137; x_wconf 86' lang='lat' dir='ltr'><strong>capitibus</strong></span> <span class='ocrx_word' id='word_1_83' title='bbox 758 2058 874 2135; x_wconf 84' lang='lat' dir='ltr'><strong>dixerit,</strong></span> <span class='ocrx_word' id='word_1_84' title='bbox 905 2078 993 2138; x_wconf 90' lang='lat' dir='ltr'><strong>quam</strong></span> <span class='ocrx_word' id='word_1_85' title='bbox 1023 2063 1049 2123; x_wconf 91' lang='lat' dir='ltr'><strong>si</strong></span> <span class='ocrx_word' id='word_1_86' title='bbox 1076 2064 1106 2121; x_wconf 93' lang='lat' dir='ltr'><strong>in</strong></span> <span class='ocrx_word' id='word_1_87' title='bbox 1129 2059 1251 2123; x_wconf 90' lang='lat' dir='ltr'><strong>eandem</strong></span> <span class='ocrx_word' id='word_1_88' title='bbox 1271 2062 1421 2121; x_wconf 87' lang='lat' dir='ltr'><strong>materiam</strong></span> <span class='ocrx_word' id='word_1_89' title='bbox 1452 2077 1530 2121; x_wconf 93' lang='lat' dir='ltr'><strong>uun·</strong></span> 
     </span>
    </p>
   </div>
   <div class='ocr_carea' id='block_1_3' title="bbox 189 2146 1625 2226">
    <p class='ocr_par' dir='ltr' id='par_1_3' title="bbox 189 2146 1625 2226">
     <span class='ocr_line' id='line_1_10' title="bbox 189 2146 1625 2226; baseline 0.001 -21"><span class='ocrx_word' id='word_1_90' title='bbox 189 2164 280 2225; x_wconf 86' lang='lat' dir='ltr'><strong>qnam</strong></span> <span class='ocrx_word' id='word_1_91' title='bbox 301 2146 468 2208; x_wconf 79' lang='lat' dir='ltr'><strong>incidissem</strong></span> <span class='ocrx_word' id='word_1_92' title='bbox 488 2163 555 2207; x_wconf 89' lang='lat' dir='ltr'><strong>mea</strong></span> <span class='ocrx_word' id='word_1_93' title='bbox 576 2154 689 2223; x_wconf 91' lang='lat' dir='ltr'><strong>sponte.</strong></span> <span class='ocrx_word' id='word_1_94' title='bbox 725 2148 841 2208; x_wconf 81' lang='lat' dir='ltr'><strong>Etenim</strong></span> <span class='ocrx_word' id='word_1_95' title='bbox 862 2149 1012 2226; x_wconf 89' lang='lat' dir='ltr'><strong>inscriptio</strong></span> <span class='ocrx_word' id='word_1_96' title='bbox 1035 2166 1099 2226; x_wconf 91' lang='lat' dir='ltr'><strong>cap.</strong></span> <span class='ocrx_word' id='word_1_97' title='bbox 1123 2152 1171 2212; x_wconf 80' lang='lat' dir='ltr'><strong>it.</strong></span> <span class='ocrx_word' id='word_1_98' title='bbox 1193 2148 1280 2226; x_wconf 89' lang='lat' dir='ltr'><strong>plana</strong></span> <span class='ocrx_word' id='word_1_99' title='bbox 1303 2150 1464 2209; x_wconf 90' lang='lat' dir='ltr'><strong>communis</strong></span> <span class='ocrx_word' id='word_1_100' title='bbox 1486 2153 1531 2208; x_wconf 90' lang='lat' dir='ltr'><strong>est</strong></span> <span class='ocrx_word' id='word_1_101' title='bbox 1618 2211 1625 2226; x_wconf 36' lang='lat'>⁸</span> 
     </span>
    </p>
   </div>
   <div class='ocr_carea' id='block_1_4' title="bbox 188 2233 1578 4941">
    <p class='ocr_par' dir='ltr' id='par_1_4' title="bbox 189 2233 1532 2837">
     <span class='ocr_line' id='line_1_11' title="bbox 190 2233 1530 2314; baseline 0 -21"><span class='ocrx_word' id='word_1_102' title='bbox 190 2233 382 2296; x_wconf 67' lang='lat' dir='ltr'><strong>Ptolemaiou</strong></span> <span class='ocrx_word' id='word_1_103' title='bbox 404 2242 434 2295; x_wconf 89' lang='lat' dir='ltr'><strong>et</strong></span> <span class='ocrx_word' id='word_1_104' title='bbox 455 2238 527 2296; x_wconf 90' lang='lat' dir='ltr'><strong>meis</strong></span> <span class='ocrx_word' id='word_1_105' title='bbox 549 2235 784 2311; x_wconf 78' lang='lat' dir='ltr'><strong>cogitationibus.</strong></span> <span class='ocrx_word' id='word_1_106' title='bbox 821 2234 889 2313; x_wconf 89' lang='lat' dir='ltr'><strong>ipse</strong></span> <span class='ocrx_word' id='word_1_107' title='bbox 911 2244 1007 2297; x_wconf 91' lang='lat' dir='ltr'><strong>motus</strong></span> <span class='ocrx_word' id='word_1_108' title='bbox 1021 2236 1147 2297; x_wconf 90' lang='lat' dir='ltr'><strong>siderum</strong></span> <span class='ocrx_word' id='word_1_109' title='bbox 1170 2243 1318 2314; x_wconf 89' lang='lat' dir='ltr'><strong>comparat</strong></span> <span class='ocrx_word' id='word_1_110' title='bbox 1331 2237 1422 2297; x_wconf 91' lang='lat' dir='ltr'><strong>motui</strong></span> <span class='ocrx_word' id='word_1_111' title='bbox 1444 2235 1530 2297; x_wconf 92' lang='lat' dir='ltr'><strong>chor·</strong></span> 
     </span>
     <span class='ocr_line' id='line_1_12' title="bbox 189 2321 1531 2400; baseline -0.001 -18"><span class='ocrx_word' id='word_1_112' title='bbox 189 2321 294 2381; x_wconf 87' lang='lat' dir='ltr'><strong>darum</strong></span> <span class='ocrx_word' id='word_1_113' title='bbox 324 2329 481 2399; x_wconf 70' lang='lat' dir='ltr'><strong>certarum,</strong></span> <span class='ocrx_word' id='word_1_114' title='bbox 512 2338 568 2400; x_wconf 86' lang='lat' dir='ltr'><strong>ego</strong></span> <span class='ocrx_word' id='word_1_115' title='bbox 596 2323 756 2399; x_wconf 87' lang='lat' dir='ltr'><strong>investigo,</strong></span> <span class='ocrx_word' id='word_1_116' title='bbox 789 2339 932 2399; x_wconf 88' lang='lat' dir='ltr'><strong>quaenam</strong></span> <span class='ocrx_word' id='word_1_117' title='bbox 960 2323 1115 2385; x_wconf 88' lang='lat' dir='ltr'><strong>intervalla</strong></span> <span class='ocrx_word' id='word_1_118' title='bbox 1144 2323 1312 2385; x_wconf 87' lang='lat' dir='ltr'><strong>harmonica</strong></span> <span class='ocrx_word' id='word_1_119' title='bbox 1341 2326 1531 2384; x_wconf 88' lang='lat' dir='ltr'><strong>communiter</strong></span> 
     </span>
     <span class='ocr_line' id='line_1_13' title="bbox 189 2410 1531 2489; baseline 0.002 -21"><span class='ocrx_word' id='word_1_120' title='bbox 189 2411 282 2469; x_wconf 90' lang='lat' dir='ltr'><strong>insint</strong></span> <span class='ocrx_word' id='word_1_121' title='bbox 308 2416 339 2469; x_wconf 91' lang='lat' dir='ltr'><strong>et</strong></span> <span class='ocrx_word' id='word_1_122' title='bbox 360 2410 482 2469; x_wconf 92' lang='lat' dir='ltr'><strong>vocibus</strong></span> <span class='ocrx_word' id='word_1_123' title='bbox 508 2412 539 2467; x_wconf 92' lang='lat' dir='ltr'><strong>in</strong></span> <span class='ocrx_word' id='word_1_124' title='bbox 561 2411 672 2470; x_wconf 89' lang='lat' dir='ltr'><strong>musica</strong></span> <span class='ocrx_word' id='word_1_125' title='bbox 700 2417 730 2472; x_wconf 88' lang='lat' dir='ltr'><strong>et</strong></span> <span class='ocrx_word' id='word_1_126' title='bbox 757 2410 885 2471; x_wconf 88' lang='lat' dir='ltr'><strong>motibus</strong></span> <span class='ocrx_word' id='word_1_127' title='bbox 906 2411 1099 2489; x_wconf 89' lang='lat' dir='ltr'><strong>planetarum.</strong></span> <span class='ocrx_word' id='word_1_128' title='bbox 1143 2410 1202 2472; x_wconf 84' lang='lat' dir='ltr'><strong>Sed</strong></span> <span class='ocrx_word' id='word_1_129' title='bbox 1224 2430 1260 2473; x_wconf 92' lang='lat' dir='ltr'><strong>ne</strong></span> <span class='ocrx_word' id='word_1_130' title='bbox 1286 2412 1405 2472; x_wconf 89' lang='lat' dir='ltr'><strong>ulterius</strong></span> <span class='ocrx_word' id='word_1_131' title='bbox 1427 2427 1531 2471; x_wconf 86' lang='lat' dir='ltr'><strong>excur-</strong></span> 
     </span>
     <span class='ocr_line' id='line_1_14' title="bbox 193 2496 1530 2578; baseline -0.001 -22"><span class='ocrx_word' id='word_1_132' title='bbox 193 2515 273 2565; x_wconf 90' lang='lat' dir='ltr'><strong>ram,</strong></span> <span class='ocrx_word' id='word_1_133' title='bbox 297 2496 467 2557; x_wconf 87' lang='lat' dir='ltr'><strong>concludam</strong></span> <span class='ocrx_word' id='word_1_134' title='bbox 489 2496 546 2557; x_wconf 92' lang='lat' dir='ltr'><strong>hoc</strong></span> <span class='ocrx_word' id='word_1_135' title='bbox 568 2505 664 2573; x_wconf 85' lang='lat' dir='ltr'><strong>caput</strong></span> <span class='ocrx_word' id='word_1_136' title='bbox 707 2496 858 2557; x_wconf 83' lang='lat' dir='ltr'><strong>Versiouis</strong></span> <span class='ocrx_word' id='word_1_137' title='bbox 873 2499 1018 2561; x_wconf 87' lang='lat' dir='ltr'><strong>Barlaami</strong></span> <span class='ocrx_word' id='word_1_138' title='bbox 1042 2499 1216 2577; x_wconf 88' lang='lat' dir='ltr'><strong>descriptum</strong></span> <span class='ocrx_word' id='word_1_139' title='bbox 1238 2516 1297 2559; x_wconf 92' lang='lat' dir='ltr'><strong>non</strong></span> <span class='ocrx_word' id='word_1_140' title='bbox 1319 2499 1426 2578; x_wconf 89' lang='lat' dir='ltr'><strong>haheo,</strong></span> <span class='ocrx_word' id='word_1_141' title='bbox 1450 2505 1480 2559; x_wconf 94' lang='lat' dir='ltr'><strong>et</strong></span> <span class='ocrx_word' id='word_1_142' title='bbox 1501 2499 1530 2556; x_wconf 92' lang='lat' dir='ltr'><strong>ln</strong></span> 
     </span>
     <span class='ocr_line' id='line_1_15' title="bbox 191 2584 1532 2663; baseline 0.002 -20"><span class='ocrx_word' id='word_1_143' title='bbox 191 2584 240 2643; x_wconf 90' lang='lat' dir='ltr'><strong>his</strong></span> <span class='ocrx_word' id='word_1_144' title='bbox 263 2586 342 2643; x_wconf 74' lang='lat' dir='ltr'><strong>cuns</strong></span> <span class='ocrx_word' id='word_1_145' title='bbox 363 2585 499 2645; x_wconf 89' lang='lat' dir='ltr'><strong>inanibus</strong></span> <span class='ocrx_word' id='word_1_146' title='bbox 528 2584 644 2660; x_wconf 83' lang='lat' dir='ltr'><strong>neglexi</strong></span> <span class='ocrx_word' id='word_1_147' title='bbox 675 2584 823 2661; x_wconf 86' lang='lat' dir='ltr'><strong>exemplar</strong></span> <span class='ocrx_word' id='word_1_148' title='bbox 843 2585 948 2649; x_wconf 88' lang='lat' dir='ltr'><strong>iacere.</strong></span> <span class='ocrx_word' id='word_1_149' title='bbox 993 2586 1130 2648; x_wconf 91' lang='lat' dir='ltr'><strong>Lacunae</strong></span> <span class='ocrx_word' id='word_1_150' title='bbox 1153 2586 1296 2663; x_wconf 89' lang='lat' dir='ltr'><strong>quaedam</strong></span> <span class='ocrx_word' id='word_1_151' title='bbox 1325 2587 1444 2647; x_wconf 92' lang='lat' dir='ltr'><strong>suntin</strong></span> <span class='ocrx_word' id='word_1_152' title='bbox 1466 2603 1532 2646; x_wconf 89' lang='lat' dir='ltr'><strong>mea</strong></span> 
     </span>
     <span class='ocr_line' id='line_1_16' title="bbox 189 2671 1530 2750; baseline 0.004 -21"><span class='ocrx_word' id='word_1_153' title='bbox 189 2674 342 2744; x_wconf 84' lang='lat' dir='ltr'><strong>versione,</strong></span> <span class='ocrx_word' id='word_1_154' title='bbox 374 2671 482 2732; x_wconf 87' lang='lat' dir='ltr'><strong>alicubi</strong></span> <span class='ocrx_word' id='word_1_155' title='bbox 514 2678 543 2731; x_wconf 91' lang='lat' dir='ltr'><strong>et</strong></span> <span class='ocrx_word' id='word_1_156' title='bbox 573 2674 658 2749; x_wconf 90' lang='lat' dir='ltr'><strong>signa</strong></span> <span class='ocrx_word' id='word_1_157' title='bbox 688 2671 727 2733; x_wconf 89' lang='lat' dir='ltr'><strong>ad</strong></span> <span class='ocrx_word' id='word_1_158' title='bbox 748 2674 916 2750; x_wconf 89' lang='lat' dir='ltr'><strong>marginem.</strong></span> <span class='ocrx_word' id='word_1_159' title='bbox 960 2672 1034 2735; x_wconf 91' lang='lat' dir='ltr'><strong>Illae</strong></span> <span class='ocrx_word' id='word_1_160' title='bbox 1055 2673 1200 2750; x_wconf 90' lang='lat' dir='ltr'><strong>iudicant,</strong></span> <span class='ocrx_word' id='word_1_161' title='bbox 1231 2681 1343 2735; x_wconf 87' lang='lat' dir='ltr'><strong>textum</strong></span> <span class='ocrx_word' id='word_1_162' title='bbox 1370 2674 1451 2734; x_wconf 87' lang='lat' dir='ltr'><strong>iilius</strong></span> <span class='ocrx_word' id='word_1_163' title='bbox 1472 2675 1530 2734; x_wconf 89' lang='lat' dir='ltr'><strong>loci</strong></span> 
     </span>
     <span class='ocr_line' id='line_1_17' title="bbox 189 2757 1529 2837; baseline 0.001 -18"><span class='ocrx_word' id='word_1_164' title='bbox 189 2758 279 2837; x_wconf 86' lang='lat' dir='ltr'><strong>plane</strong></span> <span class='ocrx_word' id='word_1_165' title='bbox 300 2774 360 2818; x_wconf 92' lang='lat' dir='ltr'><strong>nou</strong></span> <span class='ocrx_word' id='word_1_166' title='bbox 381 2757 568 2834; x_wconf 90' lang='lat' dir='ltr'><strong>intellectum,</strong></span> <span class='ocrx_word' id='word_1_167' title='bbox 591 2759 665 2821; x_wconf 89' lang='lat' dir='ltr'><strong>haec</strong></span> <span class='ocrx_word' id='word_1_168' title='bbox 687 2777 756 2821; x_wconf 88' lang='lat' dir='ltr'><strong>vero</strong></span> <span class='ocrx_word' id='word_1_169' title='bbox 779 2760 990 2822; x_wconf 86' lang='lat' dir='ltr'><strong>dubitationem</strong></span> <span class='ocrx_word' id='word_1_170' title='bbox 1008 2780 1104 2823; x_wconf 89' lang='lat' dir='ltr'><strong>meam</strong></span> <span class='ocrx_word' id='word_1_171' title='bbox 1125 2760 1254 2822; x_wconf 88' lang='lat' dir='ltr'><strong>indicant</strong></span> <span class='ocrx_word' id='word_1_172' title='bbox 1268 2764 1343 2823; x_wconf 91' lang='lat' dir='ltr'><strong>circa</strong></span> <span class='ocrx_word' id='word_1_173' title='bbox 1357 2764 1529 2822; x_wconf 89' lang='lat' dir='ltr'><strong>versionem.</strong></span> 
     </span>
    </p>

    <p class='ocr_par' dir='ltr' id='par_1_5' title="bbox 188 2845 1533 3187">
     <span class='ocr_line' id='line_1_18' title="bbox 277 2845 1531 2927; baseline 0.004 -23"><span class='ocrx_word' id='word_1_174' title='bbox 277 2845 420 2923; x_wconf 88' lang='lat' dir='ltr'><strong>Perccpto</strong></span> <span class='ocrx_word' id='word_1_175' title='bbox 448 2862 514 2907; x_wconf 90' lang='lat' dir='ltr'><strong>meo</strong></span> <span class='ocrx_word' id='word_1_176' title='bbox 533 2846 645 2924; x_wconf 84' lang='lat' dir='ltr'><strong>judicio</strong></span> <span class='ocrx_word' id='word_1_177' title='bbox 675 2853 705 2908; x_wconf 90' lang='lat' dir='ltr'><strong>et</strong></span> <span class='ocrx_word' id='word_1_178' title='bbox 731 2847 767 2909; x_wconf 89' lang='lat' dir='ltr'><strong>da</strong></span> <span class='ocrx_word' id='word_1_179' title='bbox 789 2850 922 2911; x_wconf 79' lang='lat' dir='ltr'><strong>versione</strong></span> <span class='ocrx_word' id='word_1_180' title='bbox 943 2849 1035 2910; x_wconf 93' lang='lat' dir='ltr'><strong>latina</strong></span> <span class='ocrx_word' id='word_1_181' title='bbox 1062 2857 1091 2911; x_wconf 91' lang='lat' dir='ltr'><strong>et</strong></span> <span class='ocrx_word' id='word_1_182' title='bbox 1113 2848 1149 2910; x_wconf 93' lang='lat' dir='ltr'><strong>de</strong></span> <span class='ocrx_word' id='word_1_183' title='bbox 1172 2848 1285 2923; x_wconf 88' lang='lat' dir='ltr'><strong>ordine,</strong></span> <span class='ocrx_word' id='word_1_184' title='bbox 1315 2848 1453 2927; x_wconf 90' lang='lat' dir='ltr'><strong>quicquid</strong></span> <span class='ocrx_word' id='word_1_185' title='bbox 1475 2867 1531 2909; x_wconf 93' lang='lat' dir='ltr'><strong>vo·</strong></span> 
     </span>
     <span class='ocr_line' id='line_1_19' title="bbox 188 2932 1533 3015; baseline 0.004 -23"><span class='ocrx_word' id='word_1_186' title='bbox 188 2932 280 2994; x_wconf 87' lang='lat' dir='ltr'><strong>lnerls</strong></span> <span class='ocrx_word' id='word_1_187' title='bbox 302 2932 340 2993; x_wconf 89' lang='lat' dir='ltr'><strong>de</strong></span> <span class='ocrx_word' id='word_1_188' title='bbox 361 2933 442 2995; x_wconf 92' lang='lat' dir='ltr'><strong>libris</strong></span> <span class='ocrx_word' id='word_1_189' title='bbox 464 2934 534 3007; x_wconf 88' lang='lat' dir='ltr'><strong>lieri,</strong></span> <span class='ocrx_word' id='word_1_190' title='bbox 558 2933 594 2994; x_wconf 91' lang='lat' dir='ltr'><strong>de</strong></span> <span class='ocrx_word' id='word_1_191' title='bbox 617 2936 673 2996; x_wconf 87' lang='lat' dir='ltr'><strong>ista</strong></span> <span class='ocrx_word' id='word_1_192' title='bbox 695 2937 781 3013; x_wconf 89' lang='lat' dir='ltr'><strong>etiam</strong></span> <span class='ocrx_word' id='word_1_193' title='bbox 804 2938 937 2998; x_wconf 83' lang='lat' dir='ltr'><strong>versione</strong></span> <span class='ocrx_word' id='word_1_194' title='bbox 958 2940 1036 3015; x_wconf 90' lang='lat' dir='ltr'><strong>prior</strong></span> <span class='ocrx_word' id='word_1_195' title='bbox 1056 2938 1153 3012; x_wconf 89' lang='lat' dir='ltr'><strong>iacito,</strong></span> <span class='ocrx_word' id='word_1_196' title='bbox 1175 2943 1208 2997; x_wconf 90' lang='lat' dir='ltr'><strong>ui</strong></span> <span class='ocrx_word' id='word_1_197' title='bbox 1232 2944 1284 2997; x_wconf 91' lang='lat' dir='ltr'><strong>ant</strong></span> <span class='ocrx_word' id='word_1_198' title='bbox 1305 2939 1436 2999; x_wconf 89' lang='lat' dir='ltr'><strong>remittas</strong></span> <span class='ocrx_word' id='word_1_199' title='bbox 1457 2937 1533 2998; x_wconf 88' lang='lat' dir='ltr'><strong>hauc</strong></span> 
     </span>
     <span class='ocr_line' id='line_1_20' title="bbox 190 3019 1533 3104; baseline 0.004 -24"><span class='ocrx_word' id='word_1_200' title='bbox 190 3027 246 3081; x_wconf 85' lang='lat' dir='ltr'><strong>aut</strong></span> <span class='ocrx_word' id='word_1_201' title='bbox 266 3027 383 3098; x_wconf 89' lang='lat' dir='ltr'><strong>repetas</strong></span> <span class='ocrx_word' id='word_1_202' title='bbox 404 3019 473 3081; x_wconf 92' lang='lat' dir='ltr'><strong>illos</strong></span> <span class='ocrx_word' id='word_1_203' title='bbox 496 3020 600 3084; x_wconf 90' lang='lat' dir='ltr'><strong>denno.</strong></span> <span class='ocrx_word' id='word_1_204' title='bbox 643 3022 746 3100; x_wconf 82' lang='lat' dir='ltr'><strong>Neque</strong></span> <span class='ocrx_word' id='word_1_205' title='bbox 769 3024 845 3083; x_wconf 89' lang='lat' dir='ltr'><strong>enim</strong></span> <span class='ocrx_word' id='word_1_206' title='bbox 867 3024 903 3087; x_wconf 89' lang='lat' dir='ltr'><strong>de</strong></span> <span class='ocrx_word' id='word_1_207' title='bbox 918 3032 1047 3104; x_wconf 88' lang='lat' dir='ltr'><strong>tempore</strong></span> <span class='ocrx_word' id='word_1_208' title='bbox 1069 3023 1207 3103; x_wconf 89' lang='lat' dir='ltr'><strong>quioquid</strong></span> <span class='ocrx_word' id='word_1_209' title='bbox 1221 3027 1389 3102; x_wconf 86' lang='lat' dir='ltr'><strong>promittere</strong></span> <span class='ocrx_word' id='word_1_210' title='bbox 1404 3031 1533 3102; x_wconf 73' lang='lat' dir='ltr'><strong>possum,</strong></span> 
     </span>
     <span class='ocr_line' id='line_1_21' title="bbox 190 3104 879 3187; baseline 0.003 -18"><span class='ocrx_word' id='word_1_211' title='bbox 190 3112 248 3169; x_wconf 86' lang='lat' dir='ltr'><strong>etsi</strong></span> <span class='ocrx_word' id='word_1_212' title='bbox 269 3107 343 3167; x_wconf 90' lang='lat' dir='ltr'><strong>mihi</strong></span> <span class='ocrx_word' id='word_1_213' title='bbox 363 3124 422 3168; x_wconf 93' lang='lat' dir='ltr'><strong>non</strong></span> <span class='ocrx_word' id='word_1_214' title='bbox 446 3107 522 3170; x_wconf 91' lang='lat' dir='ltr'><strong>desit</strong></span> <span class='ocrx_word' id='word_1_215' title='bbox 544 3110 663 3187; x_wconf 89' lang='lat' dir='ltr'><strong>egregia</strong></span> <span class='ocrx_word' id='word_1_216' title='bbox 683 3110 830 3173; x_wconf 91' lang='lat' dir='ltr'><strong>voluntas.</strong></span> <span class='ocrx_word' id='word_1_217' title='bbox 877 3104 879 3112; x_wconf 76' lang='grc'>’</span> 
     </span>
    </p>

    <p class='ocr_par' dir='ltr' id='par_1_6' title="bbox 192 3191 1534 3361">
     <span class='ocr_line' id='line_1_22' title="bbox 280 3191 1534 3277; baseline 0.003 -24"><span class='ocrx_word' id='word_1_218' title='bbox 280 3194 387 3256; x_wconf 83' lang='lat' dir='ltr'><strong>Vertor</strong></span> <span class='ocrx_word' id='word_1_219' title='bbox 408 3211 485 3256; x_wconf 92' lang='lat' dir='ltr'><strong>nune</strong></span> <span class='ocrx_word' id='word_1_220' title='bbox 507 3194 545 3257; x_wconf 93' lang='lat' dir='ltr'><strong>ad</strong></span> <span class='ocrx_word' id='word_1_221' title='bbox 569 3191 723 3273; x_wconf 88' lang='lat' dir='ltr'><strong>sequentia</strong></span> <span class='ocrx_word' id='word_1_222' title='bbox 737 3197 821 3258; x_wconf 79' lang='lat' dir='ltr'><strong>Tuae</strong></span> <span class='ocrx_word' id='word_1_223' title='bbox 844 3197 987 3275; x_wconf 86' lang='lat' dir='ltr'><strong>epistolae</strong></span> <span class='ocrx_word' id='word_1_224' title='bbox 1010 3200 1117 3277; x_wconf 89' lang='lat' dir='ltr'><strong>capita.</strong></span> <span class='ocrx_word' id='word_1_225' title='bbox 1148 3206 1195 3267; x_wconf 81' lang='lat' dir='ltr'><strong>(De</strong></span> <span class='ocrx_word' id='word_1_226' title='bbox 1208 3206 1366 3268; x_wconf 73' lang='lat' dir='ltr'><strong>chronologis</strong></span> <span class='ocrx_word' id='word_1_227' title='bbox 1380 3208 1472 3271; x_wconf 81' lang='lat' dir='ltr'><strong>[comp.</strong></span> <span class='ocrx_word' id='word_1_228' title='bbox 1485 3208 1534 3257; x_wconf 79' lang='lat' dir='ltr'><strong>voi.</strong></span> 
     </span>
     <span class='ocr_line' id='line_1_23' title="bbox 192 3289 977 3361; baseline 0 -15"><span class='ocrx_word' id='word_1_229' title='bbox 192 3296 241 3346; x_wconf 76' lang='lat' dir='ltr'><strong>ii.</strong></span> <span class='ocrx_word' id='word_1_230' title='bbox 257 3310 283 3361; x_wconf 79' lang='lat' dir='ltr'><strong>p.</strong></span> <span class='ocrx_word' id='word_1_231' title='bbox 301 3293 363 3359; x_wconf 78' lang='lat' dir='ltr'><strong>lii]</strong></span> <span class='ocrx_word' id='word_1_232' title='bbox 382 3301 407 3347; x_wconf 86' lang='lat' dir='ltr'><strong>ci</strong></span> <span class='ocrx_word' id='word_1_233' title='bbox 425 3296 456 3346; x_wconf 89' lang='lat' dir='ltr'><strong>dc</strong></span> <span class='ocrx_word' id='word_1_234' title='bbox 474 3295 646 3359; x_wconf 63' lang='lat' dir='ltr'><strong>,hunenbusi</strong></span> <span class='ocrx_word' id='word_1_235' title='bbox 667 3294 720 3355; x_wconf 77' lang='lat' dir='ltr'><strong>[cir.</strong></span> <span class='ocrx_word' id='word_1_236' title='bbox 739 3292 789 3344; x_wconf 86' lang='lat' dir='ltr'><strong>vol.</strong></span> <span class='ocrx_word' id='word_1_237' title='bbox 807 3292 853 3343; x_wconf 92' lang='lat'><strong>111.</strong></span> <span class='ocrx_word' id='word_1_238' title='bbox 871 3307 897 3356; x_wconf 86' lang='lat' dir='ltr'><strong>p.</strong></span> <span class='ocrx_word' id='word_1_239' title='bbox 915 3289 977 3353; x_wconf 76' lang='lat'><strong>30·])</strong></span> 
     </span>
    </p>

    <p class='ocr_par' dir='ltr' id='par_1_7' title="bbox 192 3369 1578 3891">
     <span class='ocr_line' id='line_1_24' title="bbox 282 3369 1532 3450; baseline 0 -16"><span class='ocrx_word' id='word_1_240' title='bbox 282 3375 330 3435; x_wconf 84' lang='lat' dir='ltr'><strong>lid</strong></span> <span class='ocrx_word' id='word_1_241' title='bbox 350 3376 451 3438; x_wconf 90' lang='lat' dir='ltr'><strong>literas</strong></span> <span class='ocrx_word' id='word_1_242' title='bbox 474 3378 524 3439; x_wconf 85' lang='grc'><strong>18.</strong></span> <span class='ocrx_word' id='word_1_243' title='bbox 548 3378 597 3437; x_wconf 80' lang='lat' dir='ltr'><strong>io.</strong></span> <span class='ocrx_word' id='word_1_244' title='bbox 623 3372 731 3450; x_wconf 84' lang='lat' dir='ltr'><strong>Aprilis</strong></span> <span class='ocrx_word' id='word_1_245' title='bbox 753 3388 810 3432; x_wconf 93' lang='lat' dir='ltr'><strong>uon</strong></span> <span class='ocrx_word' id='word_1_246' title='bbox 832 3369 983 3449; x_wconf 89' lang='lat' dir='ltr'><strong>respondi,</strong></span> <span class='ocrx_word' id='word_1_247' title='bbox 1016 3371 1095 3450; x_wconf 93' lang='lat' dir='ltr'><strong>quod</strong></span> <span class='ocrx_word' id='word_1_248' title='bbox 1117 3372 1210 3436; x_wconf 87' lang='lat' dir='ltr'><strong>altera</strong></span> <span class='ocrx_word' id='word_1_249' title='bbox 1231 3374 1352 3436; x_wconf 90' lang='lat' dir='ltr'><strong>alteram</strong></span> <span class='ocrx_word' id='word_1_250' title='bbox 1375 3374 1532 3435; x_wconf 85' lang='lat' dir='ltr'><strong>correxisse</strong></span> 
     </span>
     <span class='ocr_line' id='line_1_25' title="bbox 193 3456 1578 3541; baseline -0.003 -19"><span class='ocrx_word' id='word_1_251' title='bbox 193 3462 351 3524; x_wconf 87' lang='lat' dir='ltr'><strong>videbatur</strong></span> <span class='ocrx_word' id='word_1_252' title='bbox 376 3473 406 3526; x_wconf 91' lang='lat' dir='ltr'><strong>et</strong></span> <span class='ocrx_word' id='word_1_253' title='bbox 433 3463 512 3541; x_wconf 88' lang='lat' dir='ltr'><strong>quod</strong></span> <span class='ocrx_word' id='word_1_254' title='bbox 538 3480 667 3524; x_wconf 87' lang='lat' dir='ltr'><strong>mearum</strong></span> <span class='ocrx_word' id='word_1_255' title='bbox 697 3459 845 3522; x_wconf 89' lang='lat' dir='ltr'><strong>literarum</strong></span> <span class='ocrx_word' id='word_1_256' title='bbox 877 3456 1002 3519; x_wconf 86' lang='lat' dir='ltr'><strong>redditio</strong></span> <span class='ocrx_word' id='word_1_257' title='bbox 1030 3462 1060 3519; x_wconf 91' lang='lat' dir='ltr'><strong>in</strong></span> <span class='ocrx_word' id='word_1_258' title='bbox 1092 3461 1278 3524; x_wconf 88' lang='lat' dir='ltr'><strong>conclusione</strong></span> <span class='ocrx_word' id='word_1_259' title='bbox 1312 3461 1532 3539; x_wconf 84' lang='lat' dir='ltr'><strong>significaretur.</strong></span> <span class='ocrx_word' id='word_1_260' title='bbox 1573 3528 1578 3538; x_wconf 35' lang='grc' dir='ltr'>Ι</span> 
     </span>
     <span class='ocr_line' id='line_1_26' title="bbox 194 3547 1533 3628; baseline -0.003 -16"><span class='ocrx_word' id='word_1_261' title='bbox 194 3550 367 3612; x_wconf 87' lang='lat' dir='ltr'><strong>Obliviosus</strong></span> <span class='ocrx_word' id='word_1_262' title='bbox 387 3560 485 3612; x_wconf 90' lang='lat' dir='ltr'><strong>tamen</strong></span> <span class='ocrx_word' id='word_1_263' title='bbox 507 3553 577 3628; x_wconf 91' lang='lat' dir='ltr'><strong>quin</strong></span> <span class='ocrx_word' id='word_1_264' title='bbox 598 3551 653 3611; x_wconf 92' lang='lat' dir='ltr'><strong>sim</strong></span> <span class='ocrx_word' id='word_1_265' title='bbox 674 3547 789 3608; x_wconf 83' lang='lat' dir='ltr'><strong>diffiteri</strong></span> <span class='ocrx_word' id='word_1_266' title='bbox 811 3563 869 3607; x_wconf 92' lang='lat' dir='ltr'><strong>non</strong></span> <span class='ocrx_word' id='word_1_267' title='bbox 882 3562 1012 3624; x_wconf 90' lang='lat' dir='ltr'><strong>possum,</strong></span> <span class='ocrx_word' id='word_1_268' title='bbox 1035 3550 1085 3626; x_wconf 91' lang='lat' dir='ltr'><strong>qni</strong></span> <span class='ocrx_word' id='word_1_269' title='bbox 1100 3549 1156 3611; x_wconf 92' lang='lat' dir='ltr'><strong>hoc</strong></span> <span class='ocrx_word' id='word_1_270' title='bbox 1175 3551 1239 3627; x_wconf 90' lang='lat' dir='ltr'><strong>ipso</strong></span> <span class='ocrx_word' id='word_1_271' title='bbox 1255 3555 1400 3610; x_wconf 86' lang='lat' dir='ltr'><strong>momento</strong></span> <span class='ocrx_word' id='word_1_272' title='bbox 1418 3548 1533 3608; x_wconf 91' lang='lat' dir='ltr'><strong>demum</strong></span> 
     </span>
     <span class='ocr_line' id='line_1_27' title="bbox 193 3634 1533 3718; baseline -0.004 -19"><span class='ocrx_word' id='word_1_273' title='bbox 193 3656 255 3699; x_wconf 89' lang='lat' dir='ltr'><strong>rem</strong></span> <span class='ocrx_word' id='word_1_274' title='bbox 279 3640 364 3715; x_wconf 89' lang='lat' dir='ltr'><strong>quasi</strong></span> <span class='ocrx_word' id='word_1_275' title='bbox 393 3638 480 3718; x_wconf 88' lang='lat' dir='ltr'><strong>plane</strong></span> <span class='ocrx_word' id='word_1_276' title='bbox 502 3656 610 3699; x_wconf 89' lang='lat' dir='ltr'><strong>novam</strong></span> <span class='ocrx_word' id='word_1_277' title='bbox 639 3655 675 3697; x_wconf 88' lang='lat' dir='ltr'><strong>ex</strong></span> <span class='ocrx_word' id='word_1_278' title='bbox 697 3634 756 3695; x_wconf 87' lang='lat' dir='ltr'><strong>illis</strong></span> <span class='ocrx_word' id='word_1_279' title='bbox 776 3634 867 3695; x_wconf 90' lang='lat' dir='ltr'><strong>literis</strong></span> <span class='ocrx_word' id='word_1_280' title='bbox 888 3642 1002 3711; x_wconf 87' lang='lat' dir='ltr'><strong>repeto:</strong></span> <span class='ocrx_word' id='word_1_281' title='bbox 1032 3638 1151 3714; x_wconf 90' lang='lat' dir='ltr'><strong>petiisse</strong></span> <span class='ocrx_word' id='word_1_282' title='bbox 1172 3644 1201 3700; x_wconf 95' lang='lat' dir='ltr'><strong>te</strong></span> <span class='ocrx_word' id='word_1_283' title='bbox 1229 3644 1393 3715; x_wconf 81' lang='lat' dir='ltr'><strong>magnetem</strong></span> <span class='ocrx_word' id='word_1_284' title='bbox 1415 3636 1533 3696; x_wconf 92' lang='lat' dir='ltr'><strong>honum.</strong></span> 
     </span>
     <span class='ocr_line' id='line_1_28' title="bbox 192 3721 1535 3803; baseline -0.001 -17"><span class='ocrx_word' id='word_1_285' title='bbox 192 3725 282 3800; x_wconf 89' lang='lat' dir='ltr'><strong>Puto,</strong></span> <span class='ocrx_word' id='word_1_286' title='bbox 305 3726 376 3786; x_wconf 85' lang='lat' dir='ltr'><strong>niu</strong></span> <span class='ocrx_word' id='word_1_287' title='bbox 397 3728 532 3788; x_wconf 87' lang='lat' dir='ltr'><strong>nocuisse</strong></span> <span class='ocrx_word' id='word_1_288' title='bbox 554 3726 658 3786; x_wconf 84' lang='lat' dir='ltr'><strong>Martis</strong></span> <span class='ocrx_word' id='word_1_289' title='bbox 680 3722 902 3783; x_wconf 75' lang='lat' dir='ltr'><strong>Commentario.</strong></span> <span class='ocrx_word' id='word_1_290' title='bbox 939 3721 1034 3799; x_wconf 90' lang='lat' dir='ltr'><strong>Igitur</strong></span> <span class='ocrx_word' id='word_1_291' title='bbox 1053 3724 1197 3801; x_wconf 89' lang='lat' dir='ltr'><strong>inquiram</strong></span> <span class='ocrx_word' id='word_1_292' title='bbox 1220 3724 1298 3803; x_wconf 91' lang='lat' dir='ltr'><strong>apud</strong></span> <span class='ocrx_word' id='word_1_293' title='bbox 1314 3725 1448 3786; x_wconf 83' lang='lat' dir='ltr'><strong>Caesaris</strong></span> <span class='ocrx_word' id='word_1_294' title='bbox 1470 3740 1535 3785; x_wconf 93' lang='lat' dir='ltr'><strong>me·</strong></span> 
     </span>
     <span class='ocr_line' id='line_1_29' title="bbox 195 3809 1467 3891; baseline -0.006 -16"><span class='ocrx_word' id='word_1_295' title='bbox 195 3812 360 3877; x_wconf 84' lang='lat' dir='ltr'><strong>chanicnm.</strong></span> <span class='ocrx_word' id='word_1_296' title='bbox 404 3813 480 3875; x_wconf 82' lang='lat' dir='ltr'><strong>liam</strong></span> <span class='ocrx_word' id='word_1_297' title='bbox 502 3814 552 3891; x_wconf 91' lang='lat' dir='ltr'><strong>qui</strong></span> <span class='ocrx_word' id='word_1_298' title='bbox 574 3811 663 3889; x_wconf 88' lang='lat' dir='ltr'><strong>vulgo</strong></span> <span class='ocrx_word' id='word_1_299' title='bbox 686 3829 739 3888; x_wconf 89' lang='lat' dir='ltr'><strong>per</strong></span> <span class='ocrx_word' id='word_1_300' title='bbox 759 3810 931 3870; x_wconf 89' lang='lat' dir='ltr'><strong>Bobemiam</strong></span> <span class='ocrx_word' id='word_1_301' title='bbox 952 3809 1131 3887; x_wconf 91' lang='lat' dir='ltr'><strong>venduntur,</strong></span> <span class='ocrx_word' id='word_1_302' title='bbox 1153 3813 1262 3874; x_wconf 88' lang='lat' dir='ltr'><strong>nullius</strong></span> <span class='ocrx_word' id='word_1_303' title='bbox 1284 3820 1352 3873; x_wconf 93' lang='lat' dir='ltr'><strong>sunt</strong></span> <span class='ocrx_word' id='word_1_304' title='bbox 1373 3813 1467 3890; x_wconf 89' lang='lat' dir='ltr'><strong>pretii.</strong></span> 
     </span>
    </p>

    <p class='ocr_par' dir='ltr' id='par_1_8' title="bbox 193 3897 1534 4400">
     <span class='ocr_line' id='line_1_30' title="bbox 283 3897 1534 3979; baseline 0 -20"><span class='ocrx_word' id='word_1_305' title='bbox 283 3900 431 3979; x_wconf 77' lang='lat' dir='ltr'><strong>Magnetis</strong></span> <span class='ocrx_word' id='word_1_306' title='bbox 452 3901 669 3962; x_wconf 85' lang='lat' dir='ltr'><strong>inclinationem</strong></span> <span class='ocrx_word' id='word_1_307' title='bbox 692 3897 729 3959; x_wconf 91' lang='lat' dir='ltr'><strong>ad</strong></span> <span class='ocrx_word' id='word_1_308' title='bbox 751 3898 851 3975; x_wconf 92' lang='lat' dir='ltr'><strong>polum</strong></span> <span class='ocrx_word' id='word_1_309' title='bbox 874 3899 1021 3959; x_wconf 90' lang='lat' dir='ltr'><strong>veteribus</strong></span> <span class='ocrx_word' id='word_1_310' title='bbox 1043 3906 1143 3960; x_wconf 90' lang='lat' dir='ltr'><strong>uotam</strong></span> <span class='ocrx_word' id='word_1_311' title='bbox 1165 3901 1271 3979; x_wconf 90' lang='lat' dir='ltr'><strong>probas</strong></span> <span class='ocrx_word' id='word_1_312' title='bbox 1294 3918 1329 3961; x_wconf 87' lang='lat' dir='ltr'><strong>ex</strong></span> <span class='ocrx_word' id='word_1_313' title='bbox 1351 3898 1534 3959; x_wconf 88' lang='lat' dir='ltr'><strong>Paebimerio</strong></span> 
     </span>
     <span class='ocr_line' id='line_1_31' title="bbox 194 3984 1534 4068; baseline -0.003 -19"><span class='ocrx_word' id='word_1_314' title='bbox 194 3995 225 4049; x_wconf 91' lang='lat' dir='ltr'><strong>et</strong></span> <span class='ocrx_word' id='word_1_315' title='bbox 246 3986 385 4049; x_wconf 84' lang='lat' dir='ltr'><strong>Homero.</strong></span> <span class='ocrx_word' id='word_1_316' title='bbox 430 3988 476 4049; x_wconf 89' lang='lat' dir='ltr'><strong>De</strong></span> <span class='ocrx_word' id='word_1_317' title='bbox 497 3989 679 4050; x_wconf 89' lang='lat' dir='ltr'><strong>Pachimerio</strong></span> <span class='ocrx_word' id='word_1_318' title='bbox 701 3984 859 4064; x_wconf 85' lang='lat' dir='ltr'><strong>respondes</strong></span> <span class='ocrx_word' id='word_1_319' title='bbox 881 3984 980 4045; x_wconf 88' lang='lat' dir='ltr'><strong>alteris</strong></span> <span class='ocrx_word' id='word_1_320' title='bbox 1002 3986 1112 4068; x_wconf 79' lang='lat' dir='ltr'><strong>literis3</strong></span> <span class='ocrx_word' id='word_1_321' title='bbox 1141 3989 1204 4067; x_wconf 89' lang='lat' dir='ltr'><strong>ipsc</strong></span> <span class='ocrx_word' id='word_1_322' title='bbox 1226 3988 1371 4048; x_wconf 89' lang='lat' dir='ltr'><strong>Homerus</strong></span> <span class='ocrx_word' id='word_1_323' title='bbox 1395 4004 1465 4047; x_wconf 90' lang='lat' dir='ltr'><strong>vcro</strong></span> <span class='ocrx_word' id='word_1_324' title='bbox 1487 3988 1534 4045; x_wconf 89' lang='lat' dir='ltr'><strong>in-</strong></span> 
     </span>
     <span class='ocr_line' id='line_1_32' title="bbox 194 4073 1534 4154; baseline -0.004 -17"><span class='ocrx_word' id='word_1_325' title='bbox 194 4078 343 4154; x_wconf 87' lang='lat' dir='ltr'><strong>cognitam</strong></span> <span class='ocrx_word' id='word_1_326' title='bbox 363 4077 453 4137; x_wconf 89' lang='lat' dir='ltr'><strong>iuisse</strong></span> <span class='ocrx_word' id='word_1_327' title='bbox 481 4076 586 4154; x_wconf 89' lang='lat' dir='ltr'><strong>probat</strong></span> <span class='ocrx_word' id='word_1_328' title='bbox 613 4077 644 4133; x_wconf 91' lang='lat' dir='ltr'><strong>in</strong></span> <span class='ocrx_word' id='word_1_329' title='bbox 666 4091 697 4135; x_wconf 90' lang='lat' dir='ltr'><strong>re</strong></span> <span class='ocrx_word' id='word_1_330' title='bbox 719 4074 851 4146; x_wconf 73' lang='lat' dir='ltr'><strong>nauuca,</strong></span> <span class='ocrx_word' id='word_1_331' title='bbox 878 4087 932 4131; x_wconf 90' lang='lat' dir='ltr'><strong>uec</strong></span> <span class='ocrx_word' id='word_1_332' title='bbox 954 4076 1029 4134; x_wconf 92' lang='lat' dir='ltr'><strong>enim</strong></span> <span class='ocrx_word' id='word_1_333' title='bbox 1051 4083 1174 4151; x_wconf 89' lang='lat' dir='ltr'><strong>possunt</strong></span> <span class='ocrx_word' id='word_1_334' title='bbox 1196 4093 1259 4137; x_wconf 88' lang='lat' dir='ltr'><strong>esse</strong></span> <span class='ocrx_word' id='word_1_335' title='bbox 1288 4076 1379 4152; x_wconf 82' lang='lat' dir='ltr'><strong>ignoti</strong></span> <span class='ocrx_word' id='word_1_336' title='bbox 1402 4073 1534 4135; x_wconf 89' lang='lat' dir='ltr'><strong>cardines</strong></span> 
     </span>
     <span class='ocr_line' id='line_1_33' title="bbox 193 4161 1534 4240; baseline -0.004 -17"><span class='ocrx_word' id='word_1_337' title='bbox 193 4162 297 4224; x_wconf 88' lang='lat' dir='ltr'><strong>mundi</strong></span> <span class='ocrx_word' id='word_1_338' title='bbox 318 4161 401 4224; x_wconf 86' lang='lat' dir='ltr'><strong>coelo</strong></span> <span class='ocrx_word' id='word_1_339' title='bbox 423 4163 540 4240; x_wconf 90' lang='lat' dir='ltr'><strong>nubilo,</strong></span> <span class='ocrx_word' id='word_1_340' title='bbox 574 4164 623 4223; x_wconf 90' lang='lat' dir='ltr'><strong>ubi</strong></span> <span class='ocrx_word' id='word_1_341' title='bbox 647 4169 692 4223; x_wconf 89' lang='lat' dir='ltr'><strong>est</strong></span> <span class='ocrx_word' id='word_1_342' title='bbox 713 4178 784 4221; x_wconf 92' lang='lat' dir='ltr'><strong>usus</strong></span> <span class='ocrx_word' id='word_1_343' title='bbox 805 4162 957 4237; x_wconf 87' lang='lat' dir='ltr'><strong>magnetis.</strong></span> <span class='ocrx_word' id='word_1_344' title='bbox 990 4161 1105 4239; x_wconf 91' lang='lat' dir='ltr'><strong>-Itaque</strong></span> <span class='ocrx_word' id='word_1_345' title='bbox 1133 4161 1203 4223; x_wconf 88' lang='lat' dir='ltr'><strong>cedo</strong></span> <span class='ocrx_word' id='word_1_346' title='bbox 1225 4163 1296 4222; x_wconf 91' lang='lat' dir='ltr'><strong>mihi</strong></span> <span class='ocrx_word' id='word_1_347' title='bbox 1321 4171 1372 4223; x_wconf 91' lang='lat' dir='ltr'><strong>tua</strong></span> <span class='ocrx_word' id='word_1_348' title='bbox 1392 4162 1483 4222; x_wconf 85' lang='lat' dir='ltr'><strong>verba</strong></span> <span class='ocrx_word' id='word_1_349' title='bbox 1505 4162 1534 4219; x_wconf 92' lang='lat' dir='ltr'><strong>in</strong></span> 
     </span>
     <span class='ocr_line' id='line_1_34' title="bbox 193 4247 1533 4330; baseline -0.004 -18"><span class='ocrx_word' id='word_1_350' title='bbox 193 4268 277 4312; x_wconf 86' lang='lat' dir='ltr'><strong>meos</strong></span> <span class='ocrx_word' id='word_1_351' title='bbox 298 4267 378 4327; x_wconf 84' lang='lat' dir='ltr'><strong>usna,</strong></span> <span class='ocrx_word' id='word_1_352' title='bbox 401 4253 509 4330; x_wconf 88' lang='lat' dir='ltr'><strong>quippe</strong></span> <span class='ocrx_word' id='word_1_353' title='bbox 530 4250 673 4327; x_wconf 84' lang='lat' dir='ltr'><strong>retugium</strong></span> <span class='ocrx_word' id='word_1_354' title='bbox 696 4256 741 4311; x_wconf 89' lang='lat' dir='ltr'><strong>eet</strong></span> <span class='ocrx_word' id='word_1_355' title='bbox 761 4251 939 4325; x_wconf 89' lang='lat' dir='ltr'><strong>miserorum,</strong></span> <span class='ocrx_word' id='word_1_356' title='bbox 963 4247 1058 4311; x_wconf 88' lang='lat' dir='ltr'><strong>dicare</strong></span> <span class='ocrx_word' id='word_1_357' title='bbox 1079 4257 1179 4310; x_wconf 71' lang='lat' dir='ltr'><strong>noum</strong></span> <span class='ocrx_word' id='word_1_358' title='bbox 1194 4251 1293 4325; x_wconf 89' lang='lat' dir='ltr'><strong>luisse,</strong></span> <span class='ocrx_word' id='word_1_359' title='bbox 1316 4268 1382 4312; x_wconf 90' lang='lat' dir='ltr'><strong>cnm</strong></span> <span class='ocrx_word' id='word_1_360' title='bbox 1400 4249 1431 4309; x_wconf 89' lang='lat' dir='ltr'><strong>id</strong></span> <span class='ocrx_word' id='word_1_361' title='bbox 1453 4247 1533 4308; x_wconf 92' lang='lat' dir='ltr'><strong>nullo</strong></span> 
     </span>
     <span class='ocr_line' id='line_1_35' title="bbox 193 4338 419 4400; baseline -0.018 0"><span class='ocrx_word' id='word_1_362' title='bbox 193 4354 256 4400; x_wconf 90' lang='lat' dir='ltr'><strong>usu</strong></span> <span class='ocrx_word' id='word_1_363' title='bbox 293 4338 419 4399; x_wconf 87' lang='lat' dir='ltr'><strong>robatur.</strong></span> 
     </span>
    </p>

    <p class='ocr_par' dir='ltr' id='par_1_9' title="bbox 192 4355 1536 4941">
     <span class='ocr_line' id='line_1_36' title="bbox 271 4355 1534 4502; baseline -0.005 -17"><span class='ocrx_word' id='word_1_364' title='bbox 271 4355 405 4487; x_wconf 67' lang='lat' dir='ltr'><strong>13l’nevati</strong></span> <span class='ocrx_word' id='word_1_365' title='bbox 422 4422 501 4486; x_wconf 79' lang='lat' dir='ltr'><strong>Galli</strong></span> <span class='ocrx_word' id='word_1_366' title='bbox 522 4426 696 4488; x_wconf 89' lang='lat' dir='ltr'><strong>senteutiam</strong></span> <span class='ocrx_word' id='word_1_367' title='bbox 720 4422 756 4484; x_wconf 90' lang='lat' dir='ltr'><strong>dc</strong></span> <span class='ocrx_word' id='word_1_368' title='bbox 778 4426 827 4483; x_wconf 86' lang='lat' dir='ltr'><strong>ovi</strong></span> <span class='ocrx_word' id='word_1_369' title='bbox 849 4425 941 4484; x_wconf 89' lang='lat' dir='ltr'><strong>iorma</strong></span> <span class='ocrx_word' id='word_1_370' title='bbox 965 4427 995 4482; x_wconf 91' lang='lat' dir='ltr'><strong>in</strong></span> <span class='ocrx_word' id='word_1_371' title='bbox 1010 4440 1128 4502; x_wconf 87' lang='lat' dir='ltr'><strong>corpora</strong></span> <span class='ocrx_word' id='word_1_372' title='bbox 1144 4424 1270 4486; x_wconf 85' lang='lat' dir='ltr'><strong>Telluris</strong></span> <span class='ocrx_word' id='word_1_373' title='bbox 1289 4422 1443 4486; x_wconf 90' lang='lat' dir='ltr'><strong>considera</strong></span> <span class='ocrx_word' id='word_1_374' title='bbox 1466 4420 1534 4481; x_wconf 89' lang='lat' dir='ltr'><strong>dili-</strong></span> 
     </span>
     <span class='ocr_line' id='line_1_37' title="bbox 193 4510 1533 4591; baseline -0.006 -17"><span class='ocrx_word' id='word_1_375' title='bbox 193 4522 307 4591; x_wconf 82' lang='lat' dir='ltr'><strong>genter.</strong></span> <span class='ocrx_word' id='word_1_376' title='bbox 350 4512 426 4573; x_wconf 85' lang='lat' dir='ltr'><strong>Nam</strong></span> <span class='ocrx_word' id='word_1_377' title='bbox 447 4520 519 4591; x_wconf 90' lang='lat' dir='ltr'><strong>puto</strong></span> <span class='ocrx_word' id='word_1_378' title='bbox 541 4512 635 4574; x_wconf 88' lang='lat' dir='ltr'><strong>simila</strong></span> <span class='ocrx_word' id='word_1_379' title='bbox 658 4514 809 4590; x_wconf 89' lang='lat' dir='ltr'><strong>quippiam</strong></span> <span class='ocrx_word' id='word_1_380' title='bbox 832 4527 868 4571; x_wconf 88' lang='lat' dir='ltr'><strong>ex</strong></span> <span class='ocrx_word' id='word_1_381' title='bbox 889 4510 1059 4589; x_wconf 85' lang='lat' dir='ltr'><strong>Hipparcho</strong></span> <span class='ocrx_word' id='word_1_382' title='bbox 1081 4529 1146 4573; x_wconf 90' lang='lat' dir='ltr'><strong>meo</strong></span> <span class='ocrx_word' id='word_1_383' title='bbox 1174 4515 1381 4591; x_wconf 89' lang='lat' dir='ltr'><strong>appariturum.</strong></span> <span class='ocrx_word' id='word_1_384' title='bbox 1425 4511 1533 4569; x_wconf 87' lang='lat' dir='ltr'><strong>Diver-</strong></span> 
     </span>
     <span class='ocr_line' id='line_1_38' title="bbox 193 4595 1534 4679; baseline -0.004 -18"><span class='ocrx_word' id='word_1_385' title='bbox 193 4596 334 4679; x_wconf 63' lang='lat' dir='ltr'><strong>sidculm</strong></span> <span class='ocrx_word' id='word_1_386' title='bbox 353 4598 508 4676; x_wconf 88' lang='lat' dir='ltr'><strong>methodis,</strong></span> <span class='ocrx_word' id='word_1_387' title='bbox 531 4599 622 4661; x_wconf 87' lang='lat' dir='ltr'><strong>altera</strong></span> <span class='ocrx_word' id='word_1_388' title='bbox 644 4616 679 4660; x_wconf 85' lang='lat' dir='ltr'><strong>ex</strong></span> <span class='ocrx_word' id='word_1_389' title='bbox 701 4599 784 4658; x_wconf 90' lang='lat' dir='ltr'><strong>initio</strong></span> <span class='ocrx_word' id='word_1_390' title='bbox 807 4605 837 4658; x_wconf 95' lang='lat' dir='ltr'><strong>et</strong></span> <span class='ocrx_word' id='word_1_391' title='bbox 857 4597 914 4657; x_wconf 89' lang='lat' dir='ltr'><strong>line</strong></span> <span class='ocrx_word' id='word_1_392' title='bbox 936 4598 1053 4676; x_wconf 89' lang='lat' dir='ltr'><strong>eclipsis</strong></span> <span class='ocrx_word' id='word_1_393' title='bbox 1075 4601 1191 4675; x_wconf 90' lang='lat' dir='ltr'><strong>totalis,</strong></span> <span class='ocrx_word' id='word_1_394' title='bbox 1214 4600 1305 4662; x_wconf 85' lang='lat' dir='ltr'><strong>altera</strong></span> <span class='ocrx_word' id='word_1_395' title='bbox 1327 4617 1362 4660; x_wconf 86' lang='lat' dir='ltr'><strong>en</strong></span> <span class='ocrx_word' id='word_1_396' title='bbox 1385 4595 1534 4674; x_wconf 91' lang='lat' dir='ltr'><strong>eclipsium</strong></span> 
     </span>
     <span class='ocr_line' id='line_1_39' title="bbox 192 4684 1536 4766; baseline -0.001 -21"><span class='ocrx_word' id='word_1_397' title='bbox 192 4685 360 4765; x_wconf 80' lang='lat' dir='ltr'><strong>partialium</strong></span> <span class='ocrx_word' id='word_1_398' title='bbox 384 4685 592 4766; x_wconf 88' lang='lat' dir='ltr'><strong>magnitudine,</strong></span> <span class='ocrx_word' id='word_1_399' title='bbox 616 4687 748 4747; x_wconf 88' lang='lat' dir='ltr'><strong>diversae</strong></span> <span class='ocrx_word' id='word_1_400' title='bbox 771 4684 902 4745; x_wconf 85' lang='lat' dir='ltr'><strong>diametri</strong></span> <span class='ocrx_word' id='word_1_401' title='bbox 924 4687 1043 4747; x_wconf 88' lang='lat' dir='ltr'><strong>umbrae</strong></span> <span class='ocrx_word' id='word_1_402' title='bbox 1064 4687 1228 4765; x_wconf 86' lang='lat' dir='ltr'><strong>prodibant.</strong></span> <span class='ocrx_word' id='word_1_403' title='bbox 1274 4688 1340 4747; x_wconf 87' lang='lat' dir='ltr'><strong>Hoc</strong></span> <span class='ocrx_word' id='word_1_404' title='bbox 1362 4691 1459 4745; x_wconf 81' lang='lat' dir='ltr'><strong>tamm</strong></span> <span class='ocrx_word' id='word_1_405' title='bbox 1482 4702 1536 4761; x_wconf 90' lang='lat' dir='ltr'><strong>par</strong></span> 
     </span>
     <span class='ocr_line' id='line_1_40' title="bbox 192 4773 1532 4853; baseline -0.003 -18"><span class='ocrx_word' id='word_1_406' title='bbox 192 4781 240 4835; x_wconf 88' lang='lat' dir='ltr'><strong>est</strong></span> <span class='ocrx_word' id='word_1_407' title='bbox 260 4773 481 4852; x_wconf 88' lang='lat' dir='ltr'><strong>diligentissime</strong></span> <span class='ocrx_word' id='word_1_408' title='bbox 501 4777 582 4853; x_wconf 90' lang='lat' dir='ltr'><strong>prius</strong></span> <span class='ocrx_word' id='word_1_409' title='bbox 604 4775 762 4836; x_wconf 85' lang='lat' dir='ltr'><strong>examinari</strong></span> <span class='ocrx_word' id='word_1_410' title='bbox 783 4774 950 4850; x_wconf 91' lang='lat' dir='ltr'><strong>negotium,</strong></span> <span class='ocrx_word' id='word_1_411' title='bbox 979 4791 1016 4835; x_wconf 93' lang='lat' dir='ltr'><strong>ue</strong></span> <span class='ocrx_word' id='word_1_412' title='bbox 1038 4790 1073 4834; x_wconf 83' lang='lat' dir='ltr'><strong>ex</strong></span> <span class='ocrx_word' id='word_1_413' title='bbox 1096 4792 1191 4837; x_wconf 88' lang='lat' dir='ltr'><strong>errore</strong></span> <span class='ocrx_word' id='word_1_414' title='bbox 1212 4782 1371 4835; x_wconf 90' lang='lat' dir='ltr'><strong>monstrum</strong></span> <span class='ocrx_word' id='word_1_415' title='bbox 1393 4773 1532 4833; x_wconf 89' lang='lat' dir='ltr'><strong>aestime-</strong></span> 
     </span>
     <span class='ocr_line' id='line_1_41' title="bbox 193 4862 420 4941; baseline 0 -18"><span class='ocrx_word' id='word_1_416' title='bbox 193 4871 243 4923; x_wconf 89' lang='lat' dir='ltr'><strong>tur</strong></span> <span class='ocrx_word' id='word_1_417' title='bbox 264 4862 420 4941; x_wconf 84' lang='lat' dir='ltr'><strong>opinionis</strong></span> 
     </span>
    </p>
   </div>
   <div class='ocr_carea' id='block_1_5' title="bbox 282 4938 1643 5027">
    <p class='ocr_par' dir='ltr' id='par_1_10' title="bbox 282 4938 1643 5027">
     <span class='ocr_line' id='line_1_42' title="bbox 282 4938 1643 5027; baseline -0.004 -17"><span class='ocrx_word' id='word_1_418' title='bbox 282 4948 314 5010; x_wconf 77' lang='lat' dir='ltr'><strong>di</strong></span> <span class='ocrx_word' id='word_1_419' title='bbox 337 4938 450 5012; x_wconf 85' lang='lat' dir='ltr'><strong>coelum</strong></span> <span class='ocrx_word' id='word_1_420' title='bbox 480 4966 613 5011; x_wconf 88' lang='lat' dir='ltr'><strong>emensus</strong></span> <span class='ocrx_word' id='word_1_421' title='bbox 642 4965 735 5009; x_wconf 86' lang='lat' dir='ltr'><strong>essem</strong></span> <span class='ocrx_word' id='word_1_422' title='bbox 765 4954 794 5009; x_wconf 92' lang='lat' dir='ltr'><strong>et</strong></span> <span class='ocrx_word' id='word_1_423' title='bbox 821 4954 881 5008; x_wconf 88' lang='lat' dir='ltr'><strong>tam</strong></span> <span class='ocrx_word' id='word_1_424' title='bbox 903 4946 985 5007; x_wconf 90' lang='lat' dir='ltr'><strong>lirmo</strong></span> <span class='ocrx_word' id='word_1_425' title='bbox 1014 4964 1108 5009; x_wconf 91' lang='lat' dir='ltr'><strong>essem</strong></span> <span class='ocrx_word' id='word_1_426' title='bbox 1131 4965 1264 5027; x_wconf 89' lang='lat' dir='ltr'><strong>corpore,</strong></span> <span class='ocrx_word' id='word_1_427' title='bbox 1295 4953 1327 5006; x_wconf 91' lang='lat' dir='ltr'><strong>ut</strong></span> <span class='ocrx_word' id='word_1_428' title='bbox 1355 4945 1394 5005; x_wconf 89' lang='lat' dir='ltr'><strong>ad</strong></span> <span class='ocrx_word' id='word_1_429' title='bbox 1415 4945 1534 5006; x_wconf 84' lang='lat' dir='ltr'><strong>Terram</strong></span> <span class='ocrx_word' id='word_1_430' title='bbox 1639 4977 1643 4990; x_wconf 60' lang='grc' dir='ltr'><em>ι</em></span> 
     </span>
    </p>
   </div>
   <div class='ocr_carea' id='block_1_6' title="bbox 192 5032 1536 5640">
    <p class='ocr_par' dir='ltr' id='par_1_11' title="bbox 192 5032 1536 5640">
     <span class='ocr_line' id='line_1_43' title="bbox 192 5032 1533 5115; baseline -0.003 -18"><span class='ocrx_word' id='word_1_431' title='bbox 192 5034 382 5098; x_wconf 87' lang='lat' dir='ltr'><strong>mediandam</strong></span> <span class='ocrx_word' id='word_1_432' title='bbox 403 5039 531 5097; x_wconf 89' lang='lat' dir='ltr'><strong>animum</strong></span> <span class='ocrx_word' id='word_1_433' title='bbox 554 5035 703 5097; x_wconf 86' lang='lat' dir='ltr'><strong>traducere</strong></span> <span class='ocrx_word' id='word_1_434' title='bbox 725 5053 841 5113; x_wconf 91' lang='lat' dir='ltr'><strong>possem</strong></span> <span class='ocrx_word' id='word_1_435' title='bbox 862 5036 957 5111; x_wconf 84' lang='lat' dir='ltr'><strong>laclia,</strong></span> <span class='ocrx_word' id='word_1_436' title='bbox 980 5035 1037 5096; x_wconf 90' lang='lat' dir='ltr'><strong>hoc</strong></span> <span class='ocrx_word' id='word_1_437' title='bbox 1058 5043 1242 5115; x_wconf 87' lang='lat' dir='ltr'><strong>magistratus</strong></span> <span class='ocrx_word' id='word_1_438' title='bbox 1263 5034 1387 5111; x_wconf 87' lang='lat' dir='ltr'><strong>alicujus</strong></span> <span class='ocrx_word' id='word_1_439' title='bbox 1403 5032 1533 5093; x_wconf 89' lang='lat' dir='ltr'><strong>subsidio</strong></span> 
     </span>
     <span class='ocr_line' id='line_1_44' title="bbox 193 5122 1536 5203; baseline -0.002 -18"><span class='ocrx_word' id='word_1_440' title='bbox 193 5139 342 5203; x_wconf 72' lang='lat' dir='ltr'><strong>spmmm</strong></span> <span class='ocrx_word' id='word_1_441' title='bbox 364 5142 412 5188; x_wconf 93' lang='lat' dir='ltr'><strong>me</strong></span> <span class='ocrx_word' id='word_1_442' title='bbox 436 5123 649 5203; x_wconf 89' lang='lat' dir='ltr'><strong>deprehendere</strong></span> <span class='ocrx_word' id='word_1_443' title='bbox 678 5139 765 5201; x_wconf 90' lang='lat' dir='ltr'><strong>posse</strong></span> <span class='ocrx_word' id='word_1_444' title='bbox 789 5122 837 5183; x_wconf 91' lang='lat' dir='ltr'><strong>vei</strong></span> <span class='ocrx_word' id='word_1_445' title='bbox 859 5126 921 5184; x_wconf 91' lang='lat' dir='ltr'><strong>sine</strong></span> <span class='ocrx_word' id='word_1_446' title='bbox 944 5140 999 5201; x_wconf 90' lang='lat' dir='ltr'><strong>ope</strong></span> <span class='ocrx_word' id='word_1_447' title='bbox 1022 5123 1113 5197; x_wconf 90' lang='lat' dir='ltr'><strong>coeli,</strong></span> <span class='ocrx_word' id='word_1_448' title='bbox 1143 5124 1282 5199; x_wconf 90' lang='lat' dir='ltr'><strong>incipieus</strong></span> <span class='ocrx_word' id='word_1_449' title='bbox 1306 5124 1384 5181; x_wconf 91' lang='lat' dir='ltr'><strong>euim</strong></span> <span class='ocrx_word' id='word_1_450' title='bbox 1406 5128 1536 5199; x_wconf 90' lang='lat' dir='ltr'><strong>tempore</strong></span> 
     </span>
     <span class='ocr_line' id='line_1_45' title="bbox 193 5208 1534 5289; baseline -0.004 -15"><span class='ocrx_word' id='word_1_451' title='bbox 193 5213 320 5286; x_wconf 83' lang='lat' dir='ltr'><strong>aestivo,</strong></span> <span class='ocrx_word' id='word_1_452' title='bbox 352 5212 390 5272; x_wconf 92' lang='lat' dir='ltr'><strong>ab</strong></span> <span class='ocrx_word' id='word_1_453' title='bbox 417 5211 520 5273; x_wconf 87' lang='lat' dir='ltr'><strong>ultima</strong></span> <span class='ocrx_word' id='word_1_454' title='bbox 540 5211 727 5289; x_wconf 82' lang='lat' dir='ltr'><strong>NordWegia</strong></span> <span class='ocrx_word' id='word_1_455' title='bbox 756 5213 935 5273; x_wconf 90' lang='lat' dir='ltr'><strong>circumirem</strong></span> <span class='ocrx_word' id='word_1_456' title='bbox 966 5228 1031 5272; x_wconf 91' lang='lat' dir='ltr'><strong>oum</strong></span> <span class='ocrx_word' id='word_1_457' title='bbox 1060 5210 1188 5271; x_wconf 88' lang='lat' dir='ltr'><strong>locorum</strong></span> <span class='ocrx_word' id='word_1_458' title='bbox 1211 5211 1310 5286; x_wconf 84' lang='lat' dir='ltr'><strong>peritis</strong></span> <span class='ocrx_word' id='word_1_459' title='bbox 1340 5208 1435 5268; x_wconf 91' lang='lat' dir='ltr'><strong>ultimi</strong></span> <span class='ocrx_word' id='word_1_460' title='bbox 1462 5225 1534 5269; x_wconf 92' lang='lat' dir='ltr'><strong>con·</strong></span> 
     </span>
     <span class='ocr_line' id='line_1_46' title="bbox 192 5298 1534 5379; baseline -0.004 -20"><span class='ocrx_word' id='word_1_461' title='bbox 192 5306 313 5379; x_wconf 86' lang='lat' dir='ltr'><strong>spectus</strong></span> <span class='ocrx_word' id='word_1_462' title='bbox 334 5306 489 5375; x_wconf 76' lang='lat' dir='ltr'><strong>moutam,</strong></span> <span class='ocrx_word' id='word_1_463' title='bbox 517 5316 632 5378; x_wconf 91' lang='lat' dir='ltr'><strong>semper</strong></span> <span class='ocrx_word' id='word_1_464' title='bbox 660 5299 697 5360; x_wconf 88' lang='lat' dir='ltr'><strong>ad</strong></span> <span class='ocrx_word' id='word_1_465' title='bbox 726 5298 808 5359; x_wconf 88' lang='lat' dir='ltr'><strong>iilum</strong></span> <span class='ocrx_word' id='word_1_466' title='bbox 830 5303 974 5361; x_wconf 80' lang='lat' dir='ltr'><strong>uansieus</strong></span> <span class='ocrx_word' id='word_1_467' title='bbox 995 5304 1136 5371; x_wconf 90' lang='lat' dir='ltr'><strong>montem,</strong></span> <span class='ocrx_word' id='word_1_468' title='bbox 1169 5314 1254 5373; x_wconf 91' lang='lat' dir='ltr'><strong>quem</strong></span> <span class='ocrx_word' id='word_1_469' title='bbox 1282 5314 1317 5357; x_wconf 87' lang='lat' dir='ltr'><strong>ex</strong></span> <span class='ocrx_word' id='word_1_470' title='bbox 1345 5298 1440 5373; x_wconf 89' lang='lat' dir='ltr'><strong>priore</strong></span> <span class='ocrx_word' id='word_1_471' title='bbox 1462 5313 1534 5357; x_wconf 91' lang='lat' dir='ltr'><strong>eou-</strong></span> 
     </span>
     <span class='ocr_line' id='line_1_47' title="bbox 192 5384 1534 5465; baseline -0.007 -16"><span class='ocrx_word' id='word_1_472' title='bbox 192 5387 355 5465; x_wconf 82' lang='lat' dir='ltr'><strong>spexiasam</strong></span> <span class='ocrx_word' id='word_1_473' title='bbox 383 5388 623 5448; x_wconf 92' lang='lat' dir='ltr'><strong>remotissimum:</strong></span> <span class='ocrx_word' id='word_1_474' title='bbox 653 5388 695 5447; x_wconf 91' lang='lat' dir='ltr'><strong>ita</strong></span> <span class='ocrx_word' id='word_1_475' title='bbox 722 5387 813 5448; x_wconf 89' lang='lat' dir='ltr'><strong>tribus</strong></span> <span class='ocrx_word' id='word_1_476' title='bbox 842 5387 976 5448; x_wconf 80' lang='lat' dir='ltr'><strong>fortassis</strong></span> <span class='ocrx_word' id='word_1_477' title='bbox 1003 5393 1054 5446; x_wconf 91' lang='lat' dir='ltr'><strong>aut</strong></span> <span class='ocrx_word' id='word_1_478' title='bbox 1086 5391 1210 5461; x_wconf 89' lang='lat' dir='ltr'><strong>quatuor</strong></span> <span class='ocrx_word' id='word_1_479' title='bbox 1226 5384 1411 5444; x_wconf 79' lang='lat' dir='ltr'><strong>stationibus</strong></span> <span class='ocrx_word' id='word_1_480' title='bbox 1434 5400 1534 5443; x_wconf 90' lang='lat' dir='ltr'><strong>eman-</strong></span> 
     </span>
     <span class='ocr_line' id='line_1_48' title="bbox 192 5470 1534 5553; baseline -0.004 -17"><span class='ocrx_word' id='word_1_481' title='bbox 192 5479 236 5536; x_wconf 68' lang='grc' dir='ltr'>ὼ</span> <span class='ocrx_word' id='word_1_482' title='bbox 257 5473 483 5553; x_wconf 83' lang='lat' dir='ltr'><strong>NordWegiam,</strong></span> <span class='ocrx_word' id='word_1_483' title='bbox 506 5474 626 5536; x_wconf 89' lang='lat' dir='ltr'><strong>totidem</strong></span> <span class='ocrx_word' id='word_1_484' title='bbox 650 5475 788 5549; x_wconf 92' lang='lat' dir='ltr'><strong>Dauiam,</strong></span> <span class='ocrx_word' id='word_1_485' title='bbox 821 5475 949 5552; x_wconf 90' lang='lat' dir='ltr'><strong>quinqua</strong></span> <span class='ocrx_word' id='word_1_486' title='bbox 976 5473 1024 5532; x_wconf 91' lang='lat' dir='ltr'><strong>vel</strong></span> <span class='ocrx_word' id='word_1_487' title='bbox 1046 5487 1098 5531; x_wconf 88' lang='lat' dir='ltr'><strong>sex</strong></span> <span class='ocrx_word' id='word_1_488' title='bbox 1120 5470 1292 5546; x_wconf 84' lang='lat' dir='ltr'><strong>Saroniam,</strong></span> <span class='ocrx_word' id='word_1_489' title='bbox 1320 5472 1412 5530; x_wconf 89' lang='lat' dir='ltr'><strong>tribus</strong></span> <span class='ocrx_word' id='word_1_490' title='bbox 1434 5471 1534 5531; x_wconf 90' lang='lat' dir='ltr'><strong>Bohe·</strong></span> 
     </span>
     <span class='ocr_line' id='line_1_49' title="bbox 195 5557 1535 5640; baseline -0.004 -18"><span class='ocrx_word' id='word_1_491' title='bbox 195 5563 296 5638; x_wconf 80' lang='lat' dir='ltr'><strong>mium,</strong></span> <span class='ocrx_word' id='word_1_492' title='bbox 318 5564 406 5623; x_wconf 87' lang='lat' dir='ltr'><strong>unica</strong></span> <span class='ocrx_word' id='word_1_493' title='bbox 420 5562 543 5623; x_wconf 73' lang='lat' dir='ltr'><strong>iormsse</strong></span> <span class='ocrx_word' id='word_1_494' title='bbox 559 5561 624 5622; x_wconf 91' lang='lat' dir='ltr'><strong>sola</strong></span> <span class='ocrx_word' id='word_1_495' title='bbox 637 5560 775 5623; x_wconf 87' lang='lat' dir='ltr'><strong>Noricum</strong></span> <span class='ocrx_word' id='word_1_496' title='bbox 789 5559 927 5640; x_wconf 87' lang='lat' dir='ltr'><strong>Ripense,</strong></span> <span class='ocrx_word' id='word_1_497' title='bbox 948 5559 1079 5638; x_wconf 85' lang='lat' dir='ltr'><strong>plurimis</strong></span> <span class='ocrx_word' id='word_1_498' title='bbox 1094 5558 1249 5622; x_wconf 75' lang='lat' dir='ltr'><strong>Rhoetiam</strong></span> <span class='ocrx_word' id='word_1_499' title='bbox 1265 5558 1428 5636; x_wconf 89' lang='lat' dir='ltr'><strong>ulpestrem,</strong></span> <span class='ocrx_word' id='word_1_500' title='bbox 1451 5557 1535 5634; x_wconf 89' lang='lat' dir='ltr'><strong>cujus</strong></span> 
     </span>
    </p>
   </div>
   <div class='ocr_carea' id='block_1_7' title="bbox 169 5623 1707 5823">
    <p class='ocr_par' dir='ltr' id='par_1_12' title="bbox 169 5623 1707 5823">
     <span class='ocr_line' id='line_1_50' title="bbox 169 5623 1707 5734; baseline -0.007 -22"><span class='ocrx_word' id='word_1_501' title='bbox 169 5648 275 5717; x_wconf 83' lang='lat' dir='ltr'><strong>&#39;edita</strong></span> <span class='ocrx_word' id='word_1_502' title='bbox 296 5655 446 5734; x_wconf 79' lang='lat' dir='ltr'><strong>nequeunt</strong></span> <span class='ocrx_word' id='word_1_503' title='bbox 467 5646 549 5720; x_wconf 90' lang='lat' dir='ltr'><strong>adiri,</strong></span> <span class='ocrx_word' id='word_1_504' title='bbox 571 5650 757 5728; x_wconf 85' lang='lat' dir='ltr'><strong>paucioribus</strong></span> <span class='ocrx_word' id='word_1_505' title='bbox 779 5650 949 5728; x_wconf 89' lang='lat' dir='ltr'><strong>cisalpinam</strong></span> <span class='ocrx_word' id='word_1_506' title='bbox 973 5645 1109 5721; x_wconf 84' lang='lat' dir='ltr'><strong>Galliam,</strong></span> <span class='ocrx_word' id='word_1_507' title='bbox 1133 5646 1199 5707; x_wconf 90' lang='lat' dir='ltr'><strong>inda</strong></span> <span class='ocrx_word' id='word_1_508' title='bbox 1213 5646 1329 5707; x_wconf 91' lang='lat' dir='ltr'><strong>ltaliam</strong></span> <span class='ocrx_word' id='word_1_509' title='bbox 1352 5653 1381 5707; x_wconf 93' lang='lat' dir='ltr'><strong>at</strong></span> <span class='ocrx_word' id='word_1_510' title='bbox 1403 5648 1429 5705; x_wconf 89' lang='lat' dir='ltr'><strong>si</strong></span> <span class='ocrx_word' id='word_1_511' title='bbox 1451 5662 1533 5705; x_wconf 88' lang='lat' dir='ltr'><strong>ecm-</strong></span> <span class='ocrx_word' id='word_1_512' title='bbox 1666 5716 1673 5724; x_wconf 20' lang='grc' dir='ltr'>ἱ</span> <span class='ocrx_word' id='word_1_513' title='bbox 1698 5623 1707 5642; x_wconf 81' lang='lat'><em>&#39;</em></span> 
     </span>
     <span class='ocr_line' id='line_1_51' title="bbox 194 5733 1534 5823; baseline -0.007 -25"><span class='ocrx_word' id='word_1_514' title='bbox 194 5735 323 5823; x_wconf 72' lang='lat' dir='ltr'><strong>medea</strong></span> <span class='ocrx_word' id='word_1_515' title='bbox 342 5733 423 5800; x_wconf 85' lang='lat' dir='ltr'><strong>linea</strong></span> <span class='ocrx_word' id='word_1_516' title='bbox 443 5734 556 5798; x_wconf 81' lang='lat' dir='ltr'><strong>deflecti</strong></span> <span class='ocrx_word' id='word_1_517' title='bbox 577 5741 687 5815; x_wconf 82' lang='lat' dir='ltr'><strong>posset,</strong></span> <span class='ocrx_word' id='word_1_518' title='bbox 709 5738 797 5799; x_wconf 88' lang='lat' dir='ltr'><strong>etiam</strong></span> <span class='ocrx_word' id='word_1_519' title='bbox 819 5737 957 5816; x_wconf 81' lang='lat' dir='ltr'><strong>Apuliam</strong></span> <span class='ocrx_word' id='word_1_520' title='bbox 979 5744 1009 5797; x_wconf 89' lang='lat' dir='ltr'><strong>et</strong></span> <span class='ocrx_word' id='word_1_521' title='bbox 1031 5734 1155 5812; x_wconf 85' lang='lat' dir='ltr'><strong>deniquo</strong></span> <span class='ocrx_word' id='word_1_522' title='bbox 1177 5734 1306 5797; x_wconf 80' lang='lat' dir='ltr'><strong>Siciliam</strong></span> <span class='ocrx_word' id='word_1_523' title='bbox 1326 5734 1450 5810; x_wconf 84' lang='lat' dir='ltr'><strong>metirer,</strong></span> <span class='ocrx_word' id='word_1_524' title='bbox 1475 5748 1534 5794; x_wconf 90' lang='lat' dir='ltr'><strong>nou</strong></span> 
     </span>
    </p>
   </div>
   <div class='ocr_carea' id='block_1_8' title="bbox 0 0 1859 7252">
    <p class='ocr_par' dir='ltr' id='par_1_13' title="bbox 0 0 1859 7252">
     <span class='ocr_line' id='line_1_52' title="bbox 0 0 1859 7252; baseline 0 0"><span class='ocrx_word' id='word_1_525' title='bbox 0 0 1859 7252; x_wconf 95' lang='lat' dir='ltr'><strong> </strong></span> 
     </span>
    </p>
   </div>
  </div>
 </body>
</html>
