3684 7259
300 1196 363 1263 846
588 1229 590 1231 v
814 1199 961 1257 Pmlemaei
978 1170 1131 1258 Ilarmonla

298 1370 469 1437 bumonicas
487 1373 521 1431 ab
540 1374 599 1431 aliis
617 1376 757 1447 creaturis,
777 1391 855 1447 qaae,
873 1377 972 1434 nentis
990 1385 1137 1448 computes,
1156 1376 1216 1433 illas
1233 1377 1372 1448 percipere
1383 1381 1559 1447 mataritae..
1574 1378 1643 1437 Vide

297 1448 359 1508 libri
375 1454 427 1510 mei
444 1456 534 1524 quarti
551 1455 640 1524 capite
655 1456 743 1511 tertio.
842 1477 850 1490 ·
922 1450 928 1460 ’
1081 1501 1086 1511 .

385 1531 458 1586 Nota
474 1533 521 1589 IV.
557 1536 596 1590 In
613 1538 686 1602 colb,
705 1536 751 1603 ait,
769 1539 813 1605 iis,
831 1553 900 1607 quoe
916 1554 945 1593 sc
958 1539 1051 1607 primo
1069 1544 1176 1598 movent
1201 1553 1321 1608 quosque
1342 1543 1406 1592 sant
1422 1540 1542 1608 rationis
1553 1542 1644 1609 parte

298 1608 379 1680 cipio,
398 1612 533 1667 euidenter
551 1616 671 1684 conspici
685 1622 815 1670 amaram
826 1616 1022 1673 bannonicom.
1057 1615 1126 1669 Nam
1140 1617 1228 1671 omnia
1246 1613 1354 1684 quidem
1372 1615 1427 1671 saia
1440 1626 1565 1673 constare
1583 1637 1644 1689 pro·

198 1737 202 1746 .
296 1686 483 1759 portionibus,
501 1692 528 1745 in
548 1692 590 1745 his
609 1694 739 1748 contineri
759 1694 884 1753 salutem,
911 1695 938 1748 in
958 1695 1098 1749 contrariis
1117 1695 1267 1763 interitum,
1287 1693 1335 1750 sed
1353 1694 1380 1748 id
1399 1711 1454 1750 non
1472 1697 1501 1752 in
1519 1698 1644 1754 omnibus

299 1777 359 1820 esse
378 1769 567 1837 conspicuam,
596 1788 650 1825 non
669 1779 742 1827 certe
768 1774 795 1826 in
818 1775 947 1828 materiae
970 1767 1190 1845 alterationibus3
1218 1790 1288 1844 quae
1313 1773 1444 1842 subjectio
1471 1774 1588 1846 refertur
1610 1776 1644 1831 ad

292 1845 506 1933 -pnaemisaornm
522 1852 672 1905 membrum
690 1850 818 1916 alterurn,
839 1852 913 1921 *quod
933 1854 1053 1923 dixerat,
1078 1858 1165 1909 omnia
1184 1856 1240 1912 suis
1267 1865 1391 1914 constare
1415 1856 1644 1924 proportionibus,

298 1927 380 2013 epam
397 1926 545 1981 secundum
563 1937 678 1987 motum.
697 1929 749 1984 hoc
767 1938 810 1985 eet
827 1932 916 1986 omnia
934 1933 1147 2001 gigni'tandem‚
1171 1936 1195 1991 ai
1213 1941 1304 1992 certae
1322 1938 1512 1992 alteratinnnm
1531 1931 1643 2005 proporss

298 2006 387 2056 mnes
405 2008 616 2075 praecesserint3
640 2008 682 2065 eei
701 2012 723 2063 si
742 2018 831 2064 certae
850 2012 904 2066 sint
929 2013 956 2066 in
975 2015 1081 2082 reipsa
1098 2012 1287 2084 proportiones
1311 2017 1472 2085 qualitatum
1491 2024 1519 2069 et
1537 2014 1644 2083 quanti·

298 2085 393 2150 tatum,
411 2089 468 2138 tum
487 2102 645 2153 permanere
662 2089 702 2142 rei
720 2104 796 2143 suam
814 2089 940 2158 sormam;
961 2091 983 2145 si
1002 2109 1064 2147 voro
1084 2093 1227 2149 turbentur
1244 2095 1316 2162 illae,
1334 2097 1430 2164 perire.
1463 2096 1526 2159 flua
1542 2094 1645 2159 Aristo·

299 2155 381 2227 ‘dele
399 2169 480 2251 liuto,
503 2168 595 2223 erasis
613 2167 732 2237 appellat
750 2169 952 2224 elomentorum.
988 2172 1085 2240 Neque
1103 2171 1195 2228 tamen
1213 2174 1273 2229 ideo
1297 2174 1365 2229 haec
1382 2174 1539 2229 harmonica
1555 2188 1645 2225 rerum

216 2264 220 2273 ·
300 2246 439 2306 proportio
457 2259 506 2311 pra
523 2244 658 2301 efficiente
677 2262 759 2302 causa
777 2249 964 2318 constituitur;
984 2252 1011 2305 in
1025 2250 1125 2306 talibus
1138 2252 1286 2307 materiatis
1308 2260 1335 2308 et
1353 2252 1520 2308 naturalibus
1538 2250 1646 2313 sufficit,

254 2336 257 2349 ·
299 2320 331 2375 ut
348 2335 431 2373 causa
449 2321 491 2390 sit,
510 2324 568 2378 sine
587 2339 641 2393 qua
657 2340 721 2379 non.
757 2325 879 2401 Observa
897 2337 960 2383 uero
978 2327 1023 2383 hic
1038 2328 1147 2386 modum
1164 2328 1305 2398 loquendi:
1326 2332 1514 2387 »Hemoniae
1528 2330 1604 2387 ratio
1621 2336 1647 2386 ct
1720 2355 1722 2359 ⁸

295 2411 348 2467 per
365 2401 458 2454 omnia
475 2408 501 2456 ct
519 2404 719 2459 accarotises'me
737 2410 829 2480 betur
844 2407 875 2461 in
886 2408 1013 2477 sabjectis
1030 2411 1112 2465 rebus
1125 2412 1318 2480 proportiones
1328 2411 1526 2466 harmonicae«
1554 2402 1646 2475 Quasi

299 2472 336 2529 sit
348 2473 445 2566 aliqua
463 2494 556 2550 cansa,
585 2499 665 2551 quam
684 2482 814 2539 rationem
833 2486 966 2556 appellat,
993 2487 1060 2542 lusa
1072 2501 1121 2555 por
1137 2503 1182 2557 req
1201 2487 1340 2544 universas
1367 2495 1394 2541 et
1413 2494 1539 2556 separata
1557 2500 1574 2540 a
1592 2487 1645 2541 sin·

300 2552 379 2622 gabe,
397 2555 553 2614 harmoniae
571 2560 599 2614 in
616 2559 671 2614 illis
688 2569 789 2616 auctor.
826 2565 859 2619 In
877 2581 981 2621 summa
999 2566 1059 2633 ipsa
1076 2566 1115 2619 rei
1133 2566 1266 2620 evidentia
1278 2565 1434 2621 Ptolemaeo
1463 2572 1491 2619 et
1506 2565 1643 2632 ignoranti

301 2646 394 2687 uocem
412 2635 485 2692 illam
503 2640 676 2707 Virgilianam
695 2644 831 2709 exprimit:
857 2646 944 2699 Deum
963 2647 1002 2699 ire.
1020 2660 1069 2713 per
1087 2661 1180 2700 omnes
1201 2655 1288 2701 terras
1305 2652 1465 2713 tractusque
1486 2645 1568 2698 maris
1587 2660 1646 2699 coe

300 2709 409 2783 lungae
426 2719 598 2784 profundum.
805 2734 810 2743 ·
1363 2790 1367 2799 Ι

388 2795 487 2866 Itaque
504 2805 626 2883 agnoscit
644 2805 724 2861 aliam
742 2807 873 2861 rationem
887 2803 1076 2871 sublunarem,
1102 2818 1171 2873 quae
1189 2803 1270 2858 etiam
1289 2811 1403 2857 mentem
1425 2802 1545 2857 hominis
1565 2803 1647 2857 ratio·

301 2886 416 2942 mque
434 2878 502 2946 (ejus
521 2881 676 2940 facultatem
694 2889 785 2953 unam)
803 2887 831 2940 in
848 2886 1034 2939 harmonicum
1053 2890 1175 2937 ornatam
1195 2882 1345 2951 descripsit.

365 2955 461 3044 ‘Nota
478 2960 510 3028 V„
548 2963 672 3034 causam,
691 2981 739 3020 cur
756 2982 810 3022 non
828 2964 1075 3032 animadvertantur
1092 2962 1280 3032 proportiones
1298 2962 1326 3016 in
1344 2962 1470 3030 materia,
1489 2961 1591 3034 allegat
1608 2962 1648 3015 in·

302 3029 477 3121 stabilitatem
479 3040 562 3120 sajus.
599 3044 659 3110 Hoc
676 3044 767 3100 multis
784 3044 870 3099 modis
889 3042 1002 3111 intelligi
1020 3052 1120 3112 potest.
1157 3042 1207 3096 Vel
1226 3042 1312 3107 enim,
1330 3041 1402 3110 quod
1421 3049 1485 3095 sunt
1505 3042 1648 3103 materiata

302 3123 331 3163 ιιι
349 3112 480 3170 continuo¹
495 3128 640 3188 augmento
658 3121 908 3187 autdecrementc,
927 3122 999 3177 utin
1019 3122 1241 3178 animalieanitas
1259 3128 1287 3173 et
1298 3121 1408 3175 morbus
1429 3119 1646 3175 instabiliseimas

302 3184 404 3277 babent
422 3196 616 3264 successiones,
634 3206 665 3255 ut
683 3202 783 3257 animal
801 3200 857 3254 iere
876 3217 1013 3269 nunquam
1031 3200 1074 3256 sel
1091 3216 1159 3270 pure
1177 3216 1271 3254 sanum
1290 3198 1325 3254 sit
1344 3198 1385 3251 uel
1403 3214 1471 3267 pure
1483 3196 1646 3258 morbidums

301 3262 385 3360 liquo
403 3278 458 3327 tam
475 3278 622 3333 secundum
640 3279 745 3348 copiam
763 3280 905 3336 humorum
922 3279 993 3334 inter
1006 3296 1035 3334 se
1054 3279 1229 3346 diversorum,
1247 3295 1326 3347 qaam
1340 3277 1488 3334 secundum
1501 3277 1646 3347 qualitates

304 3351 424 3433 corporis
442 3368 476 3408 ex
495 3356 559 3414 aliis¹
572 3360 662 3413 causis
680 3360 836 3414 existentes.
872 3359 974 3425 Quodsi
998 3358 1056 3411 iere
1074 3372 1212 3424 nunquam
1230 3357 1322 3413 existit
1339 3356 1366 3410 in
1384 3355 1493 3411 animali
1509 3357 1550 3425 id,
1577 3355 1648 3427 qnod

301 3434 407 3490 lustum
433 3440 461 3487 et
479 3434 630 3490 dimensum
653 3445 708 3505 est,
736 3453 800 3508 ergo
819 3438 898 3491 etiam
917 3437 1076 3508 principium
1104 3451 1157 3489 non
1180 3437 1260 3491 datur
1286 3437 1533 3504 comprehensionis
1558 3436 1649 3505 justae

303 3510 499 3580 proportionis,
527 3516 591 3581 quia
614 3515 660 3570 bic
676 3516 765 3572 'locum
783 3516 866 3572 habet
879 3516 957 3579 ,allud
975 3515 1095 3569 axioma:
1123 3514 1195 3582 quod
1222 3514 1288 3569 nihil
1306 3516 1397 3570 veniat
1423 3513 1648 3577 inintellectum,

305 3584 377 3654 i⁰⁰d
394 3601 450 3649 11011
467 3591 542 3659 prius
564 3595 691 3652 fueritin
710 3612 799 3652 sensu.
835 3596 911 3650 Haec
930 3603 1019 3651 atatem
1042 3602 1108 3649 tunc
1126 3589 1293 3650 solummodo
1318 3594 1408 3649 locum
1426 3594 1543 3660 habent,
1569 3595 1593 3647 si
1610 3596 1649 3648 in-

304 3660 431 3723 tellectas
449 3687 503 3726 non
520 3673 601 3729 luerit
619 3677 659 3730 rei
676 3674 879 3745 cognoscendae
897 3674 1073 3740 architectus,
1099 3688 1186 3741 nequae
1203 3672 1291 3726 ideam
1315 3688 1365 3728 neo
1386 3672 1563 3741 archetypum
1589 3672 1647 3740 ejus

306 3762 398 3802 secum
415 3753 491 3807 intus
504 3753 711 3823 circumgestat,
729 3755 816 3825 qualis
834 3754 880 3812 ille
899 3769 959 3809 esse
977 3753 1083 3807 debeat.
1120 3753 1189 3805 Nam
1207 3750 1259 3806 hoc
1278 3753 1301 3805 si
1318 3758 1405 3819 esset,
1428 3758 1459 3806 ut
1476 3757 1519 3806 est
1536 3751 1565 3805 in
1584 3751 1649 3826 diri-

305 3828 347 3912 pis
365 3830 487 3901 adeoque
504 3831 585 3887 etiam
604 3833 630 3887 in
648 3833 772 3888 humanis
785 3828 921 3903 operibus,
940 3839 1006 3887 tunc
1018 3831 1085 3886 nihil
1097 3828 1240 3898 impediret
1251 3830 1290 3883 rei
1302 3829 1473 3896 instabilitas,
1493 3829 1650 3898 quominus

304 3905 338 3959 ais
355 3910 506 3977 momentis,
540 3911 637 3980 quibus
656 3920 743 3967 motus
761 3914 788 3966 in
805 3911 1020 3981 proportionalia
1037 3912 1123 3977 venit,
1151 3908 1291 3978 proportio
1314 3914 1504 3977 agnoscatur„
1518 3907 1649 3976 siquidem

305 3985 460 4042 intellectas
478 3987 523 4042 ille
542 3988 699 4044 facultatem
713 3992 818 4047 ‘habeat
835 3989 1024 4060 percipiendae
1047 3988 1086 4042 rei
1105 3996 1183 4041 extm
1201 4002 1230 4042 se
1256 3987 1427 4040 constitutus.
1463 3986 1524 4055 Quo
1543 3986 1650 4039 nomine

305 4064 411 4120 ridetur
428 4082 483 4120 non
502 4066 665 4123 instabilitas
684 4068 852 4138 accusanda,
880 4069 929 4125 ssd
948 4069 1070 4124 deiectus
1087 4065 1226 4130 facultatis
1243 4065 1409 4135 percipiendi
1427 4080 1470 4133 ea,
1493 4064 1651 4133 quactum

306 4146 335 4200 in
353 4144 488 4201 continuis
506 4148 633 4202 materiae
652 4147 856 4202 alterationibus
874 4147 1023 4202 secundum
1042 4153 1170 4214 quantum
1191 4153 1219 4199 et
1237 4145 1324 4215 quale.
1358 4144 1433 4199 Nihil
1455 4160 1522 4199 sane
1540 4143 1651 4213 impedit

307 4222 394 4277 Deum
412 4224 576 4282 instabilitas
593 4235 715 4283 motuum
733 4226 956 4296 planetariorum,
985 4242 1038 4295 qua
1058 4225 1146 4279 minus
1164 4224 1310 4279 tardissimi
1335 4224 1369 4278 ad
1387 4222 1576 4278 velocissimos·
1590 4238 1650 4292 pro-

306 4303 508 4374 portionentur,
535 4307 656 4376 quamvis
673 4308 810 4362 rarissime
833 4306 961 4376 planetae
979 4304 1058 4365 fiant,
1073 4304 1142 4360 alter
1159 4302 1360 4368 velocissimus,
1388 4302 1457 4356 alter
1482 4301 1652 4355 tardissimus

280 4396 284 4402 ·
308 4380 388 4437 simul
412 4385 507 4440 codem
529 4395 659 4458 tempore.
695 4386 770 4441 Nihil
795 4385 907 4455 impedit
931 4389 1054 4439 naturam
1079 4382 1252 4437 sublunarem
1280 4391 1414 4449 perpetua
1437 4386 1465 4434 et
1489 4395 1597 4448 semper
1614 4380 1653 4433 in·

308 4460 429 4529 aequalia
448 4464 579 4533 digressio
596 4464 766 4534 planetarum
783 4465 854 4521 inter
872 4480 914 4530 ae,
945 4480 999 4535 qua
1016 4461 1145 4517 dhtantia
1162 4460 1283 4529 ipsorum
1312 4473 1419 4527 semper
1436 4452 1571 4525 variatur,
1599 4474 1652 4527 quo

309 4536 397 4595 mnus
415 4543 486 4599 hanc
503 4544 551 4599 illa
568 4544 780 4614 comprehendat
798 4553 826 4601 et
843 4545 1000 4599 harmonica
1018 4544 1051 4599 ab
1069 4541 1237 4597 inconcinnis
1250 4539 1393 4605 discernat,
1413 4538 1513 4607 quippe
1525 4539 1654 4608 temperis

244 4673 246 4678 .
310 4615 395 4686 ipsius
415 4620 533 4678 discreta
555 4623 718 4680 evolutione.
756 4624 830 4679 Nihil
856 4623 969 4695 impedit
988 4623 1110 4678 auditum
1128 4623 1256 4676 continua
1273 4627 1300 4673 et
1324 4616 1458 4674 instabilis
1474 4618 1592 4673 intensio
1613 4616 1655 4673 uel

308 4698 430 4753 remissio
450 4700 565 4772 alicujus
583 4703 715 4773 chordae,
743 4704 778 4759 ad
796 4702 877 4758 uliam
895 4702 1025 4769 collatae,
1053 4717 1106 4770 quo
1129 4701 1218 4754 minus
1242 4697 1443 4768 deprehendat,
1471 4697 1570 4765 quibus
1591 4697 1653 4753 illae

308 4782 450 4842 momentis
469 4789 626 4850 consonent,
644 4782 743 4851 quibua
762 4782 910 4837 dissonent
947 4784 984 4836 At
1002 4781 1148 4851 qualitates
1166 4780 1282 4848 primae,
1301 4776 1432 4844 calidum,
1451 4775 1586 4854 frigidum,
1606 4775 1654 4830 hu·

309 4858 418 4930 midam,
438 4863 546 4931 siccum,
565 4869 647 4930 atque
666 4863 747 4917 etiam
766 4862 882 4933 qualitas
901 4862 1098 4930 quadamtenus
1116 4874 1164 4913 seu
1183 4858 1260 4912 malis
1272 4873 1328 4913 seu
1340 4854 1476 4926 ponderis,
1495 4856 1583 4910 tactui
1593 4860 1656 4910 sunt

309 4938 433 5007 objecta,
457 4947 547 4995 tactus
565 4955 629 4995 sero
648 4942 694 5007 (sc.
714 4942 775 5011 ipso
794 4942 950 4999 Ptolomaeo
969 4939 1093 5007 doctore,
1121 4935 1294 5006 praecedenti
1312 4934 1416 5003 capite)
1442 4932 1536 4988 rudior
1559 4948 1656 4989 sensus

309 5028 352 5074 eet
373 5027 400 5072 et
421 5018 592 5088 obliviosior,
612 5028 668 5075 tum
688 5019 854 5090 percipiendi
873 5018 1064 5089 proportiones
1084 5017 1252 5084 objectorum
1270 5030 1380 5069 suorum
1398 5029 1451 5066 uon
1470 5013 1563 5067 habet.
1599 5013 1659 5068 Etsi

309 5095 381 5156 enirn
399 5096 521 5155 animans
538 5106 613 5153 tactu
631 5098 757 5168 percipit,
784 5098 851 5167 qnid
868 5097 920 5152 sibi
938 5095 1034 5165 quovis
1059 5100 1180 5163 tempore
1198 5094 1355 5157 conueniat,
1381 5092 1408 5146 id
1426 5096 1516 5145 tamen
1542 5091 1657 5161 percipit

310 5192 366 5232 non
383 5175 532 5233 secundum
551 5194 690 5236 numerum
709 5177 859 5247 specierum
877 5175 1055 5236 diversarum,
1083 5179 1114 5227 ut
1132 5179 1196 5226 sunt
1220 5172 1248 5224 in
1266 5170 1429 5226 harmonicis
1455 5170 1578 5225 diversae
1595 5186 1656 5225 con·

310 5255 464 5323 sanandae,
488 5258 536 5313 sed
554 5265 659 5313 tantum
683 5258 831 5315 secundum
849 5248 980 5310 unitatem
998 5252 1201 5308 convenientiae
1220 5266 1301 5319 suae,
1326 5258 1357 5304 ut
1375 5250 1397 5304 si
1416 5249 1490 5303 auris
1513 5250 1541 5302 in
1560 5262 1656 5316 genere

308 5351 431 5391 consona
448 5336 596 5406 percipiat,
620 5353 637 5392 a
654 5335 772 5392 dissonis
789 5335 921 5390 laedatur.
957 5333 1019 5387 Non
1038 5339 1080 5386 est
1097 5324 1180 5399 igitur
1202 5330 1271 5385 haec
1294 5328 1433 5397 perceptio
1459 5327 1569 5396 proprie
1587 5342 1656 5380 aom-

311 5417 441 5486 paradsa,
460 5416 524 5487 quia
536 5416 729 5471 numerositate
742 5424 825 5481 caret,
838 5430 892 5468 noa
904 5412 987 5482 igitar
998 5418 1062 5480 apta
1073 5407 1302 5479 proportionibus,
1321 5421 1390 5475 quae
1402 5406 1522 5461 numeris
1538 5413 1657 5460 utuntur.

312 5493 429 5562 Deinde,
449 5496 500 5549 etsi
518 5496 558 5550 sic
575 5496 799 5566 qualitercunque
817 5493 934 5563 percipit
952 5492 1073 5547 animans
1093 5504 1136 5555 ea,
1163 5502 1232 5557 qnae
1251 5494 1314 5542 sant
1331 5485 1375 5539 uel
1392 5484 1464 5539 intra
1480 5499 1526 5553 se,
1544 5484 1587 5541 vel
1605 5485 1656 5538 rim

310 5570 430 5629 inierunt
447 5575 554 5643 corpori
572 5591 636 5643 auo,
659 5583 688 5628 at
707 5586 761 5628 aon
779 5570 935 5627 extenditur
952 5571 986 5625 ad
1005 5585 1050 5638 ea,
1078 5583 1148 5637 quae
1176 5572 1239 5621 sunt
1257 5572 1347 5631 extra,
1376 5570 1407 5617 ut
1433 5560 1545 5620 auditus
1571 5561 1657 5615 lentur

313 5650 394 5710 etiam
411 5652 445 5714 od
463 5667 544 5711 sonos
563 5662 715 5711 extremos
753 5651 842 5710 Causa
860 5655 915 5714 est,
935 5648 999 5720 quia
1016 5645 1162 5702 visibilium
1189 5650 1216 5699 et
1232 5641 1389 5701 audibilium
1414 5639 1520 5711 species
1542 5656 1592 5696 seu
1610 5638 1655 5694 de·
