3684 7259
851 1177 1028 1301 erclen-⁹
1172 1201 1176 1211 '
1528 1231 1595 1303 ars

250 1407 385 1467 arguam.
431 1392 518 1451 Anno
549 1390 668 1467 quidem
702 1392 794 1450 leta.
818 1390 984 1468 Tabingam
1011 1394 1159 1470 proiectus
1187 1396 1298 1470 negotii
1323 1394 1432 1469 eausa,
1467 1397 1539 1456 nihil
1567 1400 1597 1455 in

251 1489 357 1555 parato
380 1480 483 1557 habui,
504 1488 619 1555 praeter
641 1476 782 1553 pauculas
804 1477 946 1555 pagellas,
971 1478 1035 1538 libri
1051 1479 1106 1542 IIl
1127 1485 1281 1540 materiam
1302 1482 1402 1541 rudem
1420 1474 1596 1559 complexas,

251 1583 327 1641 quas
350 1568 511 1627 monstravi
535 1568 652 1638 amicis,
685 1564 830 1641 explicavi
853 1566 998 1624 scribendi
1029 1570 1226 1644 propositum,
1257 1579 1334 1672 quse
1355 1589 1377 1629 a
1393 1570 1439 1629 ‘20
1461 1575 1552 1631 anuis
1567 1575 1596 1629 ln

252 1654 400 1713 meditatis
424 1655 550 1714 babeam
572 1670 707 1728 quaeque
728 1661 839 1712 restent
861 1654 1042 1727 inquirenda,
1067 1655 1182 1730 singula
1203 1658 1344 1715 recensui.
1392 1656 1450 1716 Sed
1478 1667 1507 1717 et
1528 1677 1598 1735 gra·

249 1745 320 1801 tiam
348 1741 444 1802 habeo
474 1759 526 1819 pro
557 1741 709 1801 verissimo
740 1739 837 1814 elogio
866 1744 922 1798 mei
955 1743 1070 1816 opcris3
1098 1746 1206 1816 lateor,
1238 1743 1304 1803 libri
1326 1747 1497 1820 praesertim
1519 1749 1597 1805 tertii
1690 1778 1694 1792 ι

248 1831 401 1911 materiam
430 1848 480 1906 per
510 1830 549 1897 ‘22
581 1843 674 1887 annos
706 1830 810 1887 iterum
837 1829 999 1903 iterumque
1026 1832 1166 1903 revisam,
1195 1831 1291 1890 'fateor
1323 1832 1406 1890 libris
1429 1832 1481 1892 IV.
1507 1841 1536 1893 et
1556 1833 1595 1891 ¹V.

249 1934 418 1992 quanquam
440 1917 567 1975 breviari
590 1926 719 1991 tempore
743 1916 916 1990 plurimum
939 1920 1160 1977 cimentationit
1180 1918 1481 1996 fermentationisqus
1509 1920 1595 1979 adhi-

249 2005 350 2072 bitum,
376 2008 445 2080 quin
469 2016 499 2063 et
520 2003 747 2078 putrefactioaes
770 2010 799 2061 et
813 2002 1021 2081 calcinationes
1044 2013 1074 2062 et
1087 1997 1309 2065 sublimationes
1325 2008 1592 2069 reverberationes·

249 2105 307 2170 qae
336 2094 403 2167 jure
436 2108 567 2167 quasque
600 2108 654 2149 suo
676 2092 857 2165 apposueris.
904 2092 949 2148 An
982 2106 1052 2148 vero
1084 2092 1201 2169 singula
1229 2092 1266 2153 ad
1295 2109 1361 2152 eam
1388 2095 1594 2169 perlectionem

248 2182 356 2238 inerint
379 2189 514 2250 excocta,
544 2194 631 2255 quam
655 2177 801 2235 Robertus
824 2179 968 2249 insinuat,
997 2194 1085 2255 super
1107 2196 1143 2239 ea
1163 2198 1194 2239 re
1214 2179 1326 2255 judicia
1354 2198 1420 2239 cam
1443 2183 1593 2241 doctorum

247 2266 386 2346 plurium,
409 2279 469 2326 tum
493 2268 581 2325 etiam
604 2281 700 2324 meum
725 2267 816 2340 ipsius
840 2266 1024 2341 exspectabo.
1072 2264 1138 2341 Qua
1160 2266 1197 2326 de
1219 2285 1249 2328 re
1271 2276 1367 2329 exstat
1388 2265 1438 2331 iol.
1453 2272 1515 2329 320
1537 2274 1595 2330 mei

248 2357 344 2430 operis
366 2357 536 2431 provocatio
559 2352 715 2412 luculenta.

336 2444 386 2500 Ad
410 2441 592 2517 Analysin
616 2439 675 2500 ΙΙΙ.
716 2438 851 2514 Ignosce,
876 2437 1017 2511 Roberte,
1045 2439 1113 2499 lana
1135 2441 1208 2500 mihi
1229 2442 1404 2518 tait'cpus,
1426 2444 1492 2519 plns
1514 2444 1594 2503 illins

248 2532 281 2587 in
304 2530 415 2600 cauda,
439 2545 533 2604 quam
556 2532 590 2585 in
612 2531 739 2601 capita·
766 2525 890 2584 lliscedo
912 2543 1013 2601 porro,
1037 2537 1130 2587 emtor
1148 2531 1211 2604 J'am
1235 2533 1402 2603 contentus,
1434 2539 1525 2590 atua
1547 2543 1594 2591 ta-

247 2618 355 2692 berna3
379 2631 410 2674 ιιι
433 2635 479 2676 ιιι
504 2626 569 2673 tuas
592 2616 733 2674 arbitratu
748 2621 799 2671 tuo
823 2613 980 2689 disponite,
1006 2614 1104 2675 ordine
1127 2619 1190 2676 sire
1205 2628 1293 2690 recto,
1317 2619 1381 2676 slve
1395 2628 1593 2696 praepostero.

248 2703 326 2779 Quin
350 2715 378 2763 ct
400 2722 486 2780 parce
510 2706 582 2761 meis
604 2702 717 2775 verbis3
742 2718 796 2776 ego
818 2702 875 2758 uisi
898 2717 972 2761 vnce
995 2697 1218 2777 quadamtenus
1240 2721 1334 2766 essem
1356 2721 1438 2780 asna
1461 2709 1493 2763 in·
1512 2711 1593 2784 peri-

248 2793 313 2851 culo
337 2793 387 2864 lui,
412 2811 447 2850 ne
470 2810 488 2850 a
511 2800 539 2849 te
562 2789 652 2847 salsae
675 2744 858 2863 gloriationis
880 2806 946 2847 reus
969 2807 1080 2865 agerer.
1124 2791 1199 2851 Nam
1223 2803 1253 2849 tu
1277 2810 1295 2849 a
1317 2810 1362 2852 me
1386 2800 1431 2851 est
1453 2795 1503 2853 ubi
1526 2794 1589 2853 dis-

247 2882 365 2940 sentias
412 2877 489 2954 Quid
513 2876 591 2953 qnod
614 2888 643 2935 et
665 2893 787 2935 accusas
810 2891 904 2933 meam
927 2878 957 2934 ia
980 2879 1127 2954 capitei.
1150 2879 1362 2961 prolixitatem,
1389 2897 1537 2966 nunquam
1561 2882 1591 2940 id

245 2970 391 3040 tacturus,
422 2969 478 3025 nisi
501 2975 532 3022 tu
556 2967 631 3021 intra
658 2964 746 3039 hujus
772 2964 851 3021 vocis
874 2964 1099 3038 quadamtenus
1127 2970 1292 3042 angustias
1309 2967 1513 3027 constitissesi
1557 2969 1594 3027 st

247 3056 366 3113 interius
390 3057 448 3111 vim
472 3055 576 3129 capitis
598 3052 655 3110 mci
679 3052 748 3109 noni
771 3052 934 3152 coarctasti,
959 3052 1056 3111 lassus
1080 3069 1124 3126 ca,
1148 3067 1224 3129 quae
1249 3056 1311 3132 ipsa
1334 3054 1426 3114 multa
1444 3054 1593 3116 locutione

247 3142 405 3217 multisque
433 3140 511 3199 loliis
534 3138 718 3210 tradiderim,
751 3147 779 3195 te
809 3138 838 3193 in
867 3137 1022 3213 parvulum
1054 3139 1200 3215 redegisse
1222 3140 1335 3213 locum,
1366 3140 1422 3201 hoc
1452 3159 1522 3201 vero
1549 3154 1594 3207 est

248 3229 474 3305 quadamtenus
497 3226 623 3285 eandem
646 3228 810 3284 materiam
833 3226 995 3299 complecti.
1037 3225 1116 3285 Nam
1138 3228 1330 3303 tuspeculnm
1353 3230 1498 3305 profiteris
1520 3247 1589 3289 aru-

247 3312 362 3375 dicndis
385 3317 491 3389 oculu3
519 3332 574 3388 ego
599 3314 702 3372 verbis
725 3320 769 3371 tot
789 3328 855 3370 sum
877 3329 963 3385 usus,
992 3322 1025 3371 ut
1053 3314 1102 3382 vel
1129 3314 1236 3374 clausis
1261 3316 1353 3374 oculis
1385 3318 1473 3375 etiam
1495 3335 1590 3390 aures,

248 3404 318 3479 quid
342 3403 443 3476 velim,
473 3404 620 3479 percipere
644 3411 763 3477 queant
809 3399 845 3457 lit
868 3399 938 3475 quid
968 3410 1025 3472 est,
1060 3418 1185 3477 quaeso,
1212 3410 1321 3461 cantus
1349 3403 1544 3475 harmoniam
1567 3414 1594 3463 et

247 3499 305 3549 tres
328 3491 515 3561 medietates,
546 3490 641 3565 capite
663 3504 729 3546 meo
755 3489 803 3546 16.
826 3505 879 3564 per
900 3505 970 3545 snas
993 3503 1097 3547 causas
1121 3488 1295 3579 deductas,
1306 3490 1345 3550 ab
1367 3491 1471 3567 effectu
1493 3499 1592 3551 osten·

247 3578 326 3651 dere,
351 3582 406 3637 nisi
430 3577 661 3653 quadamtenus,
685 3574 797 3634 scilicet
819 3591 972 3646 cansarum
996 3585 1094 3650 tenus,
1119 3587 1192 3672 qaas
1215 3586 1284 3637 ante
1305 3592 1352 3639 me
1375 3577 1503 3637 nondum
1526 3588 1593 3641 ten·
1652 3585 1654 3589 ’
1718 3575 1722 3585 ’

247 3674 325 3724 tatas
349 3668 493 3734 existimo,
518 3662 694 3738 complecti?
739 3659 877 3720 Omnium
897 3664 1023 3722 maxime
1048 3666 1101 3723 tibi
1124 3657 1179 3741 ipsi
1202 3666 1324 3741 parcito,
1346 3682 1384 3725 ne
1405 3681 1526 3743 nemppe
1526 3691 1594 3743 ιιιιοι

248 3754 360 3812 audias.
412 3752 487 3811 Nam
519 3750 588 3826 quid
617 3752 721 3808 attinet
754 3750 879 3809 voculae
907 3767 1064 3851 usurpans
1098 3751 1292 3835 succensere?
1342 3753 1444 3838 hgone
1476 3754 1592 3814 titulum

229 3839 429 3932 Harmoniae
458 3838 626 3897 Mandanae
658 3836 712 3895 soli
741 3854 807 3896 meo
840 3839 919 3916 operi
950 3839 1078 3913 arrogo?
1123 3841 1184 3898 Aut
1213 3842 1279 3926 quis
1308 3838 1355 3899 hic
1387 3857 1489 3917 super
1486 3842 1592 3919 pallio

248 3913 398 3987 trabeatus
427 3926 633 4004 philosophas,
663 3926 713 4001 qui
737 3926 838 3984 titulos
866 3932 894 3983 st
915 3924 1076 4000 dipnltates
1092 3928 1234 4002 politicas
1261 3929 1336 3986 inter
1365 3927 1592 4003 disceptationes

249 4015 470 4091 philosophicas
493 4015 651 4089 somnians,
675 4031 706 4072 se
730 4013 826 4088 ipsum
847 4011 1116 4072 stomachabundus
1138 4013 1273 4086 incendit,
1297 4022 1329 4071 ut
1350 4032 1405 4073 nec
1427 4015 1464 4074 ab
1487 4016 1594 4091 injmia

248 4121 279 4162 se
303 4101 475 4161 contineat?
518 4101 622 4175 Legite
645 4108 757 4158 textum
780 4117 876 4160 mcum
893 4098 955 4172 111,
979 4116 1065 4174 quem
1088 4103 1151 4177 ipse
1167 4102 1318 4161 verissime
1344 4101 1588 4175 ,sterilesolum“

249 4190 341 4265 dirit3
363 4192 388 4247 si
411 4191 440 4245 in
465 4205 499 4247 ιο
521 4188 695 4265 philantiam
718 4187 897 4261 inveneritis,
921 4142 1088 4263 ex’emplum
1111 4188 1246 4246 damnate
1269 4196 1299 4246 et
1321 4188 1432 4247 carate

335 4273 477 4353 Reliquas
500 4277 733 4352 comparationes
755 4273 947 4348 particulares
971 4291 1050 4336 amc
1074 4278 1210 4347 omissas,
1234 4273 1324 4348 adde,
1349 4271 1431 4348 licet,
1459 4292 1520 4352 pro
1534 4276 1593 4334 tuis

247 4362 416 4424 lectoribus
461 4363 525 4437 ldgo
556 4367 584 4420 in
613 4362 768 4421 verborum
794 4377 915 4437 nummo
945 4370 1055 4438 partem
1087 4362 1259 4422 discriminis
1287 4378 1366 4437 pono
1395 4320 1522 4437 ιιιΙΙιιιι;
1555 4362 1592 4422 de

249 4437 418 4509 harmonica
441 4449 567 4509 chordae
591 4451 719 4507 sectione
742 4456 825 4507 tanta
847 4465 911 4506 sum
936 4465 1006 4508 usus
1031 4450 1184 4510 verborum
1206 4452 1299 4526 capla,
1323 4459 1463 4533 quantum
1481 4453 1593 4527 requiri

249 4540 349 4597 censui
372 4538 409 4597 ad
432 4536 606 4613 explicanda
629 4538 758 4600 musicae
780 4534 1023 4610 tundamenta3'
1017 4554 1045 4593 ιιι
1068 4536 1275 4598 medietatibus
1301 4551 1387 4615 porro
1415 4538 1592 4615 harmonicis

249 4635 334 4685 tanta
356 4626 508 4698 brevitate,
533 4631 642 4701 quanta
665 4625 782 4683 omnino
805 4627 901 4699 potui3
926 4625 996 4698 quis
1018 4632 1047 4682 et
1066 4624 1192 4701 parvum
1215 4627 1246 4690 in
1267 4625 1303 4681 iis
1326 4634 1504 4684 momentum
1527 4634 1590 4685 erat

249 4716 339 4772 situm
362 4711 400 4771 ad
424 4713 479 4771 hoc
500 4729 593 4787 genus
616 4709 835 4786 contemplandi
857 4709 1105 4786 philosophicum,
1128 4711 1248 4772 et'nltro
1264 4712 1461 4788 sequebantur
1475 4712 1587 4771 madie-

245 4795 331 4873 tates,
355 4802 520 4860 constitutis
544 4801 693 4870 ιιιιιιιιίι,
719 4792 752 4856 idv
771 4806 816 4855 cst
837 4797 996 4866 harmoniis
1018 4800 1089 4874 ipsis
1112 4802 1186 4863 inter
1203 4815 1235 4859 se
1258 4801 1442 4882 compositis,
1466 4815 1588 4876 qusmm

247 4898 342 4946 ortum
373 4886 528 4946 docueram
558 4890 652 4964 eapite
675 4889 704 4943 ⁶2.
748 4884 814 4962 Non
844 4883 1075 4960 videqtamen,
1106 4886 1169 4963 qui'
1183 4887 1412 4962 superficialem
1439 4885 1591 4963 scripsisse

247 4972 304 5035 thoi
327 4978 437 5052 possim
461 4974 496 5033 de
519 4974 725 5044 medietatibus
747 4972 934 5046 harmonicis,
957 4975 1007 5049 qui
1032 4981 1061 5033 et
1083 4969 1434 5052 definitionemjpono'ex
1448 4976 1593 5033 sententia

247 5072 378 5122 veterum
400 5071 430 5122 et
451 5082 470 5120 a
492 5061 686 5120 fundamentis
708 5061 779 5137 ipsis
803 5077 868 5119 eam
891 5060 1035 5133 concello,
1058 5071 1092 5121 ut
1115 5061 1445 5137 quae-iraquentlssime
1463 5061 1593 5137 proterat

244 5166 382 5210 numeros
410 5167 467 5217 nan
490 5149 687 5221 harmonicas,
718 5164 823 5206 nomen
849 5150 912 5207 sine
935 5165 975 5207 rc.
1020 5146 1117 5225 Quare
1145 5143 1319 5207 monendus¹
1337 5156 1383 5206 est
1405 5148 1476 5222 mihi
1499 5147 1592 5208 lector

244 5248 344 5297 ιιοιιιι
365 5238 525 5297 ιοιιιιιιοιιίι
549 5238 677 5312 insuper,
699 5234 800 5295 videat
821 5236 909 5294 etiam
932 5243 1021 5310 atque
1044 5237 1148 5305 etiarn,
1170 5252 1239 5294 num
1261 5234 1409 5294 liebertus
1431 5252 1502 5295 suas
1523 5251 1589 5294 me-

245 5323 370 5384 dietates
400 5324 583 5383 harmonicas
606 5341 642 5382 ex
663 5322 720 5380 lrac
743 5328 873 5380 veteram
897 5319 1063 5381 delinitione
1085 5321 1244 5397 describat3
1277 5324 1385 5399 quippe
1408 5325 1459 5396 ait,
1483 5340 1515 5382 se
1537 5339 1589 5383 οο-

241 5414 409 5487 plerissima
431 5413 500 5469 illas
522 5419 549 5468 et
570 5410 667 5469 ambis
689 5406 810 5484 quidem
832 5409 1078 5468 concinniars'bus
1092 5399 1257 5468 tradidisse
1302 5408 1334 5469 Si
1355 5410 1400 5468 est
1420 5409 1500 5487 quod
1513 5409 1589 5480 ,dico

245 5494 321 5579 (non
344 5508 388 5558 est
411 5502 487 5559 anim
513 5498 586 5556 liber
609 5496 673 5572 ejus
696 5494 735 5568 ad
756 5490 894 5575 manas),
925 5503 993 5554 tnnc
1024 5496 1159 5572 equidem
1181 5493 1591 5556 Rauennsnnrrsrbomm

244 5588 331 5661 copia
354 5588 492 5645 erraverit
522 5602 587 5644 cnm
620 5584 767 5644 veteribus
798 5584 971 5641 averitste.
1017 5580 1115 5657 Quare
1139 5583 1301 5642 cavendum
1318 5586 1379 5643 'erit
1407 5584 1524 5659 lectori,
1553 5599 1591 5642 aa

244 5676 414 5752 acquiescat
435 5674 534 5748 dictis,
556 5674 727 5749 priusquam
749 5670 896 5732 Robertus
917 5671 1045 5731 rationes
1067 5689 1148 5734 meas
1170 5672 1319 5733 veteribus
1342 5676 1494 5750 oppositas
1514 5671 1592 5752 lagi·
