3684 7259
632 1271 638 1306 ι
745 1268 757 1308 ,·
781 1247 817 1304 tle
833 1243 981 1340 Harmoult
1512 1255 1551 1318 bl

198 1423 383 1487 ιιιιιιιιιιιιι
409 1441 469 1489 non
497 1416 582 1503 aunt,
611 1434 714 1506 petunt
741 1430 818 1490 enim
848 1431 1032 1507 principium.
1076 1428 1181 1505 Itaque
1209 1443 1276 1488 cum
1307 1433 1367 1487 tam
1388 1428 1473 1488 multi
1494 1430 1554 1490 sint

200 1529 301 1589 arcus,
334 1531 458 1591 quorum
481 1511 577 1575 lineae
599 1517 665 1576 sciri
686 1532 744 1577 nou
767 1525 904 1596 possunt,
934 1517 991 1578 hoc
1013 1523 1059 1578 est
1080 1514 1191 1577 definiri
1214 1521 1330 1590 exacte,
1360 1518 1416 1576 nisi
1439 1523 1554 1578 tantum
1596 1581 1604 1600 ,

200 1617 253 1677 per
273 1599 581 1678 proximas-scibiles,
608 1602 671 1673 lieri
699 1603 784 1666 aliter
813 1621 872 1666 non
904 1611 1017 1682 potest,
1049 1605 1118 1680 quin
1148 1598 1271 1670 cadone¹
1289 1604 1405 1663 sinuum
1429 1612 1553 1682 utemur,

200 1689 350 1765 etiamque
373 1687 412 1749 ed
434 1687 553 1750 scibiles
575 1689 767 1768 indagandas,
790 1709 856 1752 cum
877 1693 937 1751 siut
957 1690 1146 1769 longissimae
1168 1689 1332 1766 indaginis,
1355 1709 1413 1751 non
1436 1691 1555 1771 expedit

201 1774 287 1837 aliter
307 1775 379 1837 deri.
425 1776 544 1835 Exstitit
559 1776 665 1839 Scotns
680 1780 767 1856 Baro,
792 1779 876 1857 eujus
898 1796 1005 1841 nomen
1026 1778 1099 1837 milri
1122 1777 1229 1840 excidit
1247 1786 1367 1849 (Napaios
1390 1787 1470 1835 adiuta
1489 1785 1552 1848 ,ea

201 1884 293 1921 nonam
311 1869 462 1921 liiridcum⁸
489 1868 657 1936 succidii,
683 1874 737 1924 aine
760 1875 1028 1938 demonstrationibus,
1055 1888 1120 1924 auno
1144 1870 1213 1929 1620
1239 1875 1305 1923 iilius
1322 1872 1413 1935 Neperi
1431 1874 1553 1925 Robsrtua

203 1948 322 2011 ,bibidel
339 1937 449 2000 (larionis
466 1948 696 2001 (ιοιιιιιιιιιιοιιιιιιιι
725 1967 756 2003 ex
774 1955 852 2018 patris
870 1955 1055 2018 manuscriptis.
1092 1952 1162 2001 'l'unc
1188 1952 1287 2003 demum
1304 1951 1427 2016 lieplerus
1450 1952 1554 2016 propius

201 2037 235 2086 ari
252 2052 304 2087 rem
328 2040 457 2105 ιιοιιιιιι,
480 2031 530 2107 qui
551 2030 694 2108 praeclari
716 2031 786 2110 quid
807 2035 961 2109 praestitit,
984 2035 1158 2095 necessitate
1179 2036 1258 2094 omni
1278 2032 1554 2111 multiplicationum

201 2124 232 2177 et
262 2115 478 2177 divisionum
470 2135 499 2175 ιιι
521 2135 617 2179 meras
647 2117 811 2181 additiones
841 2128 871 2182 et
889 2121 1115 2183 subtractiones
1138 2128 1330 2196 commutata,
1363 2137 1418 2180 nec
1440 2120 1554 2181 sinibus

201 2205 310 2264 utitur:
340 2210 372 2264 at
393 2213 490 2266 tarum
513 2222 588 2283 opus
610 2213 655 2269 est
677 2207 732 2285 ipsi
755 2210 937 2286 tangentium
960 2226 1087 2285 canone;
1116 2216 1146 2269 et
1168 2211 1308 2282 varietas,
1336 2209 1474 2268 crebritas
1497 2206 1555 2267 dii·

201 2289 377 2369 iicultasque
405 2292 588 2353 additionum
620 2294 909 2374 subtractionumque
939 2294 1047 2360 alicubi
1067 2294 1198 2357 laborem
1220 2294 1433 2374 multiplicandi
1455 2301 1485 2355 et
1507 2293 1554 2353 di-

201 2377 323 2439 videndi
343 2387 471 2457 superat.
516 2379 663 2448 Breviter:
686 2383 801 2444 scibilia
823 2384 906 2446 finita
927 2392 1003 2459 sunt,
1027 2384 1173 2444 inscibiiia
1193 2384 1307 2444 infinita
1329 2392 1358 2443 et
1379 2381 1553 2458 inordinata,

200 2467 363 2544 inquibus
389 2469 541 2529 scientiam
569 2470 675 2530 ιιιιιιιι
700 2488 843 2548 quaeras:
875 2489 951 2549 quae
978 2474 1053 2531 inter
1075 2479 1120 2532 est
1150 2475 1241 2532 sectio
1264 2471 1407 2549 sphaerici
1435 2470 1555 2529 fortuita

201 2554 435 2632 circulorumque
462 2556 493 2626 in
522 2571 567 2617 eo.
612 2556 764 2618 Imitemur
790 2561 879 2637 igitur
908 2557 1060 2634 DEUM,
1090 2560 1140 2635 qui
1170 2576 1237 2620 curn
1265 2568 1295 2619 et
1325 2557 1496 2618 infinitatem
1524 2559 1556 2616 in

200 2643 344 2703 ιιιιιιιιιιι
366 2640 418 2704 illa
439 2641 562 2703 lixarum
589 2644 715 2721 sphaera
737 2644 828 2708 vellet
854 2664 1037 2726 expressam,
1068 2644 1229 2708 finitionem
1251 2662 1321 2709 vero
1354 2647 1382 2704 in
1406 2646 1555 2723 angustis·

199 2732 277 2790 sima
299 2731 418 2807 regione
438 2731 605 2807 mobilium,
634 2732 686 2794 illa
707 2734 770 2794 sine
793 2749 877 2807 eura,
904 2737 968 2795 sine
991 2733 1091 2794 ordine
1114 2735 1249 2811 reliquit,
1277 2736 1335 2795 ista
1355 2734 1553 2811 proportioni·

200 2818 257 2877 bus
279 2817 457 2880 harmonicis
478 2819 614 2879 ιιιιιιιιιιι
635 2820 859 2898 sapientissime.
903 2822 943 2881 Et
964 2839 1018 2882 nos
1040 2823 1129 2899 igitur
1149 2821 1310 2883 doctrinam
1332 2819 1552 2899 triangulorum,

200 2921 263 2982 qua
285 2909 359 2984 opus
382 2904 524 2966 babemus
547 2906 586 2967 ad
608 2907 779 2970 intinitatem
794 2910 907 2969 numeri
930 2915 959 2970 et
979 2908 1179 2988 dispositionis
1200 2909 1323 2970 ιιιιιιιιι
1344 2909 1556 2986 separationis·¹

201 3009 262 3070 que
286 2992 472 3056 omnimodae
494 2994 679 3080 planetarum
701 3014 720 3060 a
741 2993 834 3057 stellis
857 3014 909 3075 per
930 3004 1041 3058 motum
1064 2991 1130 3079 (qui
1153 3004 1186 3057 ιιι
1199 2996 1329 3057 iniormis
1344 2997 1446 3073 aliqua
1459 3012 1561 3072 quan--

201 3082 275 3140 titas
299 3080 450 3141 infinitatis
472 3090 518 3142 est
539 3079 712 3165 particeps),
736 3090 893 3145 domemus
914 3101 967 3162 per
989 3101 1131 3145 monem
1155 3086 1280 3158 sinuum,
1304 3085 1354 3161 qui
1383 3083 1555 3144 infinitatem
1612 3137 1625 3146 ..

201 3169 434 3244 quantitativum
463 3178 671 3246 repraesentat.
716 3171 757 3231 At
783 3169 893 3249 figuras
917 3171 1159 3233 demonstrabiles
1190 3171 1315 3248 indeque
1343 3168 1556 3247 dependentem
1632 3231 1637 3238 ,

199 3254 366 3316 domninam
386 3255 586 3340 harmonicam
609 3264 639 3318 et
660 3258 909 3338 similiadednita
941 3267 971 3321 et
993 3267 1072 3323 certa
1098 3275 1269 3320 revocemus
1292 3258 1330 3317 ad
1353 3257 1469 3335 regulas
1491 3274 1555 3318 me·

199 3343 314 3404 moriae
335 3342 529 3419 mandabiles,
553 3346 765 3424 cuique‚.suum
787 3349 956 3409 tribuentes.
1001 3347 1048 3407 Ite
1069 3346 1137 3421 det,
1163 3354 1196 3406 ut
1217 3354 1247 3407 et
1268 3343 1307 3406 ad
1329 3347 1459 3412 laborem
1483 3344 1555 3407 doc·
1605 3347 1617 3356 '

200 3432 299 3492 trinae
321 3430 541 3509 triangulorum,
564 3439 705 3509 quantum
727 3452 846 3496 maesse
869 3442 924 3509 est,
946 3433 1133 3508 sufficiamus,
1156 3442 1190 3495 et.
1206 3433 1356 3510 voluptate
1372 3433 1556 3494 divinissima

200 3535 238 3578 ex
262 3517 510 3597 contemplatione
532 3520 688 3581 formarum
716 3529 745 3583 et
766 3522 990 3602 archetyporum
1020 3539 1080 3583 non
1103 3520 1315 3584 deirandemur.
1361 3520 1445 3580 Vale.
1489 3521 1555 3581 lia·

199 3613 264 3666 tom
288 3607 339 3666 ll.
361 3605 463 3667 Martii
488 3610 579 3668 1618.
1205 3608 1241 3668 V.
1264 3607 1302 3667 D.
1326 3606 1360 3667 Τ.
1388 3608 1509 3668 Amicus

1264 3695 1297 3756 J.
1321 3693 1443 3772 Kepicr.

288 3850 329 3900 ad
346 3843 414 3901 bace
424 3850 652 3901 Schiciardua·
670 3852 807 3909 Plurimum
823 3852 931 3902 salutem
949 3857 973 3900 et
989 3852 1160 3915 promtissima
1177 3865 1231 3904 mea
1249 3850 1365 3910 cilicinis.

287 3920 462 3970 Praestantiae
475 3920 544 3970 'l'uae
557 3919 652 3988 literas,
672 3921 829 3972 celeberrime
841 3923 894 3984 Vir
913 3923 1021 3972 Domina
1033 3922 1127 3970 Fantcr
1138 3920 1274 3988 plurimum
1286 3920 1396 3983 colende
1417 3919 1455 3973 ii
1468 3920 1553 3971 Martii

190 3973 505 4056 inclinassemus
528 3992 670 4040 hesternam
688 4006 820 4075 vesperam
841 3994 906 4042 inter
922 3990 1045 4055 plurimas
1063 3983 1245 4040 ecclesiasticas
1264 3994 1439 4053 occupationes
1458 3993 1553 4058 accepi,

198 4062 267 4110 'has
285 4061 435 4110 avidissime
452 4061 497 4109 sad
513 4063 606 4123 raptim
623 4061 745 4127 percurri,
770 4067 794 4110 et
816 4062 891 4111 bodie
914 4068 972 4124 post
996 4064 1080 4111 linitas
1098 4066 1136 4109 tot
1154 4064 1286 4109 conciones
1304 4060 1450 4123 diligentius
1469 4059 1552 4124 relegi,

197 4129 233 4179 ad
251 4144 317 4195 quas
335 4144 402 4180 nunc
419 4132 527 4180 breviter
543 4132 693 4193 respondeo.
728 4130 831 4180 Mallem
849 4132 952 4199 quidem
969 4130 1105 4197 prolixius,
1124 4131 1168 4179 sad
1186 4146 1230 4180 nec
1249 4136 1347 4192 tempus
1365 4132 1487 4196 suppetit,
1506 4144 1552 4180 nec

198 4201 260 4264 scio,
278 4205 362 4249 utrum
379 4198 527 4249 tabellarius
538 4201 677 4261 Argentina
688 4216 801 4251 reversus
813 4202 970 4251 Heumadam
982 4216 1067 4254 rursus
1085 4202 1212 4250 transierit
1230 4202 1316 4264 sicque
1334 4200 1460 4250 scribendi
1478 4213 1551 4248 οιιι-

198 4271 236 4318 aio
252 4273 308 4332 jam
325 4268 412 4333 elapsa
429 4272 462 4318 sit
480 4284 525 4320 nac
543 4274 591 4319 nsi
622 4272 748 4334 iibspondi
766 4273 868 4336 quidem
886 4271 981 4321 dudum
1004 4271 1086 4321 insius
1110 4277 1136 4319 et
1159 4267 1245 4319 literas
1270 4285 1322 4322 una
1346 4285 1402 4320 cum
1420 4268 1552 4319 delineatio

197 4336 233 4393 37
250 4342 347 4390 mucia
364 4338 454 4401 ligneis
468 4342 610 4423 augustam
628 4341 662 4390 ad
680 4340 814 4403 cingerum
833 4344 897 4392 mist
935 4341 985 4392 Sed
1002 4341 1064 4406 quia
1076 4341 1187 4390 nondum
1205 4342 1254 4388 tibi
1272 4342 1339 4390 vises
1359 4355 1411 4390 assa
1429 4353 1480 4387 non
1498 4341 1551 4388 sine

196 4408 366 4459 admira'tiona
384 4412 503 4470 cognovi
522 4412 589 4460 scias
607 4410 699 4477 denuo,
715 4426 754 4460 me
773 4426 804 4460 ax
820 4401 975 4475 praescripto
994 4417 1036 4461 tuo
1055 4425 1140 4460 omnes
1159 4412 1251 4470 ligurus
1269 4425 1347 4495 quam
1365 4410 1488 4473 potuerim
1506 4421 1551 4458 ao·

198 4482 355 4530 curailsaime
371 4477 441 4552 lignp
459 4481 629 4544 inscripsisse
633 4486 658 4529 ot
681 4482 815 4544 inscriptas
837 4484 966 4547 probeque
990 4486 1133 4544 compactas
1157 4480 1188 4529 de
1211 4483 1336 4531 communi
1360 4486 1442 4528 vestra
1459 4475 1552 4528 volun·

197 4554 252 4600 tate
268 4550 409 4611 Augustam
428 4550 462 4600 ad
479 4550 619 4611 praelatum
637 4549 773 4611 Crugerum
796 4557 836 4599 sat
860 4554 909 4600 cito
928 4554 1039 4616 misisse,
1051 4565 1153 4612 ¹nempe
1177 4553 1301 4613 superiori
1319 4550 1448 4600 Decembri
1466 4561 1551 4597 menae

196 4627 257 4669 ante
274 4618 407 4668 natalitias
425 4618 508 4669 ferias.
544 4619 633 4668 Doluit
651 4621 768 4685 qnidam,
785 4620 877 4686 fateor,
897 4620 962 4669 illud
979 4619 1107 4682 nonnihil,
1130 4620 1199 4684 quod
1224 4620 1354 4682 sculpendi
1378 4618 1452 4666 labor
1468 4632 1484 4666 a
1501 4629 1549 4684 me,

196 4691 238 4739 cul
256 4689 370 4739 omnium
386 4690 467 4751 primo
487 4690 642 4738 concreditus
661 4696 721 4751 eret,
739 4692 766 4739 iu
784 4688 878 4755 alium,
897 4692 981 4740 neseio
998 4705 1087 4755 quem,
1110 4688 1247 4740 translatus
1265 4692 1327 4739 iuli:
1345 4703 1386 4737 sus
1388 4688 1506 4751 picabar,
1526 4687 1551 4737 io

195 4757 332 4810 uuanda
353 4772 484 4822 operarum
503 4773 614 4808 mearum
633 4761 681 4809 lida
699 4766 724 4809 et
741 4760 867 4808 industria
885 4761 1052 4808 subdubitans
1071 4761 1189 4821 coepisse,
1209 4763 1261 4808 slva
1281 4759 1348 4823 quod
1360 4760 1487 4820 prototypi
1504 4758 1549 4807 de·

195 4831 325 4879 formitate
342 4830 438 4884 interea
455 4828 532 4877 fueris
551 4830 673 4894 oiiensus,
691 4844 734 4879 san
753 4830 853 4895 quoda
839 4828 979 4890 acrugcrn
998 4828 1077 4878 aliter
1095 4844 1229 4893 persuasus
1247 4832 1292 4891 sis,
1319 4829 1363 4892 qui
1381 4841 1411 4875 ox
1430 4825 1475 4874 illo
1494 4828 1550 4877 rudi

195 4900 332 4963 specimine
350 4912 389 4946 ma
408 4898 518 4948 nondum
536 4901 645 4963 penitius
664 4902 790 4961 cognitum
812 4913 976 4963 praepropere
1004 4901 1145 4948 aestimarit
1171 4906 1197 4947 et
1223 4900 1252 4947 dc
1275 4913 1327 4961 ms,
1353 4898 1380 4945 in
1404 4899 1550 4948 monasticis

194 4967 295 5019 cellulis
313 4981 364 5017 non
383 4966 535 5031 sculptorum
554 4971 661 5017 oidcinls
679 4970 793 5031 educato,
812 4973 895 5018 minus
913 4972 976 5018 banc
991 4972 1116 5019 ominatos
1135 4968 1217 5018 inserit.
1248 4968 1296 5017 Sed
1314 4981 1365 5015 rrrn
1383 4967 1475 5015 rectius
1494 4981 1550 5030 per·

193 5039 316 5104 pendenti
334 5044 359 5086 et
375 5035 461 5087 literas
479 5045 572 5088 vestras
597 5038 674 5087 altius
699 5035 820 5102 repetenti
838 5041 937 5090 demum
956 5024 1076 5089 occurrit
1080 5042 1160 5088 varior
1177 5039 1299 5100 propositi
1319 5038 1394 5084 vestri
1414 5041 1438 5085 et
1458 5040 1550 5086 mutati

194 5106 297 5160 consilii
315 5122 400 5176 causa,
419 5108 515 5157 scilicet
532 5111 613 5171 operis
631 5111 774 5176 maturatio
793 5125 869 5174 qnam
887 5112 974 5175 unice,
993 5111 1137 5175 etquidem
1155 5109 1250 5172 merito,
1270 5108 1421 5156 allectabas.
1449 5112 1549 5169 propte·

193 5191 239 5232 rea
256 5175 347 5227 lubens
365 5180 474 5226 statione
492 5193 548 5227 mea
566 5179 638 5230 cessi.
675 5179 725 5229 sed
739 5183 793 5241 jam
810 5178 937 5241 longiores
955 5195 1036 5229 mores
1055 5181 1132 5228 nectit
1150 5175 1279 5243 ordgarus,
1299 5190 1375 5241 quum
1394 5190 1438 5238 ego
1457 5178 1549 5227 traxis-

193 5263 262 5308 eem,
281 5247 337 5313 vel,
364 5253 393 5296 ut
410 5261 465 5297 sum
483 5249 537 5310 ipse
555 5250 637 5311 operis
656 5261 781 5298 morarum
798 5251 1044 5313 impatientissimus,
1072 5248 1167 5295 nabore
1185 5260 1261 5295 ausus
1279 5246 1390 5295 inissem.
1427 5246 1550 5297 Nimirum

193 5317 313 5370 metim
331 5317 491 5379 tardigradaa
510 5318 616 5382 dilusus,
634 5331 686 5367 ram
704 5333 793 5368 cancro
812 5322 966 5385 commisisti,
985 5321 1094 5383 quinon
1113 5315 1548 5381 tautumaequetardaproqredia·

193 5396 249 5453 tur,
272 5387 330 5453 sed,
356 5385 424 5452 qdod
442 5390 547 5453 metuis,
571 5390 649 5437 etiam
675 5379 775 5451 prorsus
801 5390 948 5439 retrocedat.
984 5387 1064 5437 Doleo
1083 5388 1130 5434 hec
1154 5386 1181 5434 in
1195 5390 1266 5448 parts
1284 5388 1362 5434 vicem
1381 5401 1430 5438 uon
1449 5393 1547 5436 tanmm

192 5466 277 5521 mam,
295 5460 340 5522 qui
359 5458 513 5507 mechanicis
531 5460 670 5507 artiilcibus
689 5459 794 5523 idoneis,
814 5461 906 5523 quibus
924 5456 1228 5518 velmaximeindigcrcs,
1247 5456 1396 5522 destitueris,
1415 5457 1459 5506 sed
1472 5459 1548 5506 atium

192 5495 277 5580 utina’
291 5529 433 5576 matheseos
451 5532 476 5575 et
493 5533 530 5575 tot
548 5526 762 5576 nobilissimarum
786 5529 866 5576 divini
884 5529 977 5588 ingenii
995 5528 1034 5574 tul
1051 5528 1223 5574 inventionum
1241 5533 1332 5575 sortem
1350 5528 1460 5590 miseror,
1480 5541 1547 5591 quae

192 5600 263 5650 trau
280 5604 455 5648 cunctatorum
473 5599 767 5659 procrastinationibus*
761 5613 788 5648 ιιι
806 5599 925 5648 editionis
942 5611 1015 5645 cursu
1032 5596 1200 5650 retardantur
1237 5596 1312 5645 biodo
1329 5610 1382 5646 non
1399 5598 1546 5661 committes,

194 5676 223 5719 ut
242 5683 345 5733 prorsus
362 5670 501 5734 ιιιιιιιιιιι,
532 5667 602 5732 quod
619 5667 724 5724 Urania,
743 5675 788 5718 aut
805 5670 886 5729 magis
903 5666 1046 5717 Christiane
1063 5665 1190 5732 loquendo
1214 5661 1341 5731 adpensus
1358 5666 1473 5717 conditor
1489 5667 1547 5716 uui·

192 5742 260 5790 ιιιιι
275 5738 480 5803 numi-imus
497 5742 603 5788 ιιιιιιι
640 5736 755 5790 durum
778 5740 849 5806 quod
869 5740 896 5788 in
922 5750 1023 5788 aramma
1046 5733 1284 5800 conumpiationum
1304 5749 1402 5786 iiiitiiim
1420 5735 1547 5800 voluptate

1341 5825 1389 5885 41
