3684 7259
303 1255 365 1316 m
700 1239 702 1243 ’
746 1250 789 1306 Dc
805 1249 968 1323 mmmmm
986 1248 1209 1306 Harmonlotrum

301 1447 418 1502 norum,
441 1429 573 1506 adeoque
588 1428 709 1490 cuilibet
721 1430 832 1507 figurae
855 1438 965 1491 cenum
988 1434 1026 1490 sit
1048 1431 1233 1493 intervallum
1255 1433 1330 1490 iuter
1351 1447 1422 1491 auos
1443 1430 1530 1491 binos
1553 1430 1653 1490 orbes:

300 1518 372 1577 nibil
394 1516 580 1594 plausibilius
602 1517 694 1578 videri
716 1522 821 1595 potuit,
846 1538 934 1595 quam
957 1537 1008 1578 sex
1031 1520 1147 1579 illorum
1170 1519 1341 1578 coelestium
1363 1519 1477 1577 orbium
1500 1517 1656 1578 intervalla

300 1608 429 1682 quinque
457 1623 492 1664 er
520 1608 647 1681 quinque
676 1606 776 1682 liguris
805 1624 869 1666 esse
899 1606 1032 1666 desumta
1066 1625 1085 1667 a
1114 1606 1250 1666 creatore
1281 1606 1337 1665 hoc
1369 1607 1478 1679 ordine,
1508 1612 1542 1665 ut
1564 1605 1656 1665 cubus

300 1702 397 1753 mente
427 1694 609 1769 concipiatur
636 1696 710 1752 inter
747 1694 832 1753 orbes
861 1694 978 1753 Saturni
1008 1701 1039 1753 et
1066 1691 1169 1772 Joris,
1208 1692 1373 1754 tetraiidron
1406 1696 1481 1753 iuter
1510 1690 1598 1753 Jovis
1627 1699 1657 1751 et

223 1816 248 1840 ι.
301 1779 422 1852 Martis,
447 1779 648 1840 dodeca'e'dron
672 1784 746 1840 inter
768 1781 871 1840 Martis
894 1789 923 1840 et
946 1783 1069 1854 Terrae,
1100 1782 1272 1842 icosa‘e'drorr
1296 1784 1370 1841 inter
1392 1781 1518 1841 Telluris
1541 1787 1570 1840 at
1592 1778 1656 1839 Ve-

300 1869 387 1941 neris,
412 1868 568 1928 octaedron
590 1870 664 1927 inter
686 1868 808 1928 Veneris
831 1877 861 1928 et
884 1869 1028 1929 Mercurii.
1067 1877 1182 1939 (Respice
1200 1877 1232 1924 ad
1250 1875 1351 1924 schema
1367 1874 1411 1924 lib.
1431 1876 1461 1926 V.
1481 1890 1535 1938 cap.
1554 1870 1612 1937 111.)

387 1952 470 2014 Haec
493 1955 658 2015 distributio
681 1958 808 2016 numeris
832 1956 977 2031 explorari
1000 1962 1112 2034 potest,
1143 1959 1347 2017 necessitatem
1372 1957 1474 2028 infert,
1503 1970 1656 2030 corporum
1723 2015 1728 2026 ,

300 2058 451 2102 nnmerum
472 2058 532 2102 uon
556 2045 701 2119 conquirit
722 2045 819 2122 anxie,
842 2043 893 2102 sed
909 2047 1060 2105 inventum
1075 2051 1208 2120 occupat,
1233 2042 1356 2119 denique
1379 2045 1421 2103 sic
1438 2050 1482 2102 est
1504 2044 1654 2115 instructa,

301 2136 336 2203 pt
357 2130 395 2188 ab
418 2129 463 2188 his
485 2131 570 2189 annis
600 2133 705 2206 viginti
735 2129 849 2189 duobus
878 2146 937 2190 non
966 2139 1078 2192 tautum
1105 2132 1217 2190 uallum
1247 2132 1391 2190 invenerit
1414 2137 1654 2207 oppugnatorem,

299 2216 354 2278 aed
385 2213 473 2276 etiam
503 2221 583 2294 ipsos
612 2218 694 2277 Rami
724 2217 932 2278 inconsiderati
963 2222 1096 2295 magistri
1130 2227 1160 2278 et
1187 2217 1460 2293 Euclideomastigis
1499 2217 1657 2293 discipulos

301 2308 473 2382 pertraxerit
496 2305 641 2381 hodieque
664 2316 724 2364 tam
745 2305 854 2365 multos
875 2306 1036 2383 pertrabat,
1059 2314 1092 2367 ut
1110 2308 1174 2383 jam
1197 2306 1305 2365 dudum
1320 2305 1478 2366 secandam
1500 2304 1656 2365 editionem

259 2410 261 2419 ·
300 2392 499 2468 flagitavamnt
527 2392 733 2453 mathematici.
780 2392 839 2452 Sed
870 2394 905 2454 de
934 2395 989 2455 hac
1016 2412 1046 2454 re
1077 2394 1209 2470 pluribus
1242 2410 1329 2469 agere
1351 2410 1409 2452 uon
1433 2400 1478 2453 est
1499 2392 1657 2468 hujusse-

301 2479 389 2538 cundi
411 2479 495 2554 libri3
518 2483 648 2539 inveniet
669 2480 760 2541 lector
782 2480 856 2540 iufra
877 2481 953 2541 libro
976 2481 1077 2559 quinto
1099 2480 1199 2557 plura,
1222 2482 1322 2557 aliqua
1346 2481 1432 2539 etiam
1455 2482 1484 2537 in
1508 2481 1656 2556 Epitomes

303 2567 506 2627 Astronomiae
527 2566 602 2627 libro
623 2567 675 2642 IV,
699 2570 749 2628 uhi
773 2575 853 2627 ortus
877 2568 980 2628 haram
1003 2573 1132 2646 quinque
1153 2568 1311 2629 solidarum
1334 2569 1489 2643 figurarum
1511 2569 1655 2644 genuinus

302 2655 464 2732 explicatur
495 2656 711 2733 metaphysica:
741 2673 809 2714 uam
840 2655 889 2716 ille
919 2674 972 2733 por
1003 2656 1209 2734 angulatlones
1240 2673 1298 2715 non
1323 2674 1390 2716 vere
1415 2665 1495 2715 ortus
1517 2663 1575 2728 est,
1603 2654 1656 2715 aed

302 2751 381 2803 ortas
406 2744 601 2820 consequitur,
625 2751 658 2802 ut
679 2750 783 2802 natura
806 2745 952 2819 posterius
976 2744 1054 2821 quid.
1571 2812 1575 2820 ,

389 2829 509 2889 XXVI,
533 2829 628 2907 Prop
638 2832 768 2904 ositio.
800 2830 877 2890 Addi
894 2824 1017 2907 possunt
1033 2833 1230 2907 congnrentiis
1245 2830 1460 2909 perfectissimis
1475 2830 1657 2906 regularibus

243 2927 249 2945 “
302 2916 378 2978 duae
402 2920 490 2976 etiam
513 2917 589 2978 aliae
612 2919 834 2995 congruentiae,
858 2919 1007 2979 stellarum
1030 2919 1186 2980 duodecim
1207 2918 1359 2996 planarum
1388 2919 1656 2996 pentagonicarum,

302 3011 332 3065 ot
354 3005 647 3078 duaeaemisolidae,
670 3005 819 3066 stellarum
843 3007 1019 3083 octangulae
1043 3015 1073 3067 et
1096 3007 1285 3082 decangalae.

389 3087 524 3142 Claudunt
545 3089 616 3144 eninr
639 3088 834 3157 pentagonicae
856 3090 957 3144 solidas
980 3090 1079 3159 figuras
1099 3088 1235 3144 aculeatas
1254 3088 1389 3157 undique,
1422 3104 1536 3158 quarum
1555 3104 1610 3143 una
1628 3088 1659 3144 iit

302 3165 444 3221 duodecim
462 3167 622 3234 angulorum
642 3166 910 3235 quinqueliucarium‚
931 3168 1016 3223 altera
1034 3169 1128 3237 viginti
1153 3167 1311 3235 angulorum
1330 3166 1520 3234 trlliaearium3
1547 3166 1594 3221 illa
1612 3168 1658 3221 tri-

301 3246 344 3301 nis
361 3245 466 3312 augulis
484 3246 593 3311 insistit,
612 3247 680 3302 haec
698 3246 786 3314 quiuis
805 3246 898 3313 simul;
917 3244 965 3300 illa
982 3247 1121 3315 pulchrius
1140 3262 1221 3315 super
1234 3244 1362 3315 angulum
1375 3245 1494 3312 erigitur,
1512 3245 1658 3319 haecrec·

301 3326 360 3385 tius
376 3325 460 3391 sedet,
478 3325 636 3400 inbumbeus
663 3328 689 3379 iu
708 3324 812 3394 quinos.
833 3327 872 3391 (ss
891 3334 915 3377 at
932 3331 1000 3379 intra
1016 3329 1062 3378 lib.
1076 3332 1107 3378 V.
1121 3343 1176 3391 cap.
1187 3330 1207 3396 1,
1220 3330 1253 3378 Tt
1264 3330 1291 3376 in
1303 3330 1370 3389 typis
1392 3330 1476 3385 aeneis
1498 3312 1658 3392 praemissis.)

302 3404 333 3456 Iu
351 3402 394 3456 his
413 3405 462 3458 etsi
480 3405 631 3460 forinsecus
650 3422 704 3460 non
723 3408 837 3472 apparet
855 3403 979 3472 regulare
997 3405 1122 3473 planum,
1147 3403 1195 3459 sed
1222 3404 1281 3473 ejus
1299 3402 1358 3458 loco
1383 3403 1547 3473 triangulum
1566 3400 1657 3470 aequi·

303 3496 411 3536 crurum
430 3485 648 3553 pentagonicum,
668 3484 751 3552 quina
768 3489 859 3535 tamen
878 3482 1033 3551 hujusmodi
1052 3498 1159 3552 semper
1175 3484 1202 3537 in
1216 3500 1298 3537 unum
1317 3483 1440 3550 idemque
1458 3482 1569 3551 planum
1588 3498 1659 3535 com·

302 3561 430 3630 petentia,
451 3562 588 3617 occultum
607 3564 657 3617 sub
677 3559 814 3616 soliditate
833 3561 1074 3629 quinquangulum,
1094 3559 1176 3615 veluti
1192 3578 1241 3628 ,cor
1258 3578 1336 3616 suum
1354 3561 1529 3616 circumstant
1546 3559 1659 3615 faciunt·

303 3657 356 3710 qua
369 3637 442 3697 'cum
467 3658 499 3696 eo
518 3642 617 3697 dictam
644 3640 750 3697 stellam
773 3640 994 3708 pentagonicam,
1023 3655 1072 3695 seu
1094 3641 1247 3707 germanico
1265 3641 1392 3696 idiomate
1415 3640 1511 3709 pedem
1535 3640 1657 3707 Truttae,

301 3720 492 3790 Theophrasto
511 3717 655 3774 Paracelso
674 3720 779 3786 siguum
798 3717 930 3771 sanitatis.
967 3716 1033 3772 ldea
1050 3718 1171 3786 corporis
1191 3718 1388 3786 quodammodo
1406 3718 1501 3772 eadem
1520 3725 1570 3782 eat,
1589 3732 1659 3786 quae

214 3825 220 3836 ·
282 3832 284 3836 -
305 3799 451 3868 amplam,
473 3813 535 3854 uam
555 3805 585 3853 at
601 3799 629 3852 in
648 3798 712 3864 hoa,
737 3814 775 3852 sc.
793 3797 821 3851 in
839 3794 920 3861 stella
944 3795 1159 3866 quinquangnla‚
1182 3797 1305 3850 binorum
1332 3811 1439 3865 semper
1460 3794 1658 3864 triangulorum
1681 3856 1690 3866 ¹

302 3878 434 3933 laterain
453 3892 534 3930 uuam
551 3884 653 3931 rectam
673 3884 843 3944 competunt,
868 3893 939 3944 quae
957 3886 1034 3954 parte
1053 3877 1095 3929 sai
1113 3876 1240 3931 interiore
1258 3875 1290 3929 fit
1307 3874 1380 3929 basis
1403 3874 1449 3929 uni
1467 3874 1595 3928 exterimi
1612 3875 1659 3928 tri.

302 3956 409 4025 angulo,
428 3956 500 4010 latus
519 3946 583 4009 vero
602 3955 695 4010 intimo
715 3955 931 4023 quinquangnla‚
950 3956 990 4010 sio
1008 3953 1036 4009 in
1055 3956 1142 4010 solido
1161 3970 1268 4023 semper
1286 3954 1428 4021 quinorum
1447 3952 1594 4008 solidorum
1613 3970 1660 4009 au·

262 4061 267 4087 r
302 4034 428 4106 galerum
445 4032 580 4101 triangula
599 4033 705 4102 singula
723 4033 882 4101 aequiorum
901 4042 1060 4103 competunt
1083 4034 1111 4089 in
1130 4049 1209 4087 uuam
1228 4032 1380 4100 planitiem,
1407 4045 1522 4099 quorum
1540 4031 1660 4101 quinque

304 4113 502 4181 triangulorum
520 4128 568 4168 seu
588 4113 683 4168 stellae
701 4112 796 4166 intima
813 4112 932 4172 medulla
951 4120 977 4166 et
991 4130 1045 4181 cor,
1064 4110 1305 4181 quinquangulum,
1325 4110 1355 4164 fit
1368 4110 1442 4164 basis
1459 4109 1486 4162 in
1498 4125 1553 4164 uua
1566 4125 1659 4180 super·

303 4193 401 4249 stantis
420 4191 511 4260 auguli
529 4191 616 4259 solidi,
635 4190 678 4244 vel
696 4191 724 4245 in
742 4190 836 4256 altera,
858 4193 1071 4261 superstantium
1092 4190 1209 4260 quinque
1221 4189 1375 4245 solidorum.
1406 4189 1463 4251 ¹Est
1481 4194 1571 4242 autem
1583 4196 1660 4248 anta

303 4271 428 4340 cognatio
448 4268 595 4340 figurarum
613 4271 716 4332 harum,
735 4269 816 4323 unius
835 4286 896 4324 cum
915 4269 1100 4340 dodecaedro,
1119 4265 1231 4324 alterius
1251 4284 1311 4322 cam
1329 4267 1484 4329 icosaedro,
1503 4270 1534 4320 ut
1551 4264 1659 4322 ridean-

302 4355 348 4404 tur
361 4347 426 4413 hae,
444 4348 604 4418 praesertim
623 4343 818 4415 dodeca‘edro'n,
837 4351 935 4403 trunca
952 4346 1151 4417 quodammodo
1171 4353 1202 4408 et¹
1215 4345 1318 4410 mutila,
1337 4344 1360 4398 si
1377 4360 1443 4398 oum
1455 4343 1509 4398 illia
1527 4344 1659 4398 ualeam
1736 4357 1741 4364 ·

303 4431 500 4496 comparentur.
1339 4431 1343 4441 ·

326 4529 328 4534 ·
390 4504 558 4573 Octangulae
575 4520 639 4559 vero
662 4512 690 4559 et
708 4503 873 4575 decangulae
891 4506 988 4570 stallae
1004 4506 1135 4561 lateribus
1152 4519 1269 4559 suorum
1287 4501 1438 4570 radiorum,
1466 4516 1535 4571 quae
1553 4517 1662 4571 sempor

300 4588 330 4643 in
348 4587 434 4656 primo
454 4594 487 4658 st
499 4591 603 4653 quarto,
623 4584 728 4639 duobus
741 4585 871 4652 transitis,
891 4592 1044 4655 congruunt
1061 4585 1088 4639 in
1102 4599 1182 4640 unam
1195 4590 1303 4649 rectam,
1323 4579 1403 4637 binae
1415 4596 1523 4650 semper
1541 4580 1567 4635 et
1580 4580 1661 4637 binae

303 4672 455 4732 congruunt
472 4659 629 4731 faciuntque
648 4665 746 4718 cubum
764 4661 827 4716 illae
846 4664 988 4732 quendam.
1007 4664 1059 4717 hae
1078 4661 1266 4718 dodecaeoron
1287 4661 1432 4731 quoddam,
1451 4677 1506 4715 non
1518 4661 1661 4728 angulatas

305 4744 353 4801 sed
374 4743 540 4800 aunculatas
557 4743 671 4812 figuras,
692 4744 755 4811 quia
774 4742 879 4797 duobus
897 4743 987 4812 planis
1006 4741 1272 4817 augulisgcoaptatis,
1290 4740 1393 4794 hiatum
1411 4739 1592 4811 fierinecesse
1611 4744 1662 4797 est,

304 4822 351 4891 qui
369 4821 465 4898 claudi¹
478 4837 533 4876 non
550 4828 650 4891 potest.
688 4821 762 4890 Ergo
780 4837 829 4889 per
850 4824 888 4878 11.
908 4822 1065 4878 semisolida
1082 4830 1188 4877 tantum
1207 4825 1249 4874 est
1267 4817 1452 4887 congruentia.

392 4900 609 4955 Perfectissimae
632 4899 760 4954 dicuntur
784 4902 978 4970 'congruentiae
1002 4901 1064 4954 illae
1092 4900 1208 4963 solidae,
1231 4899 1284 4951 hae
1302 4895 1485 4966 semisolidae,
1512 4896 1576 4964 quia
1594 4894 1661 4965 ipsis

307 4979 440 5048 competit
458 4981 483 5035 6.
503 4978 621 5036 delinitio
640 4978 723 5046 hujus
742 4976 803 5032 libri
821 4979 910 5047 quoad
929 4977 1099 5046 soliditatem,
1118 4977 1284 5047 planitiebus
1303 4991 1365 5029 raro
1384 4975 1451 5045 ipsis
1470 4974 1600 5044 competit
1617 4973 1662 5028 de.

303 5056 390 5112 linitio
409 5056 510 5127 figurae
529 5053 674 5127 perfectae,
692 5071 762 5126 quae
782 5065 824 5112 est
841 5057 909 5110 libro
925 5059 944 5111 Ι.
965 5057 1092 5126 secunda,
1112 5063 1176 5112 sunt
1194 5073 1231 5110 sc.
1248 5056 1406 5110 secundario
1425 5056 1574 5125 perlectae.
1605 5054 1663 5108 Nec
1745 5115 1748 5120 ,

304 5137 422 5194 absurda
441 5135 562 5205 dicimus,
583 5136 765 5190 semisolidam
785 5135 1018 5204 perfectissimam,
1036 5136 1100 5203 quia
1117 5134 1253 5188 innuimus
1271 5133 1392 5187 inchoari
1411 5132 1525 5201 aliquid,
1544 5134 1588 5187 cui
1607 5146 1663 5186 uon

304 5217 327 5271 9.
347 5214 390 5269 rel
410 5219 464 5282 lta,
484 5216 532 5269 sed
551 5214 595 5269 cni
614 5216 637 5269 6.
658 5214 711 5269 dei.
732 5219 909 5283 competeret,
929 5214 952 5267 si
970 5213 1186 5281 perfici-posset.

391 5288 526 5348 XXVII.
551 5290 793 5365 Propositio.
841 5289 1012 5364 Congruunt
1042 5288 1190 5346 etiamad
1218 5286 1388 5346 solidandas
1409 5287 1518 5362 figuras
1542 5289 1663 5350 samue·

304 5377 422 5457 gulares
444 5377 567 5456 figurae,
589 5379 702 5438 scilicet
723 5376 836 5435 rhombi
858 5377 949 5453 plani,
972 5376 1180 5453 perfectissime
1205 5376 1291 5450 idque
1315 5383 1427 5433 tantum
1450 5376 1505 5436 bis.
1535 5410 1537 5413 >
1584 5399 1588 5406 ·

391 5461 461 5516 Nam
481 5476 515 5513 ex
535 5462 568 5515 tt
587 5460 674 5530 planis
693 5458 931 5523 rhombis,'certae
948 5457 1132 5534 proportionis
1151 5458 1344 5526 diagonioram,
1363 5458 1394 5511 fit
1406 5457 1537 5511 rhombus
1549 5457 1664 5528 solidus·

306 5539 397 5606 ligura
414 5536 530 5592 cellulae
548 5538 684 5608 apiarius,
703 5545 834 5607 quantum
851 5539 887 5596 ad
905 5537 992 5593 latera
1009 5553 1058 5592 aex
1077 5545 1104 5592 et
1122 5535 1234 5590 fundum
1254 5535 1447 5605 triangularem
1465 5534 1597 5604 solidum
1615 5549 1664 5600 sep

306 5618 377 5672 euim
395 5616 502 5673 rhombi
521 5625 702 5685 congruentes
721 5617 766 5673 sic,
785 5627 817 5672 ut
833 5617 925 5672 obtusi
943 5615 1064 5681 obtusis,
1089 5614 1161 5669 acuti
1178 5614 1266 5669 acatis
1285 5615 1468 5684 applicentur,
1487 5620 1544 5684 tres
1560 5615 1666 5670 habent

312 5692 510 5765 obtusangalos
526 5694 702 5766 bimestres
720 5697 801 5752 auam
819 5695 896 5766 paria
907 5699 1049 5752 acutorum
1065 5694 1297 5766 exsundnupra
1308 5692 1475 5769 trifidamque
1486 5691 1566 5760 iutra
1578 5694 1666 5784 ¹Cau·
