3684 7259
780 1248 863 1305 Liber
879 1246 928 1305 ni
947 1249 1036 1321 Caput
1052 1248 1110 1305 XV.
1320 1298 1323 1304 .
1560 1210 1624 1316 4οι

245 1440 250 1483 t
277 1436 390 1486 motum
412 1431 600 1503 eontrarium3
631 1430 785 1487 stationem
809 1445 894 1502 rere,
922 1426 955 1508 ιιι
978 1446 1037 1505 qua
1060 1429 1220 1488 canebatur
1242 1427 1366 1506 epodos,
1398 1429 1468 1488 viee·
1485 1430 1621 1506 ιιιιιριιιι

278 1514 385 1574 Τιιιιι
408 1516 504 1578 luisse,
550 1518 589 1575 rit
610 1516 802 1592 Pythagoras,
827 1520 876 1593 qui
900 1522 1012 1590 septem
1036 1516 1159 1575 chordas
1182 1517 1263 1594 lyrae
1286 1514 1324 1574 ad
1347 1531 1496 1575 numerum
1517 1515 1622 1596 piane·

277 1593 372 1660 tarum
394 1611 506 1679 septem
530 1604 693 1675 ordinavit,
726 1603 841 1662 videtur
868 1606 967 1680 potius
997 1601 1035 1662 ad
1063 1603 1198 1679 planetas
1231 1602 1394 1687 respexisse
1418 1602 1563 1679 vultuque
1585 1603 1625 1666 ad

276 1690 425 1749 meridiem
449 1708 547 1764 verso,
576 1688 691 1749 dextras
715 1697 811 1767 partes
834 1693 862 1747 in
887 1692 997 1750 oriente
1024 1687 1152 1763 locasse,
1189 1701 1222 1750 ut
1246 1693 1287 1750 iia
1311 1689 1413 1750 directi
1436 1687 1573 1779 planetae
1593 1694 1627 1752 et

276 1778 308 1833 in
329 1779 468 1836 orientem
492 1778 581 1837 delati
604 1777 741 1852 strophen
772 1778 992 1851 adumbrarent,
1023 1777 1184 1853 retrogradi
1212 1775 1431 1855 antistropham,
1459 1775 1623 1838 stationarii

245 1941 249 1947 .
276 1864 389 1948 epodon
413 1883 464 1924 seu
488 1874 613 1925 stantem
636 1864 763 1925 chorum.
807 1865 855 1924 Ita
877 1863 969 1938 euim,
1000 1867 1075 1926 sicut
1102 1864 1206 1924 iisdem
1236 1868 1311 1924 inest
1340 1864 1465 1942 planetis
1490 1853 1624 1937 dicatio,

275 1951 497 2028 retrogradatio,
521 1955 618 2025 statio,
643 1955 685 2012 sic
707 1955 795 2012 etiam
817 1951 895 2011 idem
918 1952 1023 2012 chorus
1047 1960 1100 2028 est,
1123 1954 1174 2029 qui
1190 1952 1230 2013 ad
1244 1951 1371 2027 dextras,
1395 1956 1446 2029 qui
1469 1960 1498 2012 et
1521 1951 1559 2013 ad
1581 1954 1625 2012 ιι-

274 2041 380 2097 nistras
404 2042 433 2113 it,
457 2049 486 2099 et
509 2043 559 2116 qui
582 2047 648 2098 stat.

360 2127 435 2185 Nam
457 2131 482 2185 si
505 2126 666 2186 voluissent
689 2129 792 2186 musici
813 2126 860 2184 iiii
879 2134 1098 2203 repraesentare
1112 2128 1277 2185 ‘stationem
1299 2125 1443 2200 Telluris
1464 2142 1526 2186 non
1588 2142 1626 2186 ιιι

246 2252 249 2258 -
274 2213 313 2271 ad
336 2214 392 2272 hoc
414 2215 517 2272 luisset
538 2224 621 2290 parte
645 2223 756 2285 cantus,
781 2231 857 2289 quae
880 2222 1033 2274 caneretur
1055 2220 1151 2273 stante
1172 2212 1306 2285 choro,
1293 2231 1356 2289 Jam
1379 2221 1468 2273 antea
1484 2142 1623 2445 ἐι.

245 2319 248 2324 ’
274 2301 402 2376 chorago
418 2304 559 2360 stantem
573 2301 670 2360 medio
693 2303 882 2378 suppetiisset
904 2297 965 2359 iliis
980 2304 1071 2360 instar
1093 2302 1166 2360 ιιιιι
1181 2300 1360 2360 luculentum
1383 2303 1490 2360 stantis
1596 2317 1613 2359 e

273 2388 313 2445 Αι
337 2406 401 2447 cum
426 2387 551 2466 Apollo,
582 2377 726 2463 choragns
747 2387 797 2446 ille
820 2388 972 2447 Musarum
996 2388 1090 2461 chori,
1119 2391 1214 2465 puetis
1244 2405 1302 2447 non
1325 2387 1445 2448 Terram
1468 2377 1622 2463 ιιιιιιιιι,

245 2503 249 2509 -
273 2475 325 2534 sed
348 2476 463 2547 Solem,
492 2494 528 2535 ue
551 2478 581 2533 iu
605 2476 732 2557 chorago
756 2474 872 2552 quidem
900 2484 998 2537 stante
1021 2492 1159 2552 expressa
1189 2476 1279 2536 fuisse
1302 2473 1418 2535 videtur
1439 2477 1534 2556 statio
1550 2473 1624 2534 'lei-

271 2561 359 2638 Iuris;
390 2564 482 2622 multo
506 2566 582 2622 enim
605 2562 791 2622 verisimilius
815 2571 873 2636 est,
903 2564 959 2623 hae
982 2563 1101 2640 ehoragi
1124 2562 1222 2638 quiete
1245 2562 1437 2644 significatam
1462 2580 1527 2623 esse
1549 2563 1622 2621 ιιιιι-

244 2650 431 2739 ,plicitatem
456 2660 552 2710 motus
575 2650 652 2710 Solis
674 2650 761 2708 medii
787 2653 862 2709 iuter
884 2650 1033 2727 planetas,
1063 2650 1195 2728 epicyeio
1227 2658 1371 2711 carentem
1400 2668 1455 2711 nee
1475 2658 1623 2726 retrogra-

272 2729 383 2796 datioui
408 2738 450 2796 iili
473 2738 656 2815 planetamm
679 2738 854 2797 obnoxiam:
879 2748 911 2797 ut
933 2741 974 2798 ita
996 2745 1060 2797 tota
1082 2737 1163 2797 chori
1177 2738 1267 2799 iacies
1290 2739 1374 2802 unice
1395 2737 1434 2798 ad
1457 2737 1570 2798 coelum
1594 2746 1624 2797 et

271 2823 404 2900 planetas
427 2827 575 2897 reseratur,
599 2825 766 2885 nuliatenus
789 2826 826 2883 ad
840 2826 979 2885 Terram.
1025 2825 1153 2886 Tantum
1175 2826 1263 2901 igitur
1286 2825 1323 2915 de
1337 2824 1543 2901 multiplicium
1566 2821 1622 2884 va·

271 2914 425 2985 rietatum,
457 2930 533 2989 quae
556 2915 656 2972 insunt
679 2915 707 2972 in
731 2912 912 2987 singulorum
934 2911 1119 2990 planetarum
1140 2906 1298 2986 motibus,
1314 2914 1533 3031 comparatione
1555 2929 1623 3005 cum

272 3002 359 3059 rebus
382 3003 501 3059 musicis
524 3000 630 3060 dixisse
653 2984 857 3070 sutfieiatss)

244 3153 248 3159 ·
341 3116 453 3170 Notal.
489 3117 531 3170 De
548 3116 602 3169 hoc
619 3132 728 3183 quoque
747 3117 835 3186 eapite
854 3116 929 3171 solus
948 3116 1043 3172 titulus
1061 3123 1103 3171 est
1120 3114 1284 3183 Ptolemaei,
1304 3122 1395 3171 cetera
1411 3131 1472 3172 mea
1490 3124 1554 3172 suut
1585 3118 1624 3206 ιιι

271 3194 378 3263 quidem
397 3196 558 3264 composita,
587 3196 639 3261 uti,
664 3203 793 3263 quantum
814 3213 846 3249 ex
865 3195 1087 3252 antecedentibus
1113 3195 1221 3289 assequi
1241 3194 1403 3264 conjectura
1415 3193 1507 3264 potui,

271 3289 364 3327 mneos
383 3274 441 3342 ipse
459 3272 657 3342 compositums
675 3271 736 3327 fuit
771 3274 841 3328 Nam
858 3275 999 3340 tractatio,
1025 3276 1140 3345 quaein
1159 3261 1601 3356 ιιιιςιιιιιιιιιιιιιιιιιιιιιιιιΡ

270 3354 461 3421 manuscriptis
480 3353 584 3422 graecis
603 3351 682 3406 titulo
701 3354 826 3421 subjecta
850 3362 906 3421 est,
935 3353 1043 3423 penitus
1066 3354 1133 3408 nihii
1152 3352 1248 3418 habet,
1274 3350 1347 3430 quod
1364 3337 1446 3426 ἰἰιιιιι
1464 3352 1562 3423 capitis
1577 3349 1621 3407 ιι·

272 3432 416 3500 spondeat:
436 3428 530 3500 quod
529 3445 642 3499 operose
660 3430 854 3486 demonstrarit
871 3431 997 3488 Barlaam
1021 3432 1182 3487 monachus
1189 3392 1299 3487 libello¹¹
1293 3433 1422 3502 meso,
1445 3432 1523 3501 crrjus
1542 3445 1625 3512 supra

271 3512 352 3565 etiam
371 3511 443 3565 iacta
461 3519 504 3565 est
521 3510 630 3587 mentio.
1639 3510 1643 3513 ’

356 3615 430 3669 Νοιι
442 3614 477 3668 Π.
513 3613 604 3680 Vides,
624 3613 770 3683 praescribi
788 3612 976 3669 tantummodo
995 3610 1143 3683 problema,
1162 3613 1334 3683 propositum
1351 3614 1436 3671 veluti
1460 3640 1463 3660 2
1475 3639 1480 3662 ι
1493 3602 1521 3654 ·¹¹=
1537 3641 1550 3685 ι,
1572 3641 1610 3663 a:
1631 3641 1634 3648 -

271 3694 344 3763 quod
363 3711 397 3747 ne
417 3693 526 3761 quidem
543 3692 652 3761 attingit
670 3692 898 3760 comparationem
920 3691 1051 3761 aliquam:
1074 3691 1123 3747 sed
1146 3691 1237 3752 adhuc
1258 3693 1330 3748 intra
1353 3701 1431 3763 septa
1449 3683 1558 3765 erlis,
1585 3718 1606 3738 ι·

270 3774 460 3828 astronomiae.
485 3772 637 3827 Dubitari
629 3772 713 3842 rgitur
730 3778 830 3862 potest,
849 3787 883 3824 an
901 3770 1075 3826 Ptolemaeus
1093 3770 1145 3825 hoe
1163 3771 1253 3841 capite
1267 3774 1446 3841 comparatio
1459 3792 1501 3835 tp,
1520 3773 1598 3839 ,noh
1706 3839 1709 3844 .

270 3852 387 3943 aliquam
406 3852 488 3906 suerit
505 3851 686 3920 instituturus,
706 3860 734 3905 et
755 3851 778 3906 ιι
796 3858 885 3906 motus
903 3850 1074 3933 planetarum
1093 3858 1300 3920 comparaturus
1319 3858 1378 3907 erat
1404 3849 1464 3905 reb
1477 3844 1489 3927 ζ
1511 3846 1523 3897 i
1536 3850 1623 3921 ¹micio,

270 3931 377 3985 cuinam
398 3931 479 3997 igitur
496 3930 568 3999 parti
586 3946 675 3984 rerum
694 3927 910 3985 harmonicorum
929 3927 976 3984 eas
996 3944 1152 3998 comparare
1170 3925 1299 3998 voluerit,
1321 3945 1385 3986 cum
1402 3930 1431 3986 id
1448 3919 1504 3986 non
1520 3913 1623 3994 sidtu

269 4006 296 4060 iu
325 4008 421 4077 titulo,
450 4006 530 4076 quod
550 4008 656 4063 solebat
685 4009 831 4075 hactenus,
859 4022 909 4063 nec
933 4015 1019 4064 restet
1049 4006 1135 4063 nilum
1160 4017 1243 4075 caput
1270 3972 1445 4066 h¹armonieae
1471 3993 1623 4077 docmuad,

270 4087 344 4154 quod
361 4103 416 4139 nou
431 4086 487 4154 jam
507 4093 587 4143 antea
604 4086 686 4164 fuerit
704 4087 883 4142 absumtum'
875 4105 903 4141 m
922 4087 1014 4156 capita
1031 4103 1120 4141 rerum
1139 4086 1383 4141 astronomicarum
1402 4091 1565 4154 comparata

359 4183 428 4250 Quia
445 4192 536 4237 tamen
561 4184 753 4253 proportiones
772 4191 894 4238 motuum
913 4199 1044 4253 quaerere
1071 4182 1245 4251 numerisque
1263 4182 1415 4251 exprimere
1432 4181 1530 4237 titulus
1547 4179 1623 4235 insti·

268 4262 329 4328 tuit,
349 4261 481 4328 suspicari
497 4278 643 4331 possumus
663 4263 697 4317 de
714 4262 906 4327 consonantiis,
927 4262 991 4330 quia
1009 4269 1037 4316 et
1053 4260 1105 4316 hae
1124 4259 1317 4315 consistuntin
1334 4258 1555 4330 proportionibus
1573 4274 1622 4313 uu·

270 4338 458 4402 merabiiibus,
485 4350 513 4393 et
532 4341 595 4408 quia
613 4340 680 4396 nihil
699 4342 824 4411 impedit,
850 4341 944 4396 eadem
962 4342 1054 4410 capita
1068 4339 1240 4396 harmonicas
1259 4342 1301 4400 bis
1318 4337 1480 4411 comparari:
1506 4334 1623 4406 primurn

242 4421 248 4476 i
270 4416 461 4473 coelestibus
453 4434 481 4471 ιιι
500 4422 716 4487 generantia
735 4419 869 4489 capitibus
887 4420 1126 4487 antecedentibus,
1149 4420 1248 4475 iterum
1265 4419 1293 4474 in
1312 4418 1445 4488 capitibus
1464 4412 1563 4474 abhinc
1579 4428 1621 4470 sc·

243 4544 246 4549 .
271 4497 429 4586 questibus,
453 4497 569 4566 planetis
588 4499 708 4567 singulis.
744 4498 797 4554 Ubi
816 4497 979 4567 notandum,
997 4498 1070 4567 qnod
1088 4498 1213 4553 binomm
1230 4497 1301 4554 inter
1319 4512 1349 4552 se
1367 4502 1490 4551 motuum
1508 4485 1620 4563 propor-
1636 4498 1641 4514 ²

269 4575 358 4629 tiones
378 4577 403 4628 ri
422 4592 564 4630 causarum
582 4578 746 4632 moventium
764 4576 924 4650 plerumque
942 4576 997 4631 sint
1013 4575 1166 4633 ineffabiles
1177 4575 1305 4645 ιιιιιιιιιι,
1323 4581 1412 4631 motus
1427 4565 1534 4629 scilieet
1550 4571 1622 4634 inter

241 4698 243 4701 .
269 4670 300 4709 ae
319 4672 402 4710 causa
419 4656 565 4710 celeritatis
585 4666 612 4711 ιι
630 4656 769 4711 tarditatis
787 4654 1082 4711 incommensurabiles

358 4751 410 4817 Qui
430 4751 552 4806 deiectus
572 4769 633 4806 cum
651 4751 791 4821 impediat,
812 4767 865 4820 quo
881 4752 971 4808 minus
990 4758 1079 4809 motus
1097 4769 1160 4809 eum
1177 4748 1325 4820 phthongis
1343 4717 1496 4819 systematis
1514 4762 1622 4817 comos-

269 4835 372 4895 rentur,
392 4830 492 4898 quippe
509 4830 538 4884 hi
556 4845 649 4885 omnes
666 4833 738 4885 inter
755 4845 786 4886 se
805 4831 1063 4888 commensurabiles
1081 4838 1158 4887 suut:
1176 4830 1246 4885 haee
1261 4829 1346 4898 igitur
1363 4842 1447 4884 eausa
1463 4824 1622 4882 iuit'Ptola·

271 4920 359 4970 mace,
380 4924 435 4974 cur,
456 4924 526 4975 quae
540 4908 686 4963 ineffabilia
704 4917 775 4976 sunt,
794 4907 871 4962 effari
889 4912 1037 4967 tentaverit
1053 4928 1103 4981 per
1121 4924 1256 4968 numeros.
1275 4908 1318 4964 Ex
1336 4921 1391 4976 quo
1411 4904 1492 4975 datur
1503 4904 1623 4974 intelligi

270 4984 401 5053 amplius:
420 4995 538 5042 autnon
558 4997 699 5043 accuratas
717 4988 771 5042 hoe
789 4987 877 5055 eapite
896 4990 990 5055 quaeri
1005 4997 1127 5044 motuum
1143 4988 1342 5058 proportiones,
1361 4984 1409 5042 sed
1426 5000 1477 5054 pro
1488 4981 1560 5040 reris
1578 4998 1623 5039 ac·

271 5065 375 5133 ceptari
392 5065 462 5132 iilas,
482 5067 639 5132 quaereris
658 5074 779 5119 motuum
796 5068 1019 5135 proportionibus
1037 5069 1266 5138 appropinquant,
1283 5064 1402 5119 numeria
1420 5060 1557 5130 affabiles,
1575 5067 1623 5116 aot

241 5183 245 5193 .
270 5146 298 5199 iu
315 5160 413 5213 magna
430 5146 523 5212 ahqua
540 5152 660 5199 motuum
679 5144 804 5198 binorum
821 5144 993 5214 planetarum
1006 5148 1163 5212 νιιιιιιιιιι,
1182 5161 1262 5214 quam
1280 5144 1403 5211 sequitur
1419 5139 1623 5197 innumerabilia

270 5226 477 5294 proportionum
494 5223 648 5290 multitudo,
668 5238 761 5277 omnes
778 5222 848 5292 illas,
868 5240 938 5291 quae
951 5242 1011 5280 cum
1029 5225 1193 5282 harmonicis
1206 5223 1370 5292 coincidunt,
1389 5220 1523 5278 eruendas
1540 5221 1623 5290 inque

241 5337 245 5346 ·
271 5311 447 5371 conspectum
466 5302 594 5356 locandas
613 5301 709 5369 luisse,
728 5308 758 5355 ut
776 5309 894 5373 pateret,
919 5321 1047 5361 omnesne
1065 5306 1222 5360 harmoniae
1241 5304 1359 5357 omnium
1377 5301 1548 5371 planetarum
1565 5313 1622 5353 mo·

270 5381 345 5438 tibus
363 5383 433 5436 inter
450 5398 480 5436 se
499 5383 661 5451 comparatis
678 5381 873 5476 respondeant,
901 5399 936 5438 au
954 5377 1046 5440 cenae
1070 5382 1226 5439 harmoniae
1244 5382 1356 5480 seorsim
1374 5389 1510 5439 certorum
1524 5378 1621 5451 plane·

271 5469 360 5516 tarum
376 5462 514 5517 motibus?

357 5559 416 5614 Nec
434 5559 551 5614 obscura
569 5563 611 5613 est
629 5558 765 5626 emphasis
783 5556 927 5611 locutionis
945 5557 1081 5626 hujusr'
1070 5574 1202 5627 quonam
1219 5565 1301 5628 pacto
1320 5558 1380 5628 quis
1398 5556 1551 5625 sumserit»,
1567 5553 1622 5615 hoe

271 5637 408 5706 indicans,
435 5638 463 5691 id
481 5636 554 5704 quod
573 5651 680 5691 sumere
697 5637 868 5691 Ptolemaeus
885 5635 1058 5706 intendebat,
1084 5637 1192 5692 omnino
1211 5636 1322 5693 difficile
1340 5643 1367 5692 st
1383 5634 1545 5714 perplexum
1560 5651 1624 5694 esse
1709 5651 1716 5664 “

271 5724 375 5788 sumtu,
401 5733 451 5774 sen
469 5719 535 5786 quia
550 5715 624 5774 medi
642 5717 783 5775 sunnonis
802 5714 882 5787 rarii,
909 5715 1043 5784 seuquia
1059 5714 1088 5771 iu
1105 5715 1219 5787 nugulis
1236 5716 1394 5783 inconstans
1410 5722 1534 5786 motuum
1544 5715 1621 5773 ,ιιιι-

1402 5807 1473 5871 26*-
