3684 7259
655 1271 907 1337 nmonomono.
943 1269 1031 1330 nno
1042 1228 1081 1325 1(
1474 1279 1533 1339 101
1587 1349 1592 1366 Δ,

186 1449 347 1519 Βωιαιιςιιϋ
366 1465 437 1520 sero,
457 1449 576 1506 mntenti
597 1448 647 1508 sub
664 1446 714 1502 tali
731 1445 803 1502 linea
820 1461 890 1501 nona
907 1453 935 1501 et
954 1447 1005 1502 snb
1023 1443 1155 1512 classone,
1176 1444 1281 1515 species
1299 1446 1389 1505 adhuc
1407 1450 1536 1518 remotior

187 1530 249 1596 enit3
277 1544 341 1584 area
359 1544 423 1584 nero
441 1527 587 1598 pentagoni
605 1526 656 1580 erit
674 1526 699 1580 ci
717 1525 983 1594 commensurabilis,
1011 1522 1113 1579 sufficet
1129 1528 1161 1577 ut
1179 1523 1195 1577 5
1219 1522 1254 1577 ad
1272 1523 1303 1590 2,
1329 1543 1412 1596 qnare
1431 1529 1535 1601 etipsa

187 1609 239 1664 erit
255 1608 357 1678 speciei
374 1606 444 1663 adeo
462 1613 590 1662 remotae.
628 1604 672 1660 Sic
690 1603 763 1664 latus
782 1602 911 1671 decagoni
930 1603 993 1668 FG,
1011 1602 1126 1658 'ductum
1144 1601 1172 1655 in
1190 1616 1266 1657 suam
1284 1605 1534 1674 perpendicularem

186 1704 221 1743 ex
238 1694 341 1753 centro,
359 1686 426 1743 iacit
444 1685 556 1757 duplum
574 1684 648 1742 ΕΑΘ
664 1684 750 1754 partis
768 1682 887 1738 dammae
907 1682 941 1737 de
956 1681 1041 1752 planu
1059 1680 1235 1750 decagouico,
1252 1680 1280 1735 id
1299 1691 1439 1739 estunam
1457 1686 1534 1754 quin·

185 1774 248 1821 tam
284 1767 337 1822 Est
354 1782 418 1822 roro
435 1766 484 1822 Fe
501 1771 627 1835 apotome
646 1768 744 1831 quarta
761 1769 789 1817 et
805 1761 1040 1832 perpendicularis
1062 1777 1096 1817 ex
1116 1766 1209 1817 centro
1228 1760 1255 1814 in
1271 1760 1345 1817 illam
1362 1771 1455 1832 potest
1473 1766 1533 1834 ejus
1637 1756 1645 1773 ⁶

187 1852 283 1913 quarta
299 1852 379 1914 purte
396 1844 485 1900 minus
503 1857 582 1914 qnam
601 1839 807 1897 semidiameter.
844 1840 881 1895 At
899 1842 938 1911 ei,
966 1842 1039 1912 qnod
1057 1847 1099 1896 est
1117 1841 1151 1896 ab
1174 1845 1315 1911 apotome,
1342 1841 1482 1898 anferatur
1499 1843 1533 1898 ab

185 1938 227 1992 eo,
246 1924 319 1993 quod
337 1922 433 1980 catab
451 1903 570 1991 effabili,
587 1921 668 1989 linea
684 1935 757 1988 qnae
774 1919 913 1975 residuum
931 1925 1037 1990 potest,
1058 1917 1090 1973 tlt
1107 1932 1192 1973 novae
1210 1920 1310 1988 speciei
1327 1920 1400 1975 rrltro
1417 1924 1531 1978 recensi·
1643 1923 1646 1928 '

183 2019 243 2071 ως
261 2014 289 2060 et
306 2004 330 2060 si
348 2004 412 2061 talis
428 2003 502 2062 linea
519 2019 581 2059 cum
598 2009 726 2071 apotome
743 2000 824 2057 iacnt
842 1997 1044 2069 rectangnlum,
1066 1997 1204 2054 illuderit
1222 1999 1321 2068 speciei
1340 1999 1429 2056 adhuc
1446 2016 1532 2055 remo·

185 2082 262 2137 tioria
281 2090 309 2137 et
328 2100 389 2138 cnm
409 2100 440 2138 eo
460 2083 540 2138 etiam
560 2079 731 2152 quintuplum
738 2075 742 2090 ''
749 2080 824 2150 ejus,
843 2097 880 2137 sc.
899 2094 964 2162 area
981 2078 1120 2148 decagoni.

271 2162 396 2232 Denique
421 2178 482 2217 cnm
504 2161 644 2216 semilatus
664 2158 793 2229 decagoni
817 2159 853 2215 sit
880 2165 1008 2229 apotome
1026 2164 1135 2229 quarta,
1163 2158 1285 2228 potentio
1302 2174 1365 2214 uero
1393 2166 1532 2231 apotomes

184 2246 299 2296 extensa
317 2237 466 2295 seeundum
483 2239 644 2295 diametrum
663 2229 806 2306 (stabilem
827 2230 1004 2307 longitudine)
1021 2236 1104 2306 faciat
1118 2236 1297 2306 latitudinem,
1316 2245 1459 2306 apotomen
1476 2240 1531 2307 pri·

182 2332 262 2385 mam,
282 2316 386 2374 scilicet
403 2319 528 2388 sagittam
546 2316 667 2372 decimae
685 2316 773 2386 partis
791 2316 898 2372 circuli:
916 2315 989 2372 latus
1009 2324 1083 2372 certe
1095 2316 1227 2386 icosigoui
1244 2323 1335 2386 potest
1353 2323 1381 2372 et
1393 2317 1531 2374 semilatus

183 2395 322 2467 dungoni,
340 2403 484 2467 apotomen
503 2402 635 2467 quartam,
653 2401 682 2450 et
698 2394 769 2451 hanc
781 2395 918 2465 sagittam,
939 2403 1083 2466 apotomen
1095 2394 1217 2465 primam.
1253 2394 1367 2450 Planum
1385 2410 1447 2450 vero
1460 2412 1530 2450 com-

183 2475 301 2544 positum
320 2491 354 2529 ex
372 2476 505 2546 apotomis
524 2475 691 2531 diremsrnm
709 2474 860 2544 specierum
879 2489 967 2546 eoque
984 2472 1306 2541 incommensurabilibus,
1335 2474 1436 2544 poterit
1455 2475 1530 2531 nulla

183 2555 254 2610 linea
271 2555 347 2625 prius
366 2543 575 2621 recensitarum⁸
592 2553 640 2608 sed
660 2553 751 2623 aliqua
768 2553 849 2623 plane
867 2567 953 2607 novae
971 2552 1072 2623 speciei
1089 2565 1177 2622 coque
1196 2558 1223 2605 et
1241 2550 1417 2622 ignobilioris.
1527 2547 1530 2552 ‘

162 2641 169 2663 ¹
269 2634 378 2701 Quanto
396 2633 483 2702 magis
500 2632 528 2687 id
548 2631 681 2687 obtinebit
698 2632 726 2686 in
743 2639 1004 2701 tessaracontagonc
1023 2639 1050 2689 et
1068 2632 1166 2688 ceteris
1184 2632 1266 2701 hrnjus
1286 2629 1401 2687 classis?

268 2725 381 2786 XLIV.
404 2725 632 2803 Propositio.
677 2722 971 2801 Pentelaedecagoni
1003 2725 1124 2801 ejusque
1148 2722 1298 2788 stellarum
1320 2721 1429 2798 latera,
1459 2732 1531 2800 puta

182 2815 340 2874 subtonsue
364 2818 382 2872 ll
407 2813 454 2873 vol
478 2815 497 2871 4
521 2811 568 2871 vel
593 2817 609 2870 'l
634 2811 839 2888 quindecimis,
862 2813 1068 2888 geometricam
1092 2809 1209 2888 quidem
1231 2810 1454 2886 descriptionem
1475 2810 1531 2883 ba·

182 2904 266 2975 bent,
295 2900 348 2961 sed
369 2916 427 2961 non
452 2908 534 2961 extra
555 2898 721 2974 circulump
739 2908 768 2959 et
797 2901 826 2958 iu
857 2899 964 2959 circulo
995 2916 1111 2976 qnoque
1140 2915 1198 2958 non
1229 2914 1264 2958 ex
1292 2898 1408 2973 augulis
1437 2914 1530 2975 eoque

184 2991 383 3071 impropriam·
396 2997 425 3048 et
440 2989 593 3047 seleutiam
615 2986 849 3062 beterogeneom,
871 2987 982 3064 gradu
997 2988 1160 3047 remotioris
1183 3002 1271 3061 quam
1289 2988 1392 3044 omnia
1413 2993 1532 3046 salutetis-¹

183 3075 291 3137 donna
336 3076 598 3150 Triacontagouus.
611 3082 642 3135 et
663 3073 792 3151 reliquae
814 3072 902 3160 huiqs
916 3073 1029 3134 classis
1051 3081 1119 3140 sunt
1140 3072 1237 3132 adhuc
1256 3074 1435 3157 remotiores
1521 3109 1528 3118 -

269 3175 440 3232 Describitur
466 3173 536 3229 enim
562 3189 596 3229 ex
622 3173 758 3244 prioribus
783 3174 890 3244 figuris,
916 3190 983 3244 quas
1002 3180 1109 3244 oportet
1125 3172 1227 3227 habere
1251 3186 1391 3226 numerum
1409 3172 1530 3242 [laterum

182 3249 266 3312 alium
285 3271 365 3325 qnam
384 3251 558 3324 subduplum,
577 3254 642 3323 qnia
660 3253 692 3309 15
710 3259 753 3307 est
771 3253 865 3325 impar,
883 3270 938 3310 non
957 3253 1061 3309 babens
1079 3263 1184 3324 partem
1205 3249 1341 3308 dimidiam
1358 3251 1530 3318 numericam,

183 3337 347 3402 collector
364 3334 471 3403 trigono
490 3333 561 3388 BGD
588 3340 616 3390 et
640 3336 792 3405 pentagono
814 3333 944 3400 BIFHK,
970 3332 1004 3389 ab
1030 3334 1165 3390 eodemB
1300 3350 1348 3400 stc.
1365 3347 1396 3392 ts.

183 3424 285 3487 puncto
301 3409 427 3484 inceptis.
463 3411 533 3469 Nam
551 3413 574 3467 si
594 3414 618 3485 ᾖ,
636 3413 690 3484 Bc,
708 3412 815 3469 auferas
833 3428 851 3467 a
868 3412 885 3485 ξ
903 3411 978 3480 BlF,
997 3411 1024 3466 id
1043 3419 1085 3466 est
1104 3414 1198 3486 ,ipa
1359 3441 1376 3483 g
1457 3407 1460 3414 '

188 3497 230 3569 ἦ,
248 3503 341 3551 manet
358 3493 412 3564 CF,
431 3496 472 3566 dr·
511 3493 646 3549 Conueris
664 3510 728 3563 ergo
747 3495 776 3561 Ο,
794 3493 817 3546 F
836 3491 950 3559 angulis,
967 3490 1039 3547 linea
1057 3491 1100 3546 CF
1118 3493 1170 3549 erit

183 3576 263 3632 latus.
299 3574 351 3629 Hic
368 3573 404 3628 nd
422 3580 511 3628 actum
524 3571 712 3642 descriptionis
730 3588 785 3627 non
803 3586 912 3628 accerso
925 3570 1104 3641 quantitatem
1123 3587 1169 3628 an·
1324 3598 1334 3630 f
1361 3615 1365 3627 .
1391 3596 1402 3630 a

183 3657 239 3727 guli
261 3664 311 3711 ant
329 3667 469 3707 nnmerum
487 3650 647 3719 angulorum
669 3651 773 3719 liguros
800 3651 970 3720 propositae3
998 3666 1048 3706 nec
1071 3666 1169 3708 secun.
1214 3644 1227 3690 Ῑ
1286 3634 1323 3753 s
1351 3653 1366 3729 '3
1403 3638 1430 3727 χχ
1507 3661 1508 3664 ’

184 3740 246 3808 dnm
264 3735 339 3790 bunc
356 3746 496 3786 nummum
524 3729 610 3783 torno
636 3728 746 3800 aliquod
764 3728 943 3797 triangulam,
970 3738 1001 3787 ut
1024 3730 1052 3786 iu
1075 3732 1181 3806 figufia
1270 3755 1286 3801 ,ι
1336 3735 1366 3804 ai

184 3813 368 3886 superioribus
385 3809 497 3865 iactum.
527 3810 565 3863 At
583 3823 633 3863 nec
650 3815 743 3878 potest
754 3807 835 3864 aliter
846 3807 969 3863 describi.
1000 3809 1074 3880 Ergo
1087 3780 1211 3869 etiamff
1246 3804 1292 3895 1'1,
1361 3854 1382 3899 Ἦ
1449 3801 1460 3832 ’·

184 3893 296 3952 seim&
313 3892 372 3961 ejus
401 3895 565 3943 estremota
587 3896 615 3944 et
635 3888 704 3944 vilis
742 3889 809 3945 Cum
828 3888 898 3943 enim
925 3888 997 3946 latus
1022 3893 1168 3960 pentagoni
1216 3887 1453 3948 0···“Γ““·······
1492 3916 1497 3942 ι

183 3973 232 4029 m
249 3972 287 4028 ait
304 3969 383 4028 lateri
399 3968 531 4038 trigouico
547 3968 592 4024 OD
610 3966 780 4039 parallelum,
798 3976 945 4045 propterea
962 3970 1035 4038 quod
1054 3977 1168 4043 utraque
1264 3997 1432 4050 qv
1442 4006 1466 4051 H

184 4052 269 4121 ignru
293 4048 478 4120 impunlatera
502 4046 536 4102 ab
561 4046 655 4102 eodem
675 4048 697 4101 B
717 4053 818 4116 puncto
843 4053 886 4102 est
907 4046 1028 4123 incepta:
1055 4048 1168 4106 ducatur

183 4132 265 4201 igitur
282 4147 318 4202 er
335 4120 607 4199 F'perpendicnlaris
630 4126 657 4179 in
675 4126 712 4193 L,
737 4133 765 4181 et
790 4141 825 4181 ex
843 4127 865 4180 B
885 4126 1016 4198 diameter
1040 4144 1088 4198 per
1106 4144 1167 4184 oen-

182 4220 252 4265 trum
271 4211 309 4278 Δ,
334 4221 430 4263 secam
447 4206 532 4261 lineas
550 4203 578 4261 id
596 4206 634 4274 E,
661 4205 699 4275 N,
728 4206 760 4262 G.
795 4207 870 4273 Ergo
895 4205 967 4261 latus
987 4206 1032 4261 CF
1055 4214 1146 4275 potest
1163 4216 1294 4279 quantum
1321 4219 1349 4268 et
1368 4214 1412 4268 CL
1438 4218 1466 4267 et
1483 4212 1529 4267 nn

1294 3527 1301 3534 ,
1344 3535 1384 3568 Μ

1334 3562 1390 3605 ΗΧ

180 4290 293 4358 junctae
310 4288 349 4348 (h.
368 4304 389 4338 o.
408 4288 462 4337 01η
474 4279 515 4333 '=
533 4286 587 4337 οι*
605 4286 639 4352 ἦ·
657 4286 738 4355 FL²);
766 4285 814 4340 sed
833 4285 878 4339 CL
896 4292 939 4342 est
956 4302 1084 4342 excessus
1103 4289 1188 4358 ipsius
1209 4290 1255 4345 (lli
1274 4291 1391 4348 effabilis
1407 4292 1530 4361 potentia
1633 4237 1713 4370 'ft-7

183 4384 265 4439 anper
282 4366 341 4430 mi,
358 4366 411 4420 hoc
429 4372 471 4419 est
488 4380 571 4433 super
587 4364 650 4433 Lli,
669 4365 807 4420 elassona:
835 4369 878 4417 est
894 4363 976 4432 igitur
995 4366 1039 4420 CL
1058 4368 1158 4436 speciei
1175 4368 1257 4437 plane
1275 4373 1368 4425 novas.
1404 4369 1528 4425 Vicissim

182 4447 233 4504 eit
249 4451 295 4501 est
310 4445 390 4512 lmen,
410 4455 486 4512 qnae
495 4451 589 4513 potest
599 4443 742 4499 residuum
759 4444 794 4499 de
811 4442 912 4498 effabili
930 4443 1011 4512 plano
1030 4451 1064 4512 (n.
1083 4464 1105 4500 o.
1125 4448 1183 4500 ΑΝ*
1199 4470 1234 4495 =
1253 4449 1312 4503 AF*
1326 4478 1357 4488 -
1370 4448 1450 4517 Μ’),
1469 4465 1530 4504 cnm

183 4526 215 4580 ab
232 4540 266 4580 eo
283 4522 368 4579 fuerit
384 4522 504 4578 ablaturo
521 4522 632 4591 planum
644 4522 789 4580 chunonis:
808 4524 851 4578 eat
867 4523 950 4590 igitur
961 4539 1048 4581 novae
1059 4526 1168 4595 speciei,
1205 4527 1257 4583 Sed
1271 4528 1322 4583 EN
1334 4533 1376 4583 est
1392 4526 1529 4583 residuum

182 4603 265 4671 hujus
282 4616 381 4671 noras,
408 4608 472 4670 post
495 4600 613 4670 ablatam
637 4600 770 4656 emblem
794 4600 963 4669 longitudine
980 4601 1037 4657 ΑΕ.
1073 4604 1125 4660 Est
1148 4606 1231 4677 igitur
1247 4607 1297 4661 EN
1322 4606 1364 4663 bis
1390 4604 1528 4666 remotiori

182 4680 275 4750 mado,
312 4679 435 4749 Denique
454 4678 498 4733 CF
515 4677 588 4735 latus
606 4677 873 4748 pentelraedeoagoni
889 4687 982 4751 potest
1001 4682 1045 4739 ct
1064 4692 1092 4738 ct
1108 4685 1160 4742 EN
1177 4702 1260 4742 nonas
1278 4684 1398 4755 speeies;
1419 4690 1462 4737 est
1478 4681 1526 4752 igi·

181 4766 226 4815 tm
243 4758 300 4816 illic
315 4757 366 4826 bis,
384 4760 428 4814 bic
446 4767 488 4815 ter
505 4766 533 4814 et
551 4760 590 4814 sic
608 4759 751 4829 quinquies
769 4757 906 4816 remotius.
936 4760 1134 4832 Praetereaque
1147 4770 1345 4838 componuntur
1361 4760 1527 4818 &remanum

182 4837 317 4909 chaudum,
335 4839 483 4909 trigouicne
502 4845 529 4897 et
546 4837 755 4908 pentagonicae,
773 4838 956 4907 proprietates
973 4838 1000 4893 in
1019 4856 1114 4903 unum,
1133 4850 1175 4910 est
1191 4841 1272 4911 igitur
1290 4839 1402 4896 scientia
1418 4837 1524 4912 betero-

182 4930 275 4986 μοι.
312 4915 385 4985 Quid
398 4915 456 4984 jam
481 4916 514 4970 de
532 4916 730 4986 triacontsgoni
751 4915 836 4973 latere
854 4918 1044 4975 sentiendum?
1069 4937 1129 4976 cum
1148 4937 1254 4992 semper
1272 4925 1404 4989 augeatur
1426 4920 1527 4989 grndm

181 4995 338 5052 motionis
361 4997 499 5067 cumipse
517 4996 698 5065 duplicatione
714 4991 830 5052 laterum
848 4997 954 5069 prioris.

267 5075 306 5130 At
323 5073 454 5131 subtensa
472 5077 502 5148 ᾖ
528 5075 554 5129 b.
575 5092 598 5129 e.
619 5071 652 5145 33
675 5075 761 5130 utitur
777 5075 863 5132 latere
892 5078 1133 5149 triacontagonico,
1162 5083 1204 5133 est
1221 5077 1303 5147 igitur
1326 5091 1358 5132 eo
1380 5077 1526 5147 posterius.

181 5155 319 5211 Subtemen
335 5169 399 5209 vero
418 5151 450 5228 ,ξ
470 5164 512 5210 est
530 5154 564 5209 ab
583 5153 630 5208 illa
646 5168 696 5222 per
712 5154 888 5212 bisentionem
916 5157 1064 5226 eademque
1082 5156 1165 5225 gignit
1187 5155 1344 5211 subtenasm
1363 5156 1410 5233 ᾗ,
1437 5155 1526 5211 idest

183 5236 228 5306 ἡ,
246 5235 337 5303 aqna
353 5240 397 5287 ost
414 5233 494 5287 etism
512 5235 644 5288 subtensa
662 5232 695 5304 st
712 5247 762 5302 per
778 5234 966 5300 bisentinum,
991 5251 1142 5305 quanquam
1162 5235 1230 5290 baec
1245 5235 1328 5290 babet
1339 5244 1427 5290 ortum
1446 5234 1526 5292 etiam

182 5311 277 5382 aium}
295 5311 370 5367 verbi
388 5328 471 5368 causa
489 5313 619 5368 subtensa
640 5312 871 5381 nicostratum
890 5314 975 5369 babet
991 5313 1169 5382 compositum
1193 5330 1227 5367 ex
1247 5313 1379 5382 quadrato
1398 5314 1442 5369 CF
1460 5311 1525 5369 late

182 5393 218 5446 ris
235 5388 530 5460 pentekaedecagonici
549 5398 577 5445 et
594 5385 752 5461 rectangulo
769 5390 820 5446 sub
839 5392 933 5448 eodem
953 5393 997 5449 OF
1014 5399 1042 5448 et
1058 5393 1096 5448 Fl
1111 5391 1198 5447 latero
1215 5394 1405 5463 pentagonlco.
1445 5392 1525 5450 Utro·

182 5485 235 5540 que
251 5467 333 5524 modo
351 5470 488 5539 posterior
505 5478 548 5525 est
565 5469 750 5539 superioribus
767 5469 869 5540 figuris.

267 5559 365 5620 XLV.
389 5560 613 5638 Propositio.
658 5560 851 5639 Heptagonus
879 5571 909 5623 ot
926 5559 1041 5638 ‚tigurao
1062 5562 1100 5623 ab
1123 5579 1157 5622 eo
1180 5580 1294 5637 omnes,
1323 5581 1399 5641 quae
1422 5580 1524 5624 numo·

184 5666 246 5711 rum
266 5649 392 5711 laterum
416 5666 451 5710 er
474 5651 573 5726 primis
594 5647 649 5729 (sic
671 5648 767 5727 dictis)
796 5666 887 5710 nuum
915 5648 1040 5726 habeut,
1070 5660 1231 5728 eurumque
1255 5651 1358 5718 smiles
1387 5659 1523 5728 totaeque

183 5734 258 5798 adeo
278 5736 391 5800 dumos
417 5737 456 5802 ab
478 5739 522 5797 iis·
536 5736 688 5813 derivatas
715 5746 798 5800 oxma
822 5736 961 5812 monium
988 5733 1182 5818 Memnone
1210 5742 1387 5819 geometrica
1408 5747 1522 5814 cerem,
