<?xml version="1.0" encoding="UTF-8"?>
<!DOCTYPE html PUBLIC "-//W3C//DTD XHTML 1.0 Transitional//EN"
    "http://www.w3.org/TR/xhtml1/DTD/xhtml1-transitional.dtd">
<html xmlns="http://www.w3.org/1999/xhtml" xml:lang="en" lang="en">
 <head>
  <title>
</title>
<meta http-equiv="Content-Type" content="text/html;charset=utf-8" />
  <meta name='ocr-system' content='tesseract 3.04.00' />
  <meta name='ocr-capabilities' content='ocr_page ocr_carea ocr_par ocr_line ocrx_word'/>
</head>
<body>
  <div class='ocr_page' id='page_1' title='image "./joanniskepleria09frisgoog_0344.png"; bbox 0 0 3684 7259; ppageno 0'>
   <div class='ocr_carea' id='block_1_1' title="bbox 299 1174 1041 1249">
    <p class='ocr_par' dir='ltr' id='par_1_1' title="bbox 299 1174 1041 1249">
     <span class='ocr_line' id='line_1_1' title="bbox 299 1174 1041 1249; baseline 0.004 -3"><span class='ocrx_word' id='word_1_1' title='bbox 299 1180 362 1246; x_wconf 72' lang='lat'><strong>882</strong></span> <span class='ocrx_word' id='word_1_2' title='bbox 896 1174 1041 1249; x_wconf 53' lang='lat' dir='ltr'><strong>Albini&amp;</strong></span> 
     </span>
    </p>
   </div>
   <div class='ocr_carea' id='block_1_2' title="bbox 185 1354 1646 1433">
    <p class='ocr_par' dir='ltr' id='par_1_2' title="bbox 185 1354 1646 1433">
     <span class='ocr_line' id='line_1_2' title="bbox 185 1354 1646 1433; baseline -0.003 -16"><span class='ocrx_word' id='word_1_3' title='bbox 185 1383 191 1394; x_wconf 92' lang='lat'><strong>·</strong></span> <span class='ocrx_word' id='word_1_4' title='bbox 296 1354 449 1433; x_wconf 76' lang='lat' dir='ltr'><strong>simplicia,</strong></span> <span class='ocrx_word' id='word_1_5' title='bbox 472 1373 550 1432; x_wconf 81' lang='lat' dir='ltr'><strong>quae</strong></span> <span class='ocrx_word' id='word_1_6' title='bbox 571 1355 641 1415; x_wconf 85' lang='lat' dir='ltr'><strong>mihi</strong></span> <span class='ocrx_word' id='word_1_7' title='bbox 664 1364 732 1416; x_wconf 91' lang='lat' dir='ltr'><strong>sunt</strong></span> <span class='ocrx_word' id='word_1_8' title='bbox 747 1359 889 1418; x_wconf 90' lang='lat' dir='ltr'><strong>concinna</strong></span> <span class='ocrx_word' id='word_1_9' title='bbox 910 1358 1030 1416; x_wconf 90' lang='lat' dir='ltr'><strong>minima</strong></span> <span class='ocrx_word' id='word_1_10' title='bbox 1046 1354 1176 1430; x_wconf 87' lang='lat' dir='ltr'><strong>dissona,</strong></span> <span class='ocrx_word' id='word_1_11' title='bbox 1199 1363 1287 1418; x_wconf 81' lang='lat' dir='ltr'><strong>tunm</strong></span> <span class='ocrx_word' id='word_1_12' title='bbox 1305 1355 1408 1431; x_wconf 88' lang='lat' dir='ltr'><strong>major,</strong></span> <span class='ocrx_word' id='word_1_13' title='bbox 1430 1356 1533 1427; x_wconf 88' lang='lat' dir='ltr'><strong>minor,</strong></span> <span class='ocrx_word' id='word_1_14' title='bbox 1556 1356 1646 1415; x_wconf 83' lang='lat' dir='ltr'><strong>semi-</strong></span> 
     </span>
    </p>
   </div>
   <div class='ocr_carea' id='block_1_3' title="bbox 296 1443 1647 1960">
    <p class='ocr_par' dir='ltr' id='par_1_3' title="bbox 296 1443 1647 1960">
     <span class='ocr_line' id='line_1_3' title="bbox 298 1443 1645 1521; baseline -0.001 -18"><span class='ocrx_word' id='word_1_15' title='bbox 298 1446 419 1518; x_wconf 91' lang='lat' dir='ltr'><strong>tonium,</strong></span> <span class='ocrx_word' id='word_1_16' title='bbox 443 1443 548 1520; x_wconf 79' lang='lat' dir='ltr'><strong>diesis3</strong></span> <span class='ocrx_word' id='word_1_17' title='bbox 578 1443 638 1503; x_wconf 85' lang='lat' dir='ltr'><strong>alia</strong></span> <span class='ocrx_word' id='word_1_18' title='bbox 660 1444 723 1503; x_wconf 86' lang='lat' dir='ltr'><strong>vult</strong></span> <span class='ocrx_word' id='word_1_19' title='bbox 746 1463 809 1505; x_wconf 92' lang='lat' dir='ltr'><strong>esse</strong></span> <span class='ocrx_word' id='word_1_20' title='bbox 833 1464 868 1505; x_wconf 86' lang='lat' dir='ltr'><strong>er</strong></span> <span class='ocrx_word' id='word_1_21' title='bbox 891 1445 938 1503; x_wconf 91' lang='lat' dir='ltr'><strong>bis</strong></span> <span class='ocrx_word' id='word_1_22' title='bbox 961 1445 1140 1521; x_wconf 87' lang='lat' dir='ltr'><strong>compositu,</strong></span> <span class='ocrx_word' id='word_1_23' title='bbox 1175 1460 1251 1520; x_wconf 84' lang='lat' dir='ltr'><strong>quae</strong></span> <span class='ocrx_word' id='word_1_24' title='bbox 1274 1460 1330 1519; x_wconf 89' lang='lat' dir='ltr'><strong>ego</strong></span> <span class='ocrx_word' id='word_1_25' title='bbox 1359 1445 1566 1502; x_wconf 78' lang='lat' dir='ltr'><strong>consonantias</strong></span> <span class='ocrx_word' id='word_1_26' title='bbox 1590 1463 1645 1521; x_wconf 90' lang='lat' dir='ltr'><strong>ap-</strong></span> 
     </span>
     <span class='ocr_line' id='line_1_4' title="bbox 296 1531 1645 1609; baseline -0.001 -17"><span class='ocrx_word' id='word_1_27' title='bbox 296 1531 385 1609; x_wconf 90' lang='lat' dir='ltr'><strong>pello.</strong></span> <span class='ocrx_word' id='word_1_28' title='bbox 432 1532 520 1607; x_wconf 76' lang='lat' dir='ltr'><strong>Atqui</strong></span> <span class='ocrx_word' id='word_1_29' title='bbox 548 1534 722 1590; x_wconf 77' lang='lat' dir='ltr'><strong>sententiam</strong></span> <span class='ocrx_word' id='word_1_30' title='bbox 750 1532 825 1592; x_wconf 90' lang='lat' dir='ltr'><strong>banc</strong></span> <span class='ocrx_word' id='word_1_31' title='bbox 853 1541 1001 1604; x_wconf 84' lang='lat' dir='ltr'><strong>veterum,</strong></span> <span class='ocrx_word' id='word_1_32' title='bbox 1035 1531 1111 1607; x_wconf 91' lang='lat' dir='ltr'><strong>quod</strong></span> <span class='ocrx_word' id='word_1_33' title='bbox 1135 1532 1345 1591; x_wconf 74' lang='lat' dir='ltr'><strong>consonantiae</strong></span> <span class='ocrx_word' id='word_1_34' title='bbox 1374 1540 1587 1608; x_wconf 83' lang='lat' dir='ltr'><strong>componantur</strong></span> <span class='ocrx_word' id='word_1_35' title='bbox 1609 1550 1645 1591; x_wconf 84' lang='lat' dir='ltr'><strong>ex</strong></span> 
     </span>
     <span class='ocr_line' id='line_1_5' title="bbox 297 1618 1644 1698; baseline -0.001 -20"><span class='ocrx_word' id='word_1_36' title='bbox 297 1618 460 1678; x_wconf 76' lang='lat' dir='ltr'><strong>intervallis</strong></span> <span class='ocrx_word' id='word_1_37' title='bbox 478 1619 639 1678; x_wconf 90' lang='lat' dir='ltr'><strong>minoribus</strong></span> <span class='ocrx_word' id='word_1_38' title='bbox 661 1627 800 1696; x_wconf 67' lang='lat' dir='ltr'><strong>unquam</strong></span> <span class='ocrx_word' id='word_1_39' title='bbox 821 1627 927 1679; x_wconf 88' lang='lat' dir='ltr'><strong>natura</strong></span> <span class='ocrx_word' id='word_1_40' title='bbox 949 1620 1105 1698; x_wconf 90' lang='lat' dir='ltr'><strong>prioribus,</strong></span> <span class='ocrx_word' id='word_1_41' title='bbox 1130 1636 1185 1693; x_wconf 75' lang='lat' dir='ltr'><strong>ego</strong></span> <span class='ocrx_word' id='word_1_42' title='bbox 1201 1619 1328 1678; x_wconf 61' lang='lat' dir='ltr'><strong>tantari</strong></span> <span class='ocrx_word' id='word_1_43' title='bbox 1351 1635 1487 1695; x_wconf 83' lang='lat' dir='ltr'><strong>expresse</strong></span> <span class='ocrx_word' id='word_1_44' title='bbox 1503 1621 1599 1695; x_wconf 86' lang='lat' dir='ltr'><strong>capite</strong></span> <span class='ocrx_word' id='word_1_45' title='bbox 1615 1620 1644 1677; x_wconf 79' lang='lat'><strong>4.</strong></span> 
     </span>
     <span class='ocr_line' id='line_1_6' title="bbox 296 1705 1646 1782; baseline 0 -16"><span class='ocrx_word' id='word_1_46' title='bbox 296 1707 356 1774; x_wconf 83' lang='lat' dir='ltr'><strong>rusi</strong></span> <span class='ocrx_word' id='word_1_47' title='bbox 376 1706 441 1766; x_wconf 92' lang='lat' dir='ltr'><strong>libri</strong></span> <span class='ocrx_word' id='word_1_48' title='bbox 464 1705 527 1778; x_wconf 86' lang='lat'><strong>111,</strong></span> <span class='ocrx_word' id='word_1_49' title='bbox 559 1713 694 1782; x_wconf 87' lang='lat' dir='ltr'><strong>ostenso,</strong></span> <span class='ocrx_word' id='word_1_50' title='bbox 726 1706 806 1782; x_wconf 83' lang='lat' dir='ltr'><strong>quod</strong></span> <span class='ocrx_word' id='word_1_51' title='bbox 835 1709 949 1767; x_wconf 90' lang='lat' dir='ltr'><strong>minora</strong></span> <span class='ocrx_word' id='word_1_52' title='bbox 978 1724 993 1766; x_wconf 90' lang='lat' dir='ltr'><strong>e</strong></span> <span class='ocrx_word' id='word_1_53' title='bbox 1021 1709 1165 1765; x_wconf 88' lang='lat' dir='ltr'><strong>contrario</strong></span> <span class='ocrx_word' id='word_1_54' title='bbox 1198 1709 1326 1766; x_wconf 89' lang='lat' dir='ltr'><strong>oriantur</strong></span> <span class='ocrx_word' id='word_1_55' title='bbox 1354 1723 1390 1765; x_wconf 88' lang='lat' dir='ltr'><strong>ex</strong></span> <span class='ocrx_word' id='word_1_56' title='bbox 1417 1708 1552 1765; x_wconf 72' lang='lat' dir='ltr'><strong>consonis</strong></span> <span class='ocrx_word' id='word_1_57' title='bbox 1580 1723 1646 1766; x_wconf 90' lang='lat' dir='ltr'><strong>sese</strong></span> 
     </span>
     <span class='ocr_line' id='line_1_7' title="bbox 296 1794 1647 1873; baseline 0 -20"><span class='ocrx_word' id='word_1_58' title='bbox 296 1794 467 1870; x_wconf 77' lang='lat' dir='ltr'><strong>majoribus.</strong></span> <span class='ocrx_word' id='word_1_59' title='bbox 486 1797 558 1866; x_wconf 79' lang='lat' dir='ltr'><strong>(Vi.)</strong></span> <span class='ocrx_word' id='word_1_60' title='bbox 599 1794 699 1855; x_wconf 85' lang='lat' dir='ltr'><strong>Tertio</strong></span> <span class='ocrx_word' id='word_1_61' title='bbox 721 1794 796 1856; x_wconf 87' lang='lat' dir='ltr'><strong>libro</strong></span> <span class='ocrx_word' id='word_1_62' title='bbox 810 1794 938 1873; x_wconf 81' lang='lat' dir='ltr'><strong>explicat</strong></span> <span class='ocrx_word' id='word_1_63' title='bbox 953 1803 1083 1872; x_wconf 84' lang='lat' dir='ltr'><strong>systema</strong></span> <span class='ocrx_word' id='word_1_64' title='bbox 1098 1794 1276 1853; x_wconf 86' lang='lat' dir='ltr'><strong>seuscalam</strong></span> <span class='ocrx_word' id='word_1_65' title='bbox 1291 1795 1443 1864; x_wconf 81' lang='lat' dir='ltr'><strong>musicam,</strong></span> <span class='ocrx_word' id='word_1_66' title='bbox 1466 1810 1543 1868; x_wconf 83' lang='lat' dir='ltr'><strong>quae</strong></span> <span class='ocrx_word' id='word_1_67' title='bbox 1558 1811 1647 1869; x_wconf 89' lang='lat' dir='ltr'><strong>prae-</strong></span> 
     </span>
     <span class='ocr_line' id='line_1_8' title="bbox 298 1879 1646 1960; baseline 0 -19"><span class='ocrx_word' id='word_1_68' title='bbox 298 1882 386 1959; x_wconf 84' lang='lat' dir='ltr'><strong>cipua</strong></span> <span class='ocrx_word' id='word_1_69' title='bbox 406 1898 474 1958; x_wconf 88' lang='lat' dir='ltr'><strong>pars</strong></span> <span class='ocrx_word' id='word_1_70' title='bbox 498 1888 542 1938; x_wconf 91' lang='lat' dir='ltr'><strong>est</strong></span> <span class='ocrx_word' id='word_1_71' title='bbox 564 1882 622 1941; x_wconf 89' lang='lat' dir='ltr'><strong>mei</strong></span> <span class='ocrx_word' id='word_1_72' title='bbox 643 1881 709 1941; x_wconf 91' lang='lat' dir='ltr'><strong>libri</strong></span> <span class='ocrx_word' id='word_1_73' title='bbox 733 1882 787 1942; x_wconf 90' lang='grc'><strong>111.</strong></span> <span class='ocrx_word' id='word_1_74' title='bbox 812 1901 831 1941; x_wconf 90' lang='lat' dir='ltr'><strong>a</strong></span> <span class='ocrx_word' id='word_1_75' title='bbox 854 1897 918 1960; x_wconf 90' lang='lat' dir='ltr'><strong>cap.</strong></span> <span class='ocrx_word' id='word_1_76' title='bbox 943 1883 971 1940; x_wconf 76' lang='grc'><strong>4.</strong></span> <span class='ocrx_word' id='word_1_77' title='bbox 996 1897 1089 1960; x_wconf 66' lang='lat' dir='ltr'><strong>usque</strong></span> <span class='ocrx_word' id='word_1_78' title='bbox 1112 1880 1150 1940; x_wconf 88' lang='lat' dir='ltr'><strong>ad</strong></span> <span class='ocrx_word' id='word_1_79' title='bbox 1174 1881 1203 1941; x_wconf 88' lang='grc'><strong>9.</strong></span> <span class='ocrx_word' id='word_1_80' title='bbox 1248 1879 1365 1957; x_wconf 75' lang='lat' dir='ltr'><strong>Reliqui</strong></span> <span class='ocrx_word' id='word_1_81' title='bbox 1392 1887 1517 1955; x_wconf 82' lang='lat' dir='ltr'><strong>quatuor</strong></span> <span class='ocrx_word' id='word_1_82' title='bbox 1540 1891 1646 1941; x_wconf 89' lang='lat' dir='ltr'><strong>aucto-</strong></span> 
     </span>
    </p>
   </div>
   <div class='ocr_carea' id='block_1_4' title="bbox 198 1967 1644 2046">
    <p class='ocr_par' dir='ltr' id='par_1_4' title="bbox 198 1967 1644 2046">
     <span class='ocr_line' id='line_1_9' title="bbox 198 1967 1644 2046; baseline -0.001 -18"><span class='ocrx_word' id='word_1_83' title='bbox 198 1973 200 1979; x_wconf 88' lang='grc'><strong>’</strong></span> <span class='ocrx_word' id='word_1_84' title='bbox 286 1970 337 2036; x_wconf 74' lang='lat' dir='ltr'><strong>,ria</strong></span> <span class='ocrx_word' id='word_1_85' title='bbox 358 1968 424 2028; x_wconf 88' lang='lat' dir='ltr'><strong>libri</strong></span> <span class='ocrx_word' id='word_1_86' title='bbox 448 1970 549 2046; x_wconf 86' lang='lat' dir='ltr'><strong>praxin</strong></span> <span class='ocrx_word' id='word_1_87' title='bbox 571 1968 691 2043; x_wconf 84' lang='lat' dir='ltr'><strong>habeut,</strong></span> <span class='ocrx_word' id='word_1_88' title='bbox 712 1987 802 2044; x_wconf 84' lang='lat' dir='ltr'><strong>quam</strong></span> <span class='ocrx_word' id='word_1_89' title='bbox 824 1985 879 2044; x_wconf 85' lang='lat' dir='ltr'><strong>ego</strong></span> <span class='ocrx_word' id='word_1_90' title='bbox 901 1987 939 2029; x_wconf 93' lang='lat' dir='ltr'><strong>ne</strong></span> <span class='ocrx_word' id='word_1_91' title='bbox 961 1972 1073 2045; x_wconf 86' lang='lat' dir='ltr'><strong>attingo</strong></span> <span class='ocrx_word' id='word_1_92' title='bbox 1096 1967 1223 2044; x_wconf 84' lang='lat' dir='ltr'><strong>quidem.</strong></span> <span class='ocrx_word' id='word_1_93' title='bbox 1268 1968 1343 2027; x_wconf 85' lang='lat' dir='ltr'><strong>Nam</strong></span> <span class='ocrx_word' id='word_1_94' title='bbox 1371 1967 1477 2025; x_wconf 87' lang='lat' dir='ltr'><strong>ian.</strong></span> <span class='ocrx_word' id='word_1_95' title='bbox 1501 1968 1538 2027; x_wconf 92' lang='lat' dir='ltr'><strong>de</strong></span> <span class='ocrx_word' id='word_1_96' title='bbox 1560 1986 1644 2028; x_wconf 90' lang='lat' dir='ltr'><strong>meu·</strong></span> 
     </span>
    </p>
   </div>
   <div class='ocr_carea' id='block_1_5' title="bbox 233 2055 1646 3358">
    <p class='ocr_par' dir='ltr' id='par_1_5' title="bbox 233 2055 1646 3358">
     <span class='ocr_line' id='line_1_10' title="bbox 239 2055 1644 2133; baseline 0.004 -20"><span class='ocrx_word' id='word_1_97' title='bbox 239 2084 244 2092; x_wconf 92' lang='lat'><em>·</em></span> <span class='ocrx_word' id='word_1_98' title='bbox 296 2071 365 2115; x_wconf 91' lang='lat' dir='ltr'><strong>sura</strong></span> <span class='ocrx_word' id='word_1_99' title='bbox 386 2062 482 2115; x_wconf 77' lang='lat' dir='ltr'><strong>tactim</strong></span> <span class='ocrx_word' id='word_1_100' title='bbox 505 2060 629 2131; x_wconf 83' lang='lat' dir='ltr'><strong>ejusque</strong></span> <span class='ocrx_word' id='word_1_101' title='bbox 651 2056 744 2117; x_wconf 89' lang='lat' dir='ltr'><strong>modis</strong></span> <span class='ocrx_word' id='word_1_102' title='bbox 768 2059 856 2117; x_wconf 85' lang='lat' dir='ltr'><strong>variis</strong></span> <span class='ocrx_word' id='word_1_103' title='bbox 879 2065 909 2117; x_wconf 90' lang='lat' dir='ltr'><strong>et</strong></span> <span class='ocrx_word' id='word_1_104' title='bbox 932 2055 1031 2117; x_wconf 86' lang='lat' dir='ltr'><strong>valore</strong></span> <span class='ocrx_word' id='word_1_105' title='bbox 1052 2065 1188 2115; x_wconf 71' lang='lat' dir='ltr'><strong>nuruum</strong></span> <span class='ocrx_word' id='word_1_106' title='bbox 1210 2073 1261 2133; x_wconf 90' lang='lat' dir='ltr'><strong>per</strong></span> <span class='ocrx_word' id='word_1_107' title='bbox 1277 2074 1328 2116; x_wconf 93' lang='lat' dir='ltr'><strong>eos</strong></span> <span class='ocrx_word' id='word_1_108' title='bbox 1350 2056 1501 2133; x_wconf 86' lang='lat' dir='ltr'><strong>praecipit,</strong></span> <span class='ocrx_word' id='word_1_109' title='bbox 1525 2055 1562 2116; x_wconf 90' lang='lat' dir='ltr'><strong>de</strong></span> <span class='ocrx_word' id='word_1_110' title='bbox 1585 2074 1644 2133; x_wconf 84' lang='lat' dir='ltr'><strong>quo</strong></span> 
     </span>
     <span class='ocr_line' id='line_1_11' title="bbox 297 2141 1644 2222; baseline 0.001 -20"><span class='ocrx_word' id='word_1_111' title='bbox 297 2160 353 2219; x_wconf 84' lang='lat' dir='ltr'><strong>ego</strong></span> <span class='ocrx_word' id='word_1_112' title='bbox 375 2141 503 2222; x_wconf 86' lang='lat' dir='ltr'><strong>paucula</strong></span> <span class='ocrx_word' id='word_1_113' title='bbox 525 2142 576 2201; x_wconf 88' lang='lat' dir='ltr'><strong>lib.</strong></span> <span class='ocrx_word' id='word_1_114' title='bbox 598 2143 652 2205; x_wconf 88' lang='grc' dir='ltr'><strong>ΠΙ.</strong></span> <span class='ocrx_word' id='word_1_115' title='bbox 677 2162 740 2221; x_wconf 90' lang='lat' dir='ltr'><strong>cap.</strong></span> <span class='ocrx_word' id='word_1_116' title='bbox 768 2146 814 2203; x_wconf 83' lang='lat'><strong>15.</strong></span> <span class='ocrx_word' id='word_1_117' title='bbox 846 2143 1024 2204; x_wconf 90' lang='lat' dir='ltr'><strong>etlib.1V.</strong></span> <span class='ocrx_word' id='word_1_118' title='bbox 1048 2161 1111 2221; x_wconf 89' lang='lat' dir='ltr'><strong>cap.</strong></span> <span class='ocrx_word' id='word_1_119' title='bbox 1138 2146 1277 2216; x_wconf 65' lang='grc'><strong>3.(111.)</strong></span> <span class='ocrx_word' id='word_1_120' title='bbox 1318 2144 1354 2202; x_wconf 92' lang='lat' dir='ltr'><strong>ln</strong></span> <span class='ocrx_word' id='word_1_121' title='bbox 1376 2142 1413 2201; x_wconf 88' lang='lat' dir='ltr'><strong>V.</strong></span> <span class='ocrx_word' id='word_1_122' title='bbox 1444 2143 1534 2202; x_wconf 87' lang='lat' dir='ltr'><strong>babet</strong></span> <span class='ocrx_word' id='word_1_123' title='bbox 1556 2162 1644 2220; x_wconf 87' lang='lat' dir='ltr'><strong>prae-</strong></span> 
     </span>
     <span class='ocr_line' id='line_1_12' title="bbox 300 2229 1643 2309; baseline 0.001 -19"><span class='ocrx_word' id='word_1_124' title='bbox 300 2237 386 2307; x_wconf 87' lang='lat' dir='ltr'><strong>cepta</strong></span> <span class='ocrx_word' id='word_1_125' title='bbox 414 2232 622 2306; x_wconf 81' lang='lat' dir='ltr'><strong>compositoris</strong></span> <span class='ocrx_word' id='word_1_126' title='bbox 651 2240 754 2291; x_wconf 87' lang='lat' dir='ltr'><strong>cautus</strong></span> <span class='ocrx_word' id='word_1_127' title='bbox 775 2232 907 2308; x_wconf 83' lang='lat' dir='ltr'><strong>figurati,</strong></span> <span class='ocrx_word' id='word_1_128' title='bbox 938 2248 1026 2306; x_wconf 86' lang='lat' dir='ltr'><strong>quarn</strong></span> <span class='ocrx_word' id='word_1_129' title='bbox 1049 2239 1141 2291; x_wconf 89' lang='lat' dir='ltr'><strong>artem</strong></span> <span class='ocrx_word' id='word_1_130' title='bbox 1173 2248 1229 2308; x_wconf 85' lang='lat' dir='ltr'><strong>ego</strong></span> <span class='ocrx_word' id='word_1_131' title='bbox 1260 2247 1318 2290; x_wconf 91' lang='lat' dir='ltr'><strong>nou</strong></span> <span class='ocrx_word' id='word_1_132' title='bbox 1342 2229 1487 2309; x_wconf 86' lang='lat' dir='ltr'><strong>profiteor.</strong></span> <span class='ocrx_word' id='word_1_133' title='bbox 1531 2229 1566 2289; x_wconf 90' lang='lat' dir='ltr'><strong>ln</strong></span> <span class='ocrx_word' id='word_1_134' title='bbox 1591 2232 1643 2291; x_wconf 86' lang='lat' dir='ltr'><strong>VL</strong></span> 
     </span>
     <span class='ocr_line' id='line_1_13' title="bbox 233 2318 1644 2400; baseline 0.001 -23"><span class='ocrx_word' id='word_1_135' title='bbox 233 2384 238 2392; x_wconf 54' lang='lat'>‚</span> <span class='ocrx_word' id='word_1_136' title='bbox 297 2320 422 2400; x_wconf 70' lang='lat' dir='ltr'><strong>ercurrit</strong></span> <span class='ocrx_word' id='word_1_137' title='bbox 445 2318 593 2378; x_wconf 90' lang='lat' dir='ltr'><strong>etiamad</strong></span> <span class='ocrx_word' id='word_1_138' title='bbox 617 2320 699 2378; x_wconf 87' lang='lat' dir='ltr'><strong>varia</strong></span> <span class='ocrx_word' id='word_1_139' title='bbox 720 2321 913 2379; x_wconf 75' lang='lat' dir='ltr'><strong>insuumenta</strong></span> <span class='ocrx_word' id='word_1_140' title='bbox 933 2320 1059 2392; x_wconf 91' lang='lat' dir='ltr'><strong>musica,</strong></span> <span class='ocrx_word' id='word_1_141' title='bbox 1092 2318 1127 2377; x_wconf 91' lang='lat' dir='ltr'><strong>de</strong></span> <span class='ocrx_word' id='word_1_142' title='bbox 1151 2319 1257 2394; x_wconf 87' lang='lat' dir='ltr'><strong>quibus</strong></span> <span class='ocrx_word' id='word_1_143' title='bbox 1280 2335 1336 2394; x_wconf 81' lang='lat' dir='ltr'><strong>ego</strong></span> <span class='ocrx_word' id='word_1_144' title='bbox 1364 2335 1401 2378; x_wconf 92' lang='lat' dir='ltr'><strong>ne</strong></span> <span class='ocrx_word' id='word_1_145' title='bbox 1424 2320 1552 2393; x_wconf 85' lang='lat' dir='ltr'><strong>cogitari</strong></span> <span class='ocrx_word' id='word_1_146' title='bbox 1575 2322 1644 2396; x_wconf 86' lang='lat' dir='ltr'><strong>qui-</strong></span> 
     </span>
     <span class='ocr_line' id='line_1_14' title="bbox 299 2400 1645 2483; baseline 0.001 -18"><span class='ocrx_word' id='word_1_147' title='bbox 299 2403 374 2465; x_wconf 82' lang='lat' dir='ltr'><strong>dem.</strong></span> <span class='ocrx_word' id='word_1_148' title='bbox 420 2405 454 2462; x_wconf 92' lang='lat' dir='ltr'><strong>In</strong></span> <span class='ocrx_word' id='word_1_149' title='bbox 477 2404 546 2463; x_wconf 86' lang='lat' dir='ltr'><strong>vit.</strong></span> <span class='ocrx_word' id='word_1_150' title='bbox 569 2401 695 2483; x_wconf 77' lang='lat' dir='ltr'><strong>denique</strong></span> <span class='ocrx_word' id='word_1_151' title='bbox 717 2424 827 2479; x_wconf 85' lang='lat' dir='ltr'><strong>novum</strong></span> <span class='ocrx_word' id='word_1_152' title='bbox 850 2410 1073 2467; x_wconf 79' lang='lat' dir='ltr'><strong>instrumentum</strong></span> <span class='ocrx_word' id='word_1_153' title='bbox 1096 2407 1159 2482; x_wconf 88' lang='lat' dir='ltr'><strong>ipse</strong></span> <span class='ocrx_word' id='word_1_154' title='bbox 1182 2400 1391 2482; x_wconf 63' lang='lat' dir='ltr'><strong>speciatim)</strong></span> <span class='ocrx_word' id='word_1_155' title='bbox 1431 2404 1465 2462; x_wconf 92' lang='lat' dir='ltr'><strong>In</strong></span> <span class='ocrx_word' id='word_1_156' title='bbox 1488 2405 1533 2464; x_wconf 90' lang='lat' dir='ltr'><strong>bis</strong></span> <span class='ocrx_word' id='word_1_157' title='bbox 1556 2410 1645 2483; x_wconf 78' lang='lat' dir='ltr'><strong>igitur</strong></span> 
     </span>
     <span class='ocr_line' id='line_1_15' title="bbox 298 2491 1642 2571; baseline 0.003 -21"><span class='ocrx_word' id='word_1_158' title='bbox 298 2494 319 2550; x_wconf 80' lang='grc'><strong>4</strong></span> <span class='ocrx_word' id='word_1_159' title='bbox 340 2494 496 2569; x_wconf 88' lang='lat' dir='ltr'><strong>postremis</strong></span> <span class='ocrx_word' id='word_1_160' title='bbox 519 2491 567 2551; x_wconf 91' lang='lat' dir='ltr'><strong>ille</strong></span> <span class='ocrx_word' id='word_1_161' title='bbox 590 2495 633 2552; x_wconf 89' lang='lat' dir='ltr'><strong>sic</strong></span> <span class='ocrx_word' id='word_1_162' title='bbox 654 2512 674 2552; x_wconf 89' lang='lat' dir='ltr'><strong>a</strong></span> <span class='ocrx_word' id='word_1_163' title='bbox 695 2512 742 2554; x_wconf 89' lang='lat' dir='ltr'><strong>me</strong></span> <span class='ocrx_word' id='word_1_164' title='bbox 764 2494 867 2567; x_wconf 79' lang='lat' dir='ltr'><strong>differt,</strong></span> <span class='ocrx_word' id='word_1_165' title='bbox 891 2502 925 2552; x_wconf 90' lang='lat' dir='ltr'><strong>ut</strong></span> <span class='ocrx_word' id='word_1_166' title='bbox 946 2496 1091 2571; x_wconf 83' lang='lat' dir='ltr'><strong>practicus</strong></span> <span class='ocrx_word' id='word_1_167' title='bbox 1114 2493 1320 2566; x_wconf 87' lang='lat' dir='ltr'><strong>etbeoretico,</strong></span> <span class='ocrx_word' id='word_1_168' title='bbox 1344 2510 1411 2551; x_wconf 84' lang='lat' dir='ltr'><strong>narn</strong></span> <span class='ocrx_word' id='word_1_169' title='bbox 1426 2508 1479 2568; x_wconf 92' lang='lat' dir='ltr'><strong>pro</strong></span> <span class='ocrx_word' id='word_1_170' title='bbox 1494 2510 1538 2566; x_wconf 92' lang='lat' dir='ltr'><strong>eo,</strong></span> <span class='ocrx_word' id='word_1_171' title='bbox 1563 2495 1642 2570; x_wconf 82' lang='lat' dir='ltr'><strong>quod</strong></span> 
     </span>
     <span class='ocr_line' id='line_1_16' title="bbox 297 2578 1644 2658; baseline 0.001 -18"><span class='ocrx_word' id='word_1_172' title='bbox 297 2581 362 2657; x_wconf 88' lang='lat' dir='ltr'><strong>lpse</strong></span> <span class='ocrx_word' id='word_1_173' title='bbox 386 2578 471 2639; x_wconf 90' lang='lat' dir='ltr'><strong>docet</strong></span> <span class='ocrx_word' id='word_1_174' title='bbox 494 2596 668 2657; x_wconf 90' lang='lat' dir='ltr'><strong>componere</strong></span> <span class='ocrx_word' id='word_1_175' title='bbox 690 2581 783 2641; x_wconf 90' lang='lat' dir='ltr'><strong>melos</strong></span> <span class='ocrx_word' id='word_1_176' title='bbox 804 2581 930 2658; x_wconf 92' lang='lat' dir='ltr'><strong>plurium</strong></span> <span class='ocrx_word' id='word_1_177' title='bbox 954 2596 1068 2654; x_wconf 81' lang='lat' dir='ltr'><strong>vocum,</strong></span> <span class='ocrx_word' id='word_1_178' title='bbox 1095 2597 1149 2656; x_wconf 83' lang='lat' dir='ltr'><strong>ego</strong></span> <span class='ocrx_word' id='word_1_179' title='bbox 1173 2580 1433 2644; x_wconf 77' lang='lat' dir='ltr'><strong>demonstrationes</strong></span> <span class='ocrx_word' id='word_1_180' title='bbox 1454 2580 1644 2642; x_wconf 87' lang='lat' dir='ltr'><strong>matbemati-</strong></span> 
     </span>
     <span class='ocr_line' id='line_1_17' title="bbox 301 2666 1645 2746; baseline 0.004 -20"><span class='ocrx_word' id='word_1_181' title='bbox 301 2684 352 2726; x_wconf 85' lang='lat' dir='ltr'><strong>eas</strong></span> <span class='ocrx_word' id='word_1_182' title='bbox 374 2670 519 2726; x_wconf 89' lang='lat' dir='ltr'><strong>concinno</strong></span> <span class='ocrx_word' id='word_1_183' title='bbox 538 2669 751 2744; x_wconf 84' lang='lat' dir='ltr'><strong>plerorumque,</strong></span> <span class='ocrx_word' id='word_1_184' title='bbox 775 2686 851 2745; x_wconf 87' lang='lat' dir='ltr'><strong>quae</strong></span> <span class='ocrx_word' id='word_1_185' title='bbox 874 2668 1043 2728; x_wconf 89' lang='lat' dir='ltr'><strong>naturaliter</strong></span> <span class='ocrx_word' id='word_1_186' title='bbox 1065 2670 1215 2727; x_wconf 81' lang='lat' dir='ltr'><strong>insuutin</strong></span> <span class='ocrx_word' id='word_1_187' title='bbox 1239 2675 1328 2727; x_wconf 90' lang='lat' dir='ltr'><strong>cautu</strong></span> <span class='ocrx_word' id='word_1_188' title='bbox 1348 2676 1408 2728; x_wconf 89' lang='lat' dir='ltr'><strong>tam</strong></span> <span class='ocrx_word' id='word_1_189' title='bbox 1424 2666 1534 2726; x_wconf 86' lang='lat' dir='ltr'><strong>chorali</strong></span> <span class='ocrx_word' id='word_1_190' title='bbox 1555 2688 1645 2746; x_wconf 87' lang='lat' dir='ltr'><strong>quarn</strong></span> 
     </span>
     <span class='ocr_line' id='line_1_18' title="bbox 291 2753 1644 2833; baseline 0.003 -18"><span class='ocrx_word' id='word_1_191' title='bbox 291 2753 432 2831; x_wconf 72' lang='lat' dir='ltr'><strong>figurato.</strong></span> <span class='ocrx_word' id='word_1_192' title='bbox 446 2759 513 2827; x_wconf 86' lang='lat' dir='ltr'><strong>(IX.)</strong></span> <span class='ocrx_word' id='word_1_193' title='bbox 548 2754 707 2832; x_wconf 83' lang='lat' dir='ltr'><strong>Propterea</strong></span> <span class='ocrx_word' id='word_1_194' title='bbox 729 2758 816 2816; x_wconf 88' lang='lat' dir='ltr'><strong>stium</strong></span> <span class='ocrx_word' id='word_1_195' title='bbox 839 2757 868 2813; x_wconf 90' lang='lat' dir='ltr'><strong>in</strong></span> <span class='ocrx_word' id='word_1_196' title='bbox 891 2758 985 2833; x_wconf 89' lang='lat' dir='ltr'><strong>ipsius</strong></span> <span class='ocrx_word' id='word_1_197' title='bbox 1006 2755 1256 2833; x_wconf 79' lang='lat' dir='ltr'><strong>operapimtmae</strong></span> <span class='ocrx_word' id='word_1_198' title='bbox 1273 2763 1341 2815; x_wconf 91' lang='lat' dir='ltr'><strong>sunt</strong></span> <span class='ocrx_word' id='word_1_199' title='bbox 1355 2757 1502 2832; x_wconf 70' lang='lat' dir='ltr'><strong>picturae,</strong></span> <span class='ocrx_word' id='word_1_200' title='bbox 1526 2759 1555 2814; x_wconf 91' lang='lat' dir='ltr'><strong>in</strong></span> <span class='ocrx_word' id='word_1_201' title='bbox 1578 2777 1644 2819; x_wconf 89' lang='lat' dir='ltr'><strong>meo</strong></span> 
     </span>
     <span class='ocr_line' id='line_1_19' title="bbox 300 2839 1646 2922; baseline 0.003 -22"><span class='ocrx_word' id='word_1_202' title='bbox 300 2839 514 2919; x_wconf 81' lang='lat' dir='ltr'><strong>diagrammate</strong></span> <span class='ocrx_word' id='word_1_203' title='bbox 541 2843 747 2903; x_wconf 86' lang='lat' dir='ltr'><strong>mathematica</strong></span> <span class='ocrx_word' id='word_1_204' title='bbox 773 2844 865 2903; x_wconf 89' lang='lat' dir='ltr'><strong>literis</strong></span> <span class='ocrx_word' id='word_1_205' title='bbox 895 2846 1045 2904; x_wconf 86' lang='lat' dir='ltr'><strong>instructa.</strong></span> <span class='ocrx_word' id='word_1_206' title='bbox 1065 2848 1125 2916; x_wconf 79' lang='lat' dir='ltr'>(x.)</span> <span class='ocrx_word' id='word_1_207' title='bbox 1166 2843 1402 2922; x_wconf 69' lang='lat' dir='ltr'><strong>vinearetum,</strong></span> <span class='ocrx_word' id='word_1_208' title='bbox 1433 2845 1529 2917; x_wconf 90' lang='lat' dir='ltr'><strong>ipsum</strong></span> <span class='ocrx_word' id='word_1_209' title='bbox 1551 2843 1646 2921; x_wconf 91' lang='lat' dir='ltr'><strong>pluri-</strong></span> 
     </span>
     <span class='ocr_line' id='line_1_20' title="bbox 287 2929 1645 3007; baseline 0.004 -19"><span class='ocrx_word' id='word_1_210' title='bbox 287 2946 378 2988; x_wconf 37' lang='lat' dir='ltr'><strong>rmum</strong></span> <span class='ocrx_word' id='word_1_211' title='bbox 402 2929 540 2991; x_wconf 84' lang='lat' dir='ltr'><strong>delectari</strong></span> <span class='ocrx_word' id='word_1_212' title='bbox 564 2948 657 2990; x_wconf 90' lang='lat' dir='ltr'><strong>rerum</strong></span> <span class='ocrx_word' id='word_1_213' title='bbox 681 2932 896 3007; x_wconf 81' lang='lat' dir='ltr'><strong>aenigmatibus</strong></span> <span class='ocrx_word' id='word_1_214' title='bbox 918 2931 1096 3005; x_wconf 87' lang='lat' dir='ltr'><strong>tenebrosis,</strong></span> <span class='ocrx_word' id='word_1_215' title='bbox 1128 2947 1194 2989; x_wconf 91' lang='lat' dir='ltr'><strong>cum</strong></span> <span class='ocrx_word' id='word_1_216' title='bbox 1217 2948 1272 3007; x_wconf 90' lang='lat' dir='ltr'><strong>ego</strong></span> <span class='ocrx_word' id='word_1_217' title='bbox 1295 2948 1341 2990; x_wconf 90' lang='lat' dir='ltr'><strong>res</strong></span> <span class='ocrx_word' id='word_1_218' title='bbox 1364 2933 1444 3007; x_wconf 92' lang='lat' dir='ltr'><strong>ipsas</strong></span> <span class='ocrx_word' id='word_1_219' title='bbox 1466 2929 1645 2994; x_wconf 87' lang='lat' dir='ltr'><strong>ubscuritate</strong></span> 
     </span>
     <span class='ocr_line' id='line_1_21' title="bbox 298 3015 1646 3099; baseline 0.004 -25"><span class='ocrx_word' id='word_1_220' title='bbox 298 3015 447 3078; x_wconf 78' lang='lat' dir='ltr'><strong>involutas</strong></span> <span class='ocrx_word' id='word_1_221' title='bbox 469 3019 499 3075; x_wconf 89' lang='lat' dir='ltr'><strong>iu</strong></span> <span class='ocrx_word' id='word_1_222' title='bbox 521 3017 615 3078; x_wconf 87' lang='lat' dir='ltr'><strong>lucem</strong></span> <span class='ocrx_word' id='word_1_223' title='bbox 639 3018 805 3078; x_wconf 87' lang='lat' dir='ltr'><strong>intellectus</strong></span> <span class='ocrx_word' id='word_1_224' title='bbox 827 3018 954 3095; x_wconf 84' lang='lat' dir='ltr'><strong>prolerre</strong></span> <span class='ocrx_word' id='word_1_225' title='bbox 977 3021 1062 3079; x_wconf 89' lang='lat' dir='ltr'><strong>nitar.</strong></span> <span class='ocrx_word' id='word_1_226' title='bbox 1107 3017 1184 3077; x_wconf 89' lang='lat' dir='ltr'><strong>iilud</strong></span> <span class='ocrx_word' id='word_1_227' title='bbox 1207 3017 1325 3094; x_wconf 83' lang='lat' dir='ltr'><strong>quidem</strong></span> <span class='ocrx_word' id='word_1_228' title='bbox 1348 3017 1490 3078; x_wconf 78' lang='lat' dir='ltr'><strong>familiare</strong></span> <span class='ocrx_word' id='word_1_229' title='bbox 1514 3028 1559 3079; x_wconf 88' lang='lat' dir='ltr'><strong>est</strong></span> <span class='ocrx_word' id='word_1_230' title='bbox 1572 3020 1646 3099; x_wconf 86' lang='lat' dir='ltr'><strong>chy·</strong></span> 
     </span>
     <span class='ocr_line' id='line_1_22' title="bbox 304 3104 1543 3182; baseline -0.003 -19"><span class='ocrx_word' id='word_1_231' title='bbox 304 3106 403 3177; x_wconf 79' lang='lat' dir='ltr'><strong>micis,</strong></span> <span class='ocrx_word' id='word_1_232' title='bbox 426 3104 606 3180; x_wconf 89' lang='lat' dir='ltr'><strong>hermeticis,</strong></span> <span class='ocrx_word' id='word_1_233' title='bbox 630 3105 843 3179; x_wconf 86' lang='lat' dir='ltr'><strong>Parscslsistis,</strong></span> <span class='ocrx_word' id='word_1_234' title='bbox 864 3105 921 3165; x_wconf 84' lang='lat' dir='ltr'><strong>lroc</strong></span> <span class='ocrx_word' id='word_1_235' title='bbox 943 3109 1091 3182; x_wconf 91' lang='lat' dir='ltr'><strong>proprium</strong></span> <span class='ocrx_word' id='word_1_236' title='bbox 1113 3105 1224 3165; x_wconf 87' lang='lat' dir='ltr'><strong>babent</strong></span> <span class='ocrx_word' id='word_1_237' title='bbox 1245 3105 1452 3165; x_wconf 85' lang='lat' dir='ltr'><strong>mathematici.</strong></span> <span class='ocrx_word' id='word_1_238' title='bbox 1474 3111 1543 3179; x_wconf 79' lang='lat' dir='ltr'><strong>(xi.)</strong></span> 
     </span>
     <span class='ocr_line' id='line_1_23' title="bbox 386 3192 1645 3269; baseline 0.002 -18"><span class='ocrx_word' id='word_1_239' title='bbox 386 3192 530 3268; x_wconf 80' lang='lat' dir='ltr'><strong>Adeoque</strong></span> <span class='ocrx_word' id='word_1_240' title='bbox 557 3195 645 3253; x_wconf 88' lang='lat' dir='ltr'><strong>etiam</strong></span> <span class='ocrx_word' id='word_1_241' title='bbox 667 3193 750 3253; x_wconf 91' lang='lat' dir='ltr'><strong>libris</strong></span> <span class='ocrx_word' id='word_1_242' title='bbox 773 3194 811 3251; x_wconf 92' lang='lat'><strong>11.</strong></span> <span class='ocrx_word' id='word_1_243' title='bbox 836 3202 865 3253; x_wconf 91' lang='lat' dir='ltr'><strong>ct</strong></span> <span class='ocrx_word' id='word_1_244' title='bbox 886 3193 947 3266; x_wconf 91' lang='lat' dir='ltr'><strong>III,</strong></span> <span class='ocrx_word' id='word_1_245' title='bbox 980 3194 1031 3252; x_wconf 92' lang='lat' dir='ltr'><strong>ubi</strong></span> <span class='ocrx_word' id='word_1_246' title='bbox 1064 3192 1186 3253; x_wconf 88' lang='lat' dir='ltr'><strong>eundem</strong></span> <span class='ocrx_word' id='word_1_247' title='bbox 1217 3192 1330 3253; x_wconf 85' lang='lat' dir='ltr'><strong>mecum</strong></span> <span class='ocrx_word' id='word_1_248' title='bbox 1358 3202 1463 3254; x_wconf 76' lang='lat' dir='ltr'><strong>uacui</strong></span> <span class='ocrx_word' id='word_1_249' title='bbox 1484 3197 1645 3269; x_wconf 84' lang='lat' dir='ltr'><strong>materiam,</strong></span> 
     </span>
     <span class='ocr_line' id='line_1_24' title="bbox 300 3278 1646 3358; baseline 0.003 -20"><span class='ocrx_word' id='word_1_250' title='bbox 300 3278 357 3338; x_wconf 85' lang='lat' dir='ltr'><strong>boc</strong></span> <span class='ocrx_word' id='word_1_251' title='bbox 380 3280 553 3340; x_wconf 87' lang='lat' dir='ltr'><strong>discriminis</strong></span> <span class='ocrx_word' id='word_1_252' title='bbox 575 3288 620 3340; x_wconf 87' lang='lat' dir='ltr'><strong>est</strong></span> <span class='ocrx_word' id='word_1_253' title='bbox 642 3283 716 3341; x_wconf 90' lang='lat' dir='ltr'><strong>inter</strong></span> <span class='ocrx_word' id='word_1_254' title='bbox 737 3298 806 3352; x_wconf 87' lang='lat' dir='ltr'><strong>nos,</strong></span> <span class='ocrx_word' id='word_1_255' title='bbox 838 3280 918 3357; x_wconf 87' lang='lat' dir='ltr'><strong>qnod</strong></span> <span class='ocrx_word' id='word_1_256' title='bbox 941 3298 1017 3356; x_wconf 83' lang='lat' dir='ltr'><strong>quae</strong></span> <span class='ocrx_word' id='word_1_257' title='bbox 1040 3285 1103 3357; x_wconf 90' lang='lat' dir='ltr'><strong>ipse</strong></span> <span class='ocrx_word' id='word_1_258' title='bbox 1127 3282 1295 3340; x_wconf 89' lang='lat' dir='ltr'><strong>transsumit</strong></span> <span class='ocrx_word' id='word_1_259' title='bbox 1316 3300 1335 3341; x_wconf 90' lang='lat' dir='ltr'><strong>a</strong></span> <span class='ocrx_word' id='word_1_260' title='bbox 1358 3283 1519 3352; x_wconf 86' lang='lat' dir='ltr'><strong>veteribus,</strong></span> <span class='ocrx_word' id='word_1_261' title='bbox 1550 3299 1606 3358; x_wconf 84' lang='lat' dir='ltr'><strong>ego</strong></span> <span class='ocrx_word' id='word_1_262' title='bbox 1630 3300 1646 3342; x_wconf 92' lang='lat' dir='ltr'><strong>s</strong></span> 
     </span>
    </p>
   </div>
   <div class='ocr_carea' id='block_1_6' title="bbox 199 3362 1647 3445">
    <p class='ocr_par' dir='ltr' id='par_1_6' title="bbox 199 3362 1647 3445">
     <span class='ocr_line' id='line_1_25' title="bbox 199 3362 1647 3445; baseline 0.003 -22"><span class='ocrx_word' id='word_1_263' title='bbox 199 3362 203 3368; x_wconf 83' lang='lat'>&#39;</span> <span class='ocrx_word' id='word_1_264' title='bbox 297 3382 392 3425; x_wconf 88' lang='lat' dir='ltr'><strong>rerum</strong></span> <span class='ocrx_word' id='word_1_265' title='bbox 415 3375 519 3427; x_wconf 87' lang='lat' dir='ltr'><strong>natura</strong></span> <span class='ocrx_word' id='word_1_266' title='bbox 541 3385 611 3428; x_wconf 91' lang='lat' dir='ltr'><strong>eruo</strong></span> <span class='ocrx_word' id='word_1_267' title='bbox 634 3376 663 3428; x_wconf 88' lang='lat' dir='ltr'><strong>ei</strong></span> <span class='ocrx_word' id='word_1_268' title='bbox 686 3369 725 3428; x_wconf 88' lang='lat' dir='ltr'><strong>ab</strong></span> <span class='ocrx_word' id='word_1_269' title='bbox 746 3370 819 3445; x_wconf 89' lang='lat' dir='ltr'><strong>ipsis</strong></span> <span class='ocrx_word' id='word_1_270' title='bbox 841 3367 1037 3427; x_wconf 82' lang='lat' dir='ltr'><strong>fundamentis</strong></span> <span class='ocrx_word' id='word_1_271' title='bbox 1060 3370 1223 3444; x_wconf 71' lang='lat' dir='ltr'><strong>constituo,</strong></span> <span class='ocrx_word' id='word_1_272' title='bbox 1247 3371 1329 3445; x_wconf 88' lang='lat' dir='ltr'><strong>ipse,</strong></span> <span class='ocrx_word' id='word_1_273' title='bbox 1359 3386 1435 3444; x_wconf 87' lang='lat' dir='ltr'><strong>quae</strong></span> <span class='ocrx_word' id='word_1_274' title='bbox 1455 3372 1585 3445; x_wconf 88' lang='lat' dir='ltr'><strong>accepit,</strong></span> <span class='ocrx_word' id='word_1_275' title='bbox 1611 3387 1647 3429; x_wconf 88' lang='lat' dir='ltr'><strong>ea</strong></span> 
     </span>
    </p>
   </div>
   <div class='ocr_carea' id='block_1_7' title="bbox 297 3451 1648 4494">
    <p class='ocr_par' dir='ltr' id='par_1_7' title="bbox 297 3451 1648 4143">
     <span class='ocr_line' id='line_1_26' title="bbox 298 3451 1646 3537; baseline 0.002 -25"><span class='ocrx_word' id='word_1_276' title='bbox 298 3455 420 3514; x_wconf 80' lang='lat' dir='ltr'><strong>contusa</strong></span> <span class='ocrx_word' id='word_1_277' title='bbox 443 3451 577 3537; x_wconf 86' lang='lat' dir='ltr'><strong>(propter</strong></span> <span class='ocrx_word' id='word_1_278' title='bbox 608 3458 756 3516; x_wconf 85' lang='lat' dir='ltr'><strong>variantes</strong></span> <span class='ocrx_word' id='word_1_279' title='bbox 782 3454 960 3515; x_wconf 88' lang='lat' dir='ltr'><strong>tradentium</strong></span> <span class='ocrx_word' id='word_1_280' title='bbox 982 3451 1158 3536; x_wconf 84' lang='lat' dir='ltr'><strong>sententias)</strong></span> <span class='ocrx_word' id='word_1_281' title='bbox 1182 3465 1210 3516; x_wconf 91' lang='lat' dir='ltr'><strong>et</strong></span> <span class='ocrx_word' id='word_1_282' title='bbox 1239 3457 1401 3516; x_wconf 84' lang='lat' dir='ltr'><strong>incorrecta</strong></span> <span class='ocrx_word' id='word_1_283' title='bbox 1424 3464 1560 3533; x_wconf 90' lang='lat' dir='ltr'><strong>usurpat,</strong></span> <span class='ocrx_word' id='word_1_284' title='bbox 1590 3476 1646 3532; x_wconf 85' lang='lat' dir='ltr'><strong>ego</strong></span> 
     </span>
     <span class='ocr_line' id='line_1_27' title="bbox 297 3540 1648 3622; baseline 0.002 -23"><span class='ocrx_word' id='word_1_285' title='bbox 297 3541 425 3603; x_wconf 81' lang='lat' dir='ltr'><strong>naturali</strong></span> <span class='ocrx_word' id='word_1_286' title='bbox 449 3543 549 3601; x_wconf 85' lang='lat' dir='ltr'><strong>ordine</strong></span> <span class='ocrx_word' id='word_1_287' title='bbox 572 3543 713 3622; x_wconf 87' lang='lat' dir='ltr'><strong>procedo,</strong></span> <span class='ocrx_word' id='word_1_288' title='bbox 742 3552 775 3602; x_wconf 89' lang='lat' dir='ltr'><strong>ut</strong></span> <span class='ocrx_word' id='word_1_289' title='bbox 798 3545 896 3604; x_wconf 88' lang='lat' dir='ltr'><strong>omnia</strong></span> <span class='ocrx_word' id='word_1_290' title='bbox 917 3543 1076 3603; x_wconf 89' lang='lat' dir='ltr'><strong>secundum</strong></span> <span class='ocrx_word' id='word_1_291' title='bbox 1104 3540 1185 3619; x_wconf 90' lang='lat' dir='ltr'><strong>leges</strong></span> <span class='ocrx_word' id='word_1_292' title='bbox 1208 3552 1330 3604; x_wconf 88' lang='lat' dir='ltr'><strong>naturae</strong></span> <span class='ocrx_word' id='word_1_293' title='bbox 1351 3547 1409 3602; x_wconf 87' lang='lat' dir='ltr'><strong>sint</strong></span> <span class='ocrx_word' id='word_1_294' title='bbox 1432 3543 1588 3603; x_wconf 90' lang='lat' dir='ltr'><strong>emendata</strong></span> <span class='ocrx_word' id='word_1_295' title='bbox 1618 3554 1648 3603; x_wconf 91' lang='lat' dir='ltr'><strong>et</strong></span> 
     </span>
     <span class='ocr_line' id='line_1_28' title="bbox 300 3628 1645 3707; baseline 0.002 -20"><span class='ocrx_word' id='word_1_296' title='bbox 300 3628 432 3689; x_wconf 86' lang='lat' dir='ltr'><strong>conlusio</strong></span> <span class='ocrx_word' id='word_1_297' title='bbox 455 3632 578 3704; x_wconf 87' lang='lat' dir='ltr'><strong>vitetur,</strong></span> <span class='ocrx_word' id='word_1_298' title='bbox 612 3630 745 3706; x_wconf 89' lang='lat' dir='ltr'><strong>adeoque</strong></span> <span class='ocrx_word' id='word_1_299' title='bbox 774 3647 811 3691; x_wconf 87' lang='lat' dir='ltr'><strong>ne</strong></span> <span class='ocrx_word' id='word_1_300' title='bbox 834 3630 951 3706; x_wconf 86' lang='lat' dir='ltr'><strong>quidem</strong></span> <span class='ocrx_word' id='word_1_301' title='bbox 982 3629 1020 3688; x_wconf 89' lang='lat' dir='ltr'><strong>ad</strong></span> <span class='ocrx_word' id='word_1_302' title='bbox 1044 3639 1175 3690; x_wconf 87' lang='lat' dir='ltr'><strong>veterum</strong></span> <span class='ocrx_word' id='word_1_303' title='bbox 1197 3631 1308 3707; x_wconf 87' lang='lat' dir='ltr'><strong>placita</strong></span> <span class='ocrx_word' id='word_1_304' title='bbox 1336 3631 1452 3707; x_wconf 76' lang='lat' dir='ltr'><strong>applico</strong></span> <span class='ocrx_word' id='word_1_305' title='bbox 1477 3635 1645 3704; x_wconf 86' lang='lat' dir='ltr'><strong>constituta,</strong></span> 
     </span>
     <span class='ocr_line' id='line_1_29' title="bbox 298 3716 1646 3798; baseline 0.004 -25"><span class='ocrx_word' id='word_1_306' title='bbox 298 3716 353 3774; x_wconf 86' lang='lat' dir='ltr'><strong>nisi</strong></span> <span class='ocrx_word' id='word_1_307' title='bbox 377 3718 427 3776; x_wconf 89' lang='lat' dir='ltr'><strong>ubi</strong></span> <span class='ocrx_word' id='word_1_308' title='bbox 451 3717 582 3778; x_wconf 84' lang='lat' dir='ltr'><strong>conlusio</strong></span> <span class='ocrx_word' id='word_1_309' title='bbox 606 3717 688 3777; x_wconf 84' lang='lat' dir='ltr'><strong>nulls</strong></span> <span class='ocrx_word' id='word_1_310' title='bbox 709 3721 945 3794; x_wconf 65' lang='lat' dir='ltr'><strong>aequitaniam.)</strong></span> <span class='ocrx_word' id='word_1_311' title='bbox 982 3717 1044 3789; x_wconf 91' lang='lat' dir='ltr'><strong>lta,</strong></span> <span class='ocrx_word' id='word_1_312' title='bbox 1076 3718 1126 3777; x_wconf 92' lang='lat' dir='ltr'><strong>ubi</strong></span> <span class='ocrx_word' id='word_1_313' title='bbox 1160 3735 1215 3793; x_wconf 83' lang='lat' dir='ltr'><strong>ego</strong></span> <span class='ocrx_word' id='word_1_314' title='bbox 1245 3726 1358 3779; x_wconf 89' lang='lat' dir='ltr'><strong>veteres</strong></span> <span class='ocrx_word' id='word_1_315' title='bbox 1386 3736 1522 3798; x_wconf 82' lang='lat' dir='ltr'><strong>expresse</strong></span> <span class='ocrx_word' id='word_1_316' title='bbox 1552 3720 1646 3780; x_wconf 81' lang='lat' dir='ltr'><strong>refuto</strong></span> 
     </span>
     <span class='ocr_line' id='line_1_30' title="bbox 298 3801 1647 3891; baseline 0.003 -29"><span class='ocrx_word' id='word_1_317' title='bbox 298 3801 335 3863; x_wconf 90' lang='lat' dir='ltr'><strong>de</strong></span> <span class='ocrx_word' id='word_1_318' title='bbox 348 3805 453 3891; x_wconf 30' lang='lat' dir='ltr'><strong>‚causis</strong></span> <span class='ocrx_word' id='word_1_319' title='bbox 476 3804 747 3865; x_wconf 87' lang='lat' dir='ltr'><strong>concordantiarum</strong></span> <span class='ocrx_word' id='word_1_320' title='bbox 771 3805 955 3877; x_wconf 88' lang='lat' dir='ltr'><strong>disserentes,</strong></span> <span class='ocrx_word' id='word_1_321' title='bbox 979 3805 1021 3864; x_wconf 90' lang='lat' dir='ltr'><strong>ibi</strong></span> <span class='ocrx_word' id='word_1_322' title='bbox 1043 3803 1093 3865; x_wconf 92' lang='lat' dir='ltr'><strong>ille</strong></span> <span class='ocrx_word' id='word_1_323' title='bbox 1115 3813 1230 3867; x_wconf 83' lang='lat' dir='ltr'><strong>veteres</strong></span> <span class='ocrx_word' id='word_1_324' title='bbox 1254 3808 1326 3864; x_wconf 89' lang='lat' dir='ltr'><strong>citra</strong></span> <span class='ocrx_word' id='word_1_325' title='bbox 1336 3805 1529 3866; x_wconf 89' lang='lat' dir='ltr'><strong>dubitationis</strong></span> <span class='ocrx_word' id='word_1_326' title='bbox 1550 3805 1647 3867; x_wconf 87' lang='lat' dir='ltr'><strong>aleam</strong></span> 
     </span>
     <span class='ocr_line' id='line_1_31' title="bbox 299 3891 1647 3974; baseline 0.002 -24"><span class='ocrx_word' id='word_1_327' title='bbox 299 3893 440 3967; x_wconf 86' lang='lat' dir='ltr'><strong>sequitur,</strong></span> <span class='ocrx_word' id='word_1_328' title='bbox 465 3891 500 3951; x_wconf 92' lang='lat' dir='ltr'><strong>de</strong></span> <span class='ocrx_word' id='word_1_329' title='bbox 524 3895 621 3952; x_wconf 90' lang='lat' dir='ltr'><strong>causis</strong></span> <span class='ocrx_word' id='word_1_330' title='bbox 643 3893 806 3953; x_wconf 85' lang='lat' dir='ltr'><strong>verioribus</strong></span> <span class='ocrx_word' id='word_1_331' title='bbox 827 3909 864 3950; x_wconf 91' lang='lat' dir='ltr'><strong>ne</strong></span> <span class='ocrx_word' id='word_1_332' title='bbox 888 3894 999 3965; x_wconf 84' lang='lat' dir='ltr'><strong>cogitat</strong></span> <span class='ocrx_word' id='word_1_333' title='bbox 1021 3892 1253 3974; x_wconf 82' lang='lat' dir='ltr'><strong>quidem.(xl11.)</strong></span> <span class='ocrx_word' id='word_1_334' title='bbox 1300 3892 1364 3954; x_wconf 89' lang='lat' dir='ltr'><strong>Uno</strong></span> <span class='ocrx_word' id='word_1_335' title='bbox 1381 3894 1480 3964; x_wconf 86' lang='lat' dir='ltr'><strong>verbo,</strong></span> <span class='ocrx_word' id='word_1_336' title='bbox 1505 3896 1533 3952; x_wconf 91' lang='lat' dir='ltr'><strong>in</strong></span> <span class='ocrx_word' id='word_1_337' title='bbox 1557 3894 1647 3954; x_wconf 93' lang='lat' dir='ltr'><strong>disci·</strong></span> 
     </span>
     <span class='ocr_line' id='line_1_32' title="bbox 298 3978 1647 4059; baseline 0.003 -23"><span class='ocrx_word' id='word_1_338' title='bbox 298 3978 379 4057; x_wconf 86' lang='lat' dir='ltr'><strong>plina</strong></span> <span class='ocrx_word' id='word_1_339' title='bbox 401 3979 570 4039; x_wconf 85' lang='lat' dir='ltr'><strong>harmonica</strong></span> <span class='ocrx_word' id='word_1_340' title='bbox 593 3979 665 4039; x_wconf 90' lang='lat' dir='ltr'><strong>alter</strong></span> <span class='ocrx_word' id='word_1_341' title='bbox 688 3983 829 4039; x_wconf 89' lang='lat' dir='ltr'><strong>musicum</strong></span> <span class='ocrx_word' id='word_1_342' title='bbox 857 3981 920 4057; x_wconf 80' lang='lat' dir='ltr'><strong>agit</strong></span> <span class='ocrx_word' id='word_1_343' title='bbox 943 3978 1076 4040; x_wconf 87' lang='lat' dir='ltr'><strong>vocalem</strong></span> <span class='ocrx_word' id='word_1_344' title='bbox 1104 3987 1134 4040; x_wconf 90' lang='lat' dir='ltr'><strong>et</strong></span> <span class='ocrx_word' id='word_1_345' title='bbox 1155 3980 1420 4053; x_wconf 86' lang='lat' dir='ltr'><strong>instrumentalem,</strong></span> <span class='ocrx_word' id='word_1_346' title='bbox 1452 3982 1526 4041; x_wconf 89' lang='lat' dir='ltr'><strong>alter</strong></span> <span class='ocrx_word' id='word_1_347' title='bbox 1549 3981 1647 4059; x_wconf 87' lang='lat' dir='ltr'><strong>pbilo-</strong></span> 
     </span>
     <span class='ocr_line' id='line_1_33' title="bbox 297 4066 743 4143; baseline 0.011 -18"><span class='ocrx_word' id='word_1_348' title='bbox 297 4066 421 4143; x_wconf 83' lang='lat' dir='ltr'><strong>supbum</strong></span> <span class='ocrx_word' id='word_1_349' title='bbox 445 4076 475 4127; x_wconf 89' lang='lat' dir='ltr'><strong>et</strong></span> <span class='ocrx_word' id='word_1_350' title='bbox 496 4068 743 4130; x_wconf 89' lang='lat' dir='ltr'><strong>mathematicum.</strong></span> 
     </span>
    </p>

    <p class='ocr_par' dir='ltr' id='par_1_8' title="bbox 298 4153 1647 4494">
     <span class='ocr_line' id='line_1_34' title="bbox 386 4153 1647 4226; baseline 0.001 -13"><span class='ocrx_word' id='word_1_351' title='bbox 386 4153 456 4215; x_wconf 89' lang='lat' dir='ltr'><strong>Jam</strong></span> <span class='ocrx_word' id='word_1_352' title='bbox 478 4154 515 4213; x_wconf 89' lang='lat' dir='ltr'><strong>ad</strong></span> <span class='ocrx_word' id='word_1_353' title='bbox 539 4155 663 4216; x_wconf 82' lang='lat' dir='ltr'><strong>alterum</strong></span> <span class='ocrx_word' id='word_1_354' title='bbox 686 4154 813 4214; x_wconf 88' lang='lat' dir='ltr'><strong>aucturis</strong></span> <span class='ocrx_word' id='word_1_355' title='bbox 835 4153 932 4213; x_wconf 78' lang='lat' dir='ltr'><strong>lucrum</strong></span> <span class='ocrx_word' id='word_1_356' title='bbox 956 4163 1152 4226; x_wconf 87' lang='lat' dir='ltr'><strong>transeamus,</strong></span> <span class='ocrx_word' id='word_1_357' title='bbox 1185 4154 1235 4213; x_wconf 90' lang='lat' dir='ltr'><strong>ubi</strong></span> <span class='ocrx_word' id='word_1_358' title='bbox 1263 4155 1403 4213; x_wconf 87' lang='lat' dir='ltr'><strong>musicam</strong></span> <span class='ocrx_word' id='word_1_359' title='bbox 1427 4154 1475 4213; x_wconf 90' lang='lat' dir='ltr'><strong>ille</strong></span> <span class='ocrx_word' id='word_1_360' title='bbox 1506 4156 1536 4212; x_wconf 91' lang='lat' dir='ltr'><strong>in</strong></span> <span class='ocrx_word' id='word_1_361' title='bbox 1560 4173 1647 4214; x_wconf 89' lang='lat' dir='ltr'><strong>muu-</strong></span> 
     </span>
     <span class='ocr_line' id='line_1_35' title="bbox 300 4240 1646 4318; baseline 0.002 -19"><span class='ocrx_word' id='word_1_362' title='bbox 300 4240 370 4300; x_wconf 88' lang='lat' dir='ltr'><strong>dum</strong></span> <span class='ocrx_word' id='word_1_363' title='bbox 392 4241 560 4301; x_wconf 88' lang='lat' dir='ltr'><strong>introducit.</strong></span> <span class='ocrx_word' id='word_1_364' title='bbox 604 4242 662 4303; x_wconf 87' lang='lat' dir='ltr'><strong>Hic</strong></span> <span class='ocrx_word' id='word_1_365' title='bbox 682 4259 754 4301; x_wconf 81' lang='lat' dir='ltr'><strong>vero</strong></span> <span class='ocrx_word' id='word_1_366' title='bbox 778 4243 903 4301; x_wconf 87' lang='lat' dir='ltr'><strong>immune</strong></span> <span class='ocrx_word' id='word_1_367' title='bbox 926 4251 1066 4318; x_wconf 84' lang='lat' dir='ltr'><strong>quantum</strong></span> <span class='ocrx_word' id='word_1_368' title='bbox 1090 4242 1164 4299; x_wconf 87' lang='lat' dir='ltr'><strong>inter</strong></span> <span class='ocrx_word' id='word_1_369' title='bbox 1178 4257 1232 4302; x_wconf 91' lang='lat' dir='ltr'><strong>uos</strong></span> <span class='ocrx_word' id='word_1_370' title='bbox 1249 4241 1401 4301; x_wconf 87' lang='lat' dir='ltr'><strong>discrimen</strong></span> <span class='ocrx_word' id='word_1_371' title='bbox 1420 4253 1472 4302; x_wconf 84' lang='lat' dir='ltr'><strong>est</strong></span> <span class='ocrx_word' id='word_1_372' title='bbox 1518 4242 1646 4302; x_wconf 89' lang='lat' dir='ltr'><strong>Primum</strong></span> 
     </span>
     <span class='ocr_line' id='line_1_36' title="bbox 299 4327 1646 4405; baseline 0.002 -18"><span class='ocrx_word' id='word_1_373' title='bbox 299 4346 373 4404; x_wconf 84' lang='lat' dir='ltr'><strong>quas</strong></span> <span class='ocrx_word' id='word_1_374' title='bbox 395 4327 445 4391; x_wconf 84' lang='lat' dir='ltr'><strong>ille</strong></span> <span class='ocrx_word' id='word_1_375' title='bbox 467 4329 634 4390; x_wconf 88' lang='lat' dir='ltr'><strong>harmonias</strong></span> <span class='ocrx_word' id='word_1_376' title='bbox 664 4330 769 4389; x_wconf 91' lang='lat' dir='ltr'><strong>docere</strong></span> <span class='ocrx_word' id='word_1_377' title='bbox 800 4328 937 4402; x_wconf 91' lang='lat' dir='ltr'><strong>intendit,</strong></span> <span class='ocrx_word' id='word_1_378' title='bbox 970 4346 1023 4388; x_wconf 91' lang='lat' dir='ltr'><strong>sae</strong></span> <span class='ocrx_word' id='word_1_379' title='bbox 1045 4336 1113 4387; x_wconf 89' lang='lat' dir='ltr'><strong>sunt</strong></span> <span class='ocrx_word' id='word_1_380' title='bbox 1143 4331 1215 4388; x_wconf 90' lang='lat' dir='ltr'><strong>meri</strong></span> <span class='ocrx_word' id='word_1_381' title='bbox 1243 4329 1440 4405; x_wconf 88' lang='lat' dir='ltr'><strong>symbolismi‚</strong></span> <span class='ocrx_word' id='word_1_382' title='bbox 1473 4328 1510 4387; x_wconf 93' lang='lat' dir='ltr'><strong>de</strong></span> <span class='ocrx_word' id='word_1_383' title='bbox 1539 4332 1646 4405; x_wconf 83' lang='lat' dir='ltr'><strong>quibus</strong></span> 
     </span>
     <span class='ocr_line' id='line_1_37' title="bbox 298 4414 1647 4494; baseline 0.003 -21"><span class='ocrx_word' id='word_1_384' title='bbox 298 4414 376 4475; x_wconf 89' lang='lat' dir='ltr'><strong>idem</strong></span> <span class='ocrx_word' id='word_1_385' title='bbox 400 4416 485 4489; x_wconf 91' lang='lat' dir='ltr'><strong>dico,</strong></span> <span class='ocrx_word' id='word_1_386' title='bbox 516 4417 596 4493; x_wconf 83' lang='lat' dir='ltr'><strong>quod</strong></span> <span class='ocrx_word' id='word_1_387' title='bbox 618 4417 655 4476; x_wconf 89' lang='lat' dir='ltr'><strong>de</strong></span> <span class='ocrx_word' id='word_1_388' title='bbox 677 4416 876 4494; x_wconf 86' lang='lat' dir='ltr'><strong>symbolismis</strong></span> <span class='ocrx_word' id='word_1_389' title='bbox 899 4415 1074 4488; x_wconf 89' lang='lat' dir='ltr'><strong>Ptolemaei,</strong></span> <span class='ocrx_word' id='word_1_390' title='bbox 1105 4419 1238 4492; x_wconf 75' lang='lat' dir='ltr'><strong>poeticus</strong></span> <span class='ocrx_word' id='word_1_391' title='bbox 1260 4419 1358 4492; x_wconf 89' lang='lat' dir='ltr'><strong>potius</strong></span> <span class='ocrx_word' id='word_1_392' title='bbox 1382 4434 1446 4476; x_wconf 88' lang='lat' dir='ltr'><strong>esse</strong></span> <span class='ocrx_word' id='word_1_393' title='bbox 1473 4424 1525 4476; x_wconf 90' lang='lat' dir='ltr'><strong>aut</strong></span> <span class='ocrx_word' id='word_1_394' title='bbox 1547 4426 1647 4477; x_wconf 91' lang='lat' dir='ltr'><strong>orato-</strong></span> 
     </span>
    </p>
   </div>
   <div class='ocr_carea' id='block_1_8' title="bbox 178 4502 1646 4581">
    <p class='ocr_par' dir='ltr' id='par_1_9' title="bbox 178 4502 1646 4581">
     <span class='ocr_line' id='line_1_38' title="bbox 178 4502 1646 4581; baseline 0.003 -22"><span class='ocrx_word' id='word_1_395' title='bbox 178 4536 180 4539; x_wconf 93' lang='lat'>·</span> <span class='ocrx_word' id='word_1_396' title='bbox 299 4505 368 4577; x_wconf 84' lang='lat' dir='ltr'><strong>rius,</strong></span> <span class='ocrx_word' id='word_1_397' title='bbox 392 4521 480 4580; x_wconf 85' lang='lat' dir='ltr'><strong>quam</strong></span> <span class='ocrx_word' id='word_1_398' title='bbox 504 4503 725 4581; x_wconf 87' lang='lat' dir='ltr'><strong>philosophicus</strong></span> <span class='ocrx_word' id='word_1_399' title='bbox 749 4512 800 4563; x_wconf 86' lang='lat' dir='ltr'><strong>aut</strong></span> <span class='ocrx_word' id='word_1_400' title='bbox 815 4503 1045 4563; x_wconf 87' lang='lat' dir='ltr'><strong>mathematicos.</strong></span> <span class='ocrx_word' id='word_1_401' title='bbox 1063 4508 1150 4573; x_wconf 82' lang='lat' dir='ltr'><strong>(xlv.)</strong></span> <span class='ocrx_word' id='word_1_402' title='bbox 1191 4502 1273 4563; x_wconf 87' lang='lat' dir='ltr'><strong>Haec</strong></span> <span class='ocrx_word' id='word_1_403' title='bbox 1290 4506 1387 4563; x_wconf 88' lang='lat' dir='ltr'><strong>anima</strong></span> <span class='ocrx_word' id='word_1_404' title='bbox 1404 4513 1449 4563; x_wconf 91' lang='lat' dir='ltr'><strong>est</strong></span> <span class='ocrx_word' id='word_1_405' title='bbox 1463 4507 1554 4564; x_wconf 87' lang='lat' dir='ltr'><strong>totins</strong></span> <span class='ocrx_word' id='word_1_406' title='bbox 1569 4506 1646 4564; x_wconf 91' lang='lat' dir='ltr'><strong>illius</strong></span> 
     </span>
    </p>
   </div>
   <div class='ocr_carea' id='block_1_9' title="bbox 247 4588 1646 4756">
    <p class='ocr_par' dir='ltr' id='par_1_10' title="bbox 247 4588 1646 4756">
     <span class='ocr_line' id='line_1_39' title="bbox 247 4588 1646 4668; baseline 0 -18"><span class='ocrx_word' id='word_1_407' title='bbox 247 4650 249 4655; x_wconf 84' lang='grc'><strong>,</strong></span> <span class='ocrx_word' id='word_1_408' title='bbox 298 4593 404 4667; x_wconf 89' lang='lat' dir='ltr'><strong>operis,</strong></span> <span class='ocrx_word' id='word_1_409' title='bbox 425 4600 460 4650; x_wconf 90' lang='lat' dir='ltr'><strong>ut</strong></span> <span class='ocrx_word' id='word_1_410' title='bbox 483 4591 531 4651; x_wconf 81' lang='lat' dir='ltr'><strong>vel</strong></span> <span class='ocrx_word' id='word_1_411' title='bbox 553 4610 589 4651; x_wconf 84' lang='lat' dir='ltr'><strong>ex</strong></span> <span class='ocrx_word' id='word_1_412' title='bbox 611 4591 698 4651; x_wconf 92' lang='lat' dir='ltr'><strong>titulo</strong></span> <span class='ocrx_word' id='word_1_413' title='bbox 721 4599 803 4668; x_wconf 85' lang='lat' dir='ltr'><strong>patet</strong></span> <span class='ocrx_word' id='word_1_414' title='bbox 824 4592 1017 4651; x_wconf 87' lang='lat' dir='ltr'><strong>Macroeosmi</strong></span> <span class='ocrx_word' id='word_1_415' title='bbox 1040 4599 1070 4650; x_wconf 95' lang='lat' dir='ltr'><strong>et</strong></span> <span class='ocrx_word' id='word_1_416' title='bbox 1085 4588 1278 4650; x_wconf 84' lang='lat' dir='ltr'><strong>llicrocosmi.</strong></span> <span class='ocrx_word' id='word_1_417' title='bbox 1324 4591 1398 4650; x_wconf 87' lang='lat' dir='ltr'><strong>Nam</strong></span> <span class='ocrx_word' id='word_1_418' title='bbox 1416 4594 1445 4649; x_wconf 89' lang='lat' dir='ltr'><strong>in</strong></span> <span class='ocrx_word' id='word_1_419' title='bbox 1460 4600 1539 4652; x_wconf 89' lang='lat' dir='ltr'><strong>torno</strong></span> <span class='ocrx_word' id='word_1_420' title='bbox 1555 4594 1646 4651; x_wconf 87' lang='lat' dir='ltr'><strong>altero</strong></span> 
     </span>
     <span class='ocr_line' id='line_1_40' title="bbox 297 4675 1646 4756; baseline 0.002 -21"><span class='ocrx_word' id='word_1_421' title='bbox 297 4677 495 4739; x_wconf 87' lang='lat' dir='ltr'><strong>demonstrare</strong></span> <span class='ocrx_word' id='word_1_422' title='bbox 525 4678 742 4756; x_wconf 89' lang='lat' dir='ltr'><strong>proculdubio</strong></span> <span class='ocrx_word' id='word_1_423' title='bbox 771 4679 903 4738; x_wconf 89' lang='lat' dir='ltr'><strong>intendet</strong></span> <span class='ocrx_word' id='word_1_424' title='bbox 930 4678 1029 4737; x_wconf 91' lang='lat' dir='ltr'><strong>nobile</strong></span> <span class='ocrx_word' id='word_1_425' title='bbox 1053 4675 1125 4736; x_wconf 90' lang='lat' dir='ltr'><strong>illud</strong></span> <span class='ocrx_word' id='word_1_426' title='bbox 1156 4677 1270 4750; x_wconf 84' lang='lat' dir='ltr'><strong>tlrema,</strong></span> <span class='ocrx_word' id='word_1_427' title='bbox 1300 4680 1390 4738; x_wconf 81' lang='lat' dir='ltr'><strong>tonus</strong></span> <span class='ocrx_word' id='word_1_428' title='bbox 1420 4679 1520 4738; x_wconf 91' lang='lat' dir='ltr'><strong>mundi</strong></span> <span class='ocrx_word' id='word_1_429' title='bbox 1549 4683 1646 4755; x_wconf 87' lang='lat' dir='ltr'><strong>magni</strong></span> 
     </span>
    </p>
   </div>
   <div class='ocr_carea' id='block_1_10' title="bbox 176 4764 1647 4844">
    <p class='ocr_par' dir='ltr' id='par_1_11' title="bbox 176 4764 1647 4844">
     <span class='ocr_line' id='line_1_41' title="bbox 176 4764 1647 4844; baseline 0.002 -22"><span class='ocrx_word' id='word_1_430' title='bbox 176 4836 178 4840; x_wconf 17' lang='grc' dir='ltr'><strong><em>ι</em></strong></span> <span class='ocrx_word' id='word_1_431' title='bbox 298 4769 486 4843; x_wconf 89' lang='lat' dir='ltr'><strong>omniumque</strong></span> <span class='ocrx_word' id='word_1_432' title='bbox 515 4768 579 4842; x_wconf 85' lang='lat' dir='ltr'><strong>ejus</strong></span> <span class='ocrx_word' id='word_1_433' title='bbox 605 4768 732 4843; x_wconf 88' lang='lat' dir='ltr'><strong>partium</strong></span> <span class='ocrx_word' id='word_1_434' title='bbox 763 4765 844 4826; x_wconf 84' lang='lat' dir='ltr'><strong>ideas</strong></span> <span class='ocrx_word' id='word_1_435' title='bbox 867 4769 984 4844; x_wconf 86' lang='lat' dir='ltr'><strong>reperiri</strong></span> <span class='ocrx_word' id='word_1_436' title='bbox 1015 4768 1044 4823; x_wconf 92' lang='lat' dir='ltr'><strong>in</strong></span> <span class='ocrx_word' id='word_1_437' title='bbox 1068 4764 1193 4824; x_wconf 89' lang='lat' dir='ltr'><strong>homine.</strong></span> <span class='ocrx_word' id='word_1_438' title='bbox 1239 4765 1322 4825; x_wconf 88' lang='lat' dir='ltr'><strong>Haec</strong></span> <span class='ocrx_word' id='word_1_439' title='bbox 1353 4764 1456 4825; x_wconf 89' lang='lat' dir='ltr'><strong>eadem</strong></span> <span class='ocrx_word' id='word_1_440' title='bbox 1482 4770 1581 4827; x_wconf 89' lang='lat' dir='ltr'><strong>anima</strong></span> <span class='ocrx_word' id='word_1_441' title='bbox 1603 4777 1647 4826; x_wconf 92' lang='lat' dir='ltr'><strong>est</strong></span> 
     </span>
    </p>
   </div>
   <div class='ocr_carea' id='block_1_11' title="bbox 294 4853 1647 5719">
    <p class='ocr_par' dir='ltr' id='par_1_12' title="bbox 294 4853 1647 5719">
     <span class='ocr_line' id='line_1_42' title="bbox 299 4853 1645 4933; baseline 0.001 -21"><span class='ocrx_word' id='word_1_442' title='bbox 299 4863 329 4912; x_wconf 89' lang='lat' dir='ltr'><strong>et</strong></span> <span class='ocrx_word' id='word_1_443' title='bbox 350 4856 434 4933; x_wconf 88' lang='lat' dir='ltr'><strong>primi</strong></span> <span class='ocrx_word' id='word_1_444' title='bbox 458 4856 540 4931; x_wconf 86' lang='lat' dir='ltr'><strong>torni,</strong></span> <span class='ocrx_word' id='word_1_445' title='bbox 564 4857 634 4929; x_wconf 88' lang='lat' dir='ltr'><strong>quia</strong></span> <span class='ocrx_word' id='word_1_446' title='bbox 657 4862 750 4914; x_wconf 86' lang='lat' dir='ltr'><strong>totum</strong></span> <span class='ocrx_word' id='word_1_447' title='bbox 772 4853 912 4913; x_wconf 91' lang='lat' dir='ltr'><strong>mundum</strong></span> <span class='ocrx_word' id='word_1_448' title='bbox 936 4853 1084 4912; x_wconf 89' lang='lat' dir='ltr'><strong>distribuit</strong></span> <span class='ocrx_word' id='word_1_449' title='bbox 1105 4855 1133 4909; x_wconf 91' lang='lat' dir='ltr'><strong>in</strong></span> <span class='ocrx_word' id='word_1_450' title='bbox 1158 4862 1215 4911; x_wconf 91' lang='lat' dir='ltr'><strong>tres</strong></span> <span class='ocrx_word' id='word_1_451' title='bbox 1237 4855 1387 4929; x_wconf 86' lang='lat' dir='ltr'><strong>regiones,</strong></span> <span class='ocrx_word' id='word_1_452' title='bbox 1415 4854 1465 4912; x_wconf 91' lang='lat' dir='ltr'><strong>ubi</strong></span> <span class='ocrx_word' id='word_1_453' title='bbox 1486 4855 1645 4914; x_wconf 90' lang='lat' dir='ltr'><strong>secundum</strong></span> 
     </span>
     <span class='ocr_line' id='line_1_43' title="bbox 300 4917 1646 5018; baseline 0.001 -19"><span class='ocrx_word' id='word_1_454' title='bbox 300 4941 560 5001; x_wconf 80' lang='lat' dir='ltr'><strong>salebratissimum</strong></span> <span class='ocrx_word' id='word_1_455' title='bbox 594 4941 665 5001; x_wconf 89' lang='lat' dir='ltr'><strong>illud</strong></span> <span class='ocrx_word' id='word_1_456' title='bbox 685 4917 835 5001; x_wconf 55' lang='lat' dir='ltr'><strong>metis</strong></span> <span class='ocrx_word' id='word_1_457' title='bbox 862 4944 980 5000; x_wconf 87' lang='lat' dir='ltr'><strong>axioma</strong></span> <span class='ocrx_word' id='word_1_458' title='bbox 1006 4941 1251 5015; x_wconf 66' lang='lat' dir='ltr'><strong>supernumerari</strong></span> <span class='ocrx_word' id='word_1_459' title='bbox 1279 4958 1329 4999; x_wconf 91' lang='lat' dir='ltr'><strong>seu</strong></span> <span class='ocrx_word' id='word_1_460' title='bbox 1354 4940 1482 5018; x_wconf 86' lang='lat' dir='ltr'><strong>analoga</strong></span> <span class='ocrx_word' id='word_1_461' title='bbox 1503 4943 1575 5002; x_wconf 81' lang='lat' dir='ltr'><strong>iacit</strong></span> <span class='ocrx_word' id='word_1_462' title='bbox 1596 4946 1646 5001; x_wconf 86' lang='lat' dir='ltr'><strong>in-</strong></span> 
     </span>
     <span class='ocr_line' id='line_1_44' title="bbox 294 5025 1646 5105; baseline 0.001 -18"><span class='ocrx_word' id='word_1_463' title='bbox 294 5030 376 5105; x_wconf 72' lang='lat' dir='ltr'><strong>feris.</strong></span> <span class='ocrx_word' id='word_1_464' title='bbox 421 5028 503 5089; x_wconf 89' lang='lat' dir='ltr'><strong>Haec</strong></span> <span class='ocrx_word' id='word_1_465' title='bbox 536 5045 606 5088; x_wconf 85' lang='lat' dir='ltr'><strong>vero</strong></span> <span class='ocrx_word' id='word_1_466' title='bbox 635 5028 773 5105; x_wconf 84' lang='lat' dir='ltr'><strong>analogia</strong></span> <span class='ocrx_word' id='word_1_467' title='bbox 795 5037 826 5088; x_wconf 93' lang='lat' dir='ltr'><strong>ut</strong></span> <span class='ocrx_word' id='word_1_468' title='bbox 849 5046 902 5105; x_wconf 90' lang='lat' dir='ltr'><strong>per</strong></span> <span class='ocrx_word' id='word_1_469' title='bbox 925 5028 1023 5086; x_wconf 85' lang='lat' dir='ltr'><strong>omnia</strong></span> <span class='ocrx_word' id='word_1_470' title='bbox 1048 5025 1203 5099; x_wconf 88' lang='lat' dir='ltr'><strong>succedat,</strong></span> <span class='ocrx_word' id='word_1_471' title='bbox 1234 5045 1322 5104; x_wconf 88' lang='lat' dir='ltr'><strong>saepe</strong></span> <span class='ocrx_word' id='word_1_472' title='bbox 1345 5029 1471 5087; x_wconf 89' lang='lat' dir='ltr'><strong>crinibus</strong></span> <span class='ocrx_word' id='word_1_473' title='bbox 1505 5029 1646 5089; x_wconf 86' lang='lat' dir='ltr'><strong>trahenda</strong></span> 
     </span>
     <span class='ocr_line' id='line_1_45' title="bbox 297 5113 1646 5197; baseline 0.004 -25"><span class='ocrx_word' id='word_1_474' title='bbox 297 5124 373 5189; x_wconf 88' lang='lat' dir='ltr'><strong>suut,</strong></span> <span class='ocrx_word' id='word_1_475' title='bbox 397 5133 475 5192; x_wconf 85' lang='lat' dir='ltr'><strong>quae</strong></span> <span class='ocrx_word' id='word_1_476' title='bbox 498 5120 634 5193; x_wconf 85' lang='lat' dir='ltr'><strong>utrinque</strong></span> <span class='ocrx_word' id='word_1_477' title='bbox 656 5124 869 5194; x_wconf 83' lang='lat' dir='ltr'><strong>comparantur.</strong></span> <span class='ocrx_word' id='word_1_478' title='bbox 886 5120 963 5183; x_wconf 73' lang='lat' dir='ltr'><strong>(XV)</strong></span> <span class='ocrx_word' id='word_1_479' title='bbox 994 5114 1064 5172; x_wconf 86' lang='lat' dir='ltr'><strong>Mea</strong></span> <span class='ocrx_word' id='word_1_480' title='bbox 1077 5113 1123 5197; x_wconf 90' lang='lat' dir='ltr'><strong>de</strong></span> <span class='ocrx_word' id='word_1_481' title='bbox 1145 5114 1289 5190; x_wconf 87' lang='lat' dir='ltr'><strong>analogiis</strong></span> <span class='ocrx_word' id='word_1_482' title='bbox 1312 5118 1459 5175; x_wconf 85' lang='lat' dir='ltr'><strong>sententie</strong></span> <span class='ocrx_word' id='word_1_483' title='bbox 1480 5135 1517 5176; x_wconf 88' lang='lat' dir='ltr'><strong>ex</strong></span> <span class='ocrx_word' id='word_1_484' title='bbox 1532 5116 1646 5193; x_wconf 86' lang='lat' dir='ltr'><strong>digres-</strong></span> 
     </span>
     <span class='ocr_line' id='line_1_46' title="bbox 297 5203 1647 5281; baseline 0 -20"><span class='ocrx_word' id='word_1_485' title='bbox 297 5203 379 5264; x_wconf 90' lang='lat' dir='ltr'><strong>sione</strong></span> <span class='ocrx_word' id='word_1_486' title='bbox 407 5206 436 5260; x_wconf 90' lang='lat' dir='ltr'><strong>in</strong></span> <span class='ocrx_word' id='word_1_487' title='bbox 470 5206 550 5264; x_wconf 86' lang='lat' dir='ltr'><strong>calce</strong></span> <span class='ocrx_word' id='word_1_488' title='bbox 574 5206 629 5264; x_wconf 92' lang='lat' dir='ltr'><strong>mei</strong></span> <span class='ocrx_word' id='word_1_489' title='bbox 653 5204 719 5264; x_wconf 90' lang='lat' dir='ltr'><strong>libri</strong></span> <span class='ocrx_word' id='word_1_490' title='bbox 742 5204 797 5263; x_wconf 91' lang='grc' dir='ltr'><strong>ΠΙ.</strong></span> <span class='ocrx_word' id='word_1_491' title='bbox 830 5211 925 5279; x_wconf 88' lang='lat' dir='ltr'><strong>patet;</strong></span> <span class='ocrx_word' id='word_1_492' title='bbox 958 5203 1091 5260; x_wconf 89' lang='lat' dir='ltr'><strong>nimirum</strong></span> <span class='ocrx_word' id='word_1_493' title='bbox 1123 5204 1177 5260; x_wconf 91' lang='lat' dir='ltr'><strong>etsi</strong></span> <span class='ocrx_word' id='word_1_494' title='bbox 1207 5203 1346 5279; x_wconf 85' lang='lat' dir='ltr'><strong>analogia</strong></span> <span class='ocrx_word' id='word_1_495' title='bbox 1374 5205 1594 5281; x_wconf 88' lang='lat' dir='ltr'><strong>proportionum</strong></span> <span class='ocrx_word' id='word_1_496' title='bbox 1617 5207 1647 5262; x_wconf 91' lang='lat' dir='ltr'><strong>in</strong></span> 
     </span>
     <span class='ocr_line' id='line_1_47' title="bbox 294 5290 1646 5367; baseline 0.001 -17"><span class='ocrx_word' id='word_1_497' title='bbox 294 5291 480 5365; x_wconf 74' lang='lat' dir='ltr'><strong>geometricis</strong></span> <span class='ocrx_word' id='word_1_498' title='bbox 503 5291 627 5351; x_wconf 76' lang='lat' dir='ltr'><strong>formale</strong></span> <span class='ocrx_word' id='word_1_499' title='bbox 650 5291 719 5367; x_wconf 87' lang='lat' dir='ltr'><strong>quid</strong></span> <span class='ocrx_word' id='word_1_500' title='bbox 743 5299 796 5362; x_wconf 90' lang='lat' dir='ltr'><strong>est,</strong></span> <span class='ocrx_word' id='word_1_501' title='bbox 820 5297 954 5367; x_wconf 89' lang='lat' dir='ltr'><strong>respectu</strong></span> <span class='ocrx_word' id='word_1_502' title='bbox 977 5290 1224 5367; x_wconf 25' lang='lat' dir='ltr'><strong>ipsius-materiae</strong></span> <span class='ocrx_word' id='word_1_503' title='bbox 1246 5294 1460 5364; x_wconf 85' lang='lat' dir='ltr'><strong>quantitativae</strong></span> <span class='ocrx_word' id='word_1_504' title='bbox 1476 5291 1646 5352; x_wconf 84' lang='lat' dir='ltr'><strong>indefinitae</strong></span> 
     </span>
     <span class='ocr_line' id='line_1_48' title="bbox 297 5377 1646 5457; baseline 0.002 -21"><span class='ocrx_word' id='word_1_505' title='bbox 297 5385 327 5436; x_wconf 87' lang='lat' dir='ltr'><strong>et</strong></span> <span class='ocrx_word' id='word_1_506' title='bbox 348 5378 603 5451; x_wconf 87' lang='lat' dir='ltr'><strong>indeterminatae,</strong></span> <span class='ocrx_word' id='word_1_507' title='bbox 633 5389 729 5437; x_wconf 90' lang='lat' dir='ltr'><strong>tamen</strong></span> <span class='ocrx_word' id='word_1_508' title='bbox 752 5387 886 5454; x_wconf 91' lang='lat' dir='ltr'><strong>respectu</strong></span> <span class='ocrx_word' id='word_1_509' title='bbox 908 5379 1129 5454; x_wconf 88' lang='lat' dir='ltr'><strong>proportionum</strong></span> <span class='ocrx_word' id='word_1_510' title='bbox 1152 5377 1384 5438; x_wconf 88' lang='lat' dir='ltr'><strong>harmonicarum</strong></span> <span class='ocrx_word' id='word_1_511' title='bbox 1406 5380 1567 5439; x_wconf 87' lang='lat' dir='ltr'><strong>materialis</strong></span> <span class='ocrx_word' id='word_1_512' title='bbox 1590 5397 1646 5457; x_wconf 93' lang='lat' dir='ltr'><strong>pu-</strong></span> 
     </span>
     <span class='ocr_line' id='line_1_49' title="bbox 297 5457 1645 5543; baseline 0.003 -22"><span class='ocrx_word' id='word_1_513' title='bbox 297 5465 355 5523; x_wconf 88' lang='lat' dir='ltr'><strong>tius</strong></span> <span class='ocrx_word' id='word_1_514' title='bbox 376 5466 495 5525; x_wconf 82' lang='lat' dir='ltr'><strong>affectio</strong></span> <span class='ocrx_word' id='word_1_515' title='bbox 519 5475 619 5543; x_wconf 88' lang='lat' dir='ltr'><strong>potest</strong></span> <span class='ocrx_word' id='word_1_516' title='bbox 639 5465 754 5535; x_wconf 87' lang='lat' dir='ltr'><strong>baberi,</strong></span> <span class='ocrx_word' id='word_1_517' title='bbox 784 5467 854 5540; x_wconf 86' lang='lat' dir='ltr'><strong>qnia</strong></span> <span class='ocrx_word' id='word_1_518' title='bbox 877 5482 943 5524; x_wconf 89' lang='lat' dir='ltr'><strong>cum</strong></span> <span class='ocrx_word' id='word_1_519' title='bbox 967 5466 1152 5526; x_wconf 84' lang='lat' dir='ltr'><strong>harmonicae</strong></span> <span class='ocrx_word' id='word_1_520' title='bbox 1181 5457 1386 5542; x_wconf 78' lang='lat' dir='ltr'><strong>proportiones</strong></span> <span class='ocrx_word' id='word_1_521' title='bbox 1418 5475 1527 5526; x_wconf 89' lang='lat' dir='ltr'><strong>certam</strong></span> <span class='ocrx_word' id='word_1_522' title='bbox 1550 5485 1645 5543; x_wconf 87' lang='lat' dir='ltr'><strong>qnan-</strong></span> 
     </span>
     <span class='ocr_line' id='line_1_50' title="bbox 299 5551 1646 5634; baseline 0.004 -25"><span class='ocrx_word' id='word_1_523' title='bbox 299 5554 412 5611; x_wconf 88' lang='lat' dir='ltr'><strong>titatem</strong></span> <span class='ocrx_word' id='word_1_524' title='bbox 437 5551 585 5626; x_wconf 88' lang='lat' dir='ltr'><strong>definiant,</strong></span> <span class='ocrx_word' id='word_1_525' title='bbox 609 5551 764 5629; x_wconf 78' lang='lat' dir='ltr'><strong>analogiae</strong></span> <span class='ocrx_word' id='word_1_526' title='bbox 787 5561 888 5611; x_wconf 88' lang='lat' dir='ltr'><strong>contra</strong></span> <span class='ocrx_word' id='word_1_527' title='bbox 919 5571 951 5612; x_wconf 92' lang='lat' dir='ltr'><strong>se</strong></span> <span class='ocrx_word' id='word_1_528' title='bbox 974 5554 1046 5630; x_wconf 88' lang='lat' dir='ltr'><strong>ipsis</strong></span> <span class='ocrx_word' id='word_1_529' title='bbox 1068 5554 1097 5611; x_wconf 92' lang='lat' dir='ltr'><strong>in</strong></span> <span class='ocrx_word' id='word_1_530' title='bbox 1121 5551 1264 5611; x_wconf 85' lang='lat' dir='ltr'><strong>infinitum</strong></span> <span class='ocrx_word' id='word_1_531' title='bbox 1288 5571 1439 5616; x_wconf 82' lang='lat' dir='ltr'><strong>excurrere</strong></span> <span class='ocrx_word' id='word_1_532' title='bbox 1466 5563 1536 5616; x_wconf 90' lang='lat' dir='ltr'><strong>sunt</strong></span> <span class='ocrx_word' id='word_1_533' title='bbox 1558 5563 1646 5634; x_wconf 85' lang='lat' dir='ltr'><strong>aptae</strong></span> 
     </span>
     <span class='ocr_line' id='line_1_51' title="bbox 295 5640 1178 5719; baseline -0.003 -20"><span class='ocrx_word' id='word_1_534' title='bbox 295 5640 389 5699; x_wconf 85' lang='lat' dir='ltr'><strong>etsie</strong></span> <span class='ocrx_word' id='word_1_535' title='bbox 410 5640 598 5700; x_wconf 81' lang='lat' dir='ltr'><strong>materialem</strong></span> <span class='ocrx_word' id='word_1_536' title='bbox 620 5640 771 5700; x_wconf 83' lang='lat' dir='ltr'><strong>infinitatis</strong></span> <span class='ocrx_word' id='word_1_537' title='bbox 794 5640 978 5701; x_wconf 80' lang='lat' dir='ltr'><strong>allectionem</strong></span> <span class='ocrx_word' id='word_1_538' title='bbox 1001 5647 1178 5719; x_wconf 85' lang='lat' dir='ltr'><strong>supponunt.</strong></span> 
     </span>
    </p>
   </div>
   <div class='ocr_carea' id='block_1_12' title="bbox 0 0 1846 7252">
    <p class='ocr_par' dir='ltr' id='par_1_13' title="bbox 0 0 1846 7252">
     <span class='ocr_line' id='line_1_52' title="bbox 0 0 1846 7252; baseline 0 0"><span class='ocrx_word' id='word_1_539' title='bbox 0 0 1846 7252; x_wconf 95' lang='lat' dir='ltr'><strong> </strong></span> 
     </span>
    </p>
   </div>
  </div>
 </body>
</html>
