3684 7259
760 1196 842 1252 Liber
859 1197 906 1253 111.
926 1198 1015 1269 Caput
1031 1199 1081 1255 ua
1268 1214 1272 1223 '
1530 1216 1593 1280 ⁸48

246 1376 345 1507 &tenuta
362 1370 514 1503 sublunari:
534 1388 587 1427 non
606 1372 676 1428 enim
695 1373 789 1440 quanti
806 1374 861 1429 sint
878 1353 968 1429 motus
986 1376 1204 1449 considerantur,
1231 1381 1280 1437 sed
1298 1390 1415 1452 quantos
1432 1386 1461 1442 iu
1478 1388 1537 1445 risu
1554 1391 1594 1448 fa·

339 1466 410 1521 angn
423 1467 461 1505 os.
1531 1475 1536 1487 '

333 1531 407 1586 Nota
424 1530 512 1585 XXII.
547 1525 612 1586 itta
630 1530 736 1586 diversa
754 1532 912 1589 ostenderat
929 1534 956 1588 ln
974 1543 1078 1590 mente:
1103 1502 1329 1608 speculationem,
1352 1542 1499 1616 actionem,
1518 1549 1594 1606 habi.

246 1624 316 1680 tum3
336 1610 363 1663 in
383 1611 476 1665 eadem
494 1610 546 1680 tria
565 1608 740 1665 distribuerat
757 1610 839 1666 etiam
856 1618 942 1667 totam
960 1614 1185 1671 mathematicam.
1223 1616 1302 1684 Quod
1316 1619 1399 1689 igitur
1415 1641 1470 1679 non
1487 1633 1594 1685 tantum

246 1696 404 1766 speculetur
421 1688 644 1755 mathematicus,
662 1688 709 1754 sed
728 1690 809 1745 etiam
828 1698 956 1758 operetur
974 1707 1007 1747 ex
1026 1701 1085 1748 arte
1103 1709 1153 1749 sna
1176 1702 1203 1750 et
1221 1697 1337 1766 denique
1355 1704 1529 1762 artificiosum
1547 1708 1594 1765 ba.

247 1775 333 1831 bitum
351 1774 402 1830 sibi
421 1776 569 1839 comparet,
593 1768 649 1838 jam
674 1784 754 1836 porro
773 1768 870 1837 prohat
895 1786 915 1828 a,
930 1769 1090 1840 sensilibus,
1119 1772 1217 1842 quibus
1241 1776 1333 1831 utitur.
1370 1780 1529 1851 Argumentj
1554 1790 1595 1845 qq,

247 1852 315 1908 haec
333 1862 390 1908 est:
411 1865 508 1907 sensus
527 1855 568 1902 εει
586 1862 675 1904 rerum
693 1854 772 1902 extra
789 1848 905 1903 animam
917 1850 1080 1917 ,rationalem
1099 1852 1284 1921 existentium,
1312 1858 1383 1915 circe
1400 1877 1468 1931 quas
1486 1873 1594 1925 versan-

247 1941 292 1989 tur
309 1933 429 1988 actiones
455 1936 482 1983 ει
506 1926 692 1996 operationes;
720 1927 744 1981 si
768 1941 832 1997 ergo
859 1928 975 1997 subjecti
992 1930 1175 1986 mathematici
1199 1932 1373 2001 pulchritudo
1403 1957 1464 1997 sese
1489 1950 1594 2003 tantum

246 2014 317 2067 intra
334 2010 432 2065 mentis
450 2008 552 2063 lumina
570 2007 733 2073 contineret,
760 2022 811 2062 nec
830 2005 902 2061 foras
921 2008 950 2061 in
968 2010 1088 2064 actiones
1106 2018 1133 2065 ει
1151 2009 1260 2066 habitus
1278 2028 1339 2068 sese
1357 2018 1503 2091 proferret,
1530 2031 1595 2082 tunc

247 2091 333 2161 primo
348 2088 539 2146 mathematica
556 2102 610 2139 uon
630 2093 752 2140 uteretur
770 2085 894 2140 acoribus
908 2086 997 2156 certis,
1016 2088 1112 2147 deinde
1131 2088 1205 2144 nulla
1218 2100 1291 2146 esset
1303 2092 1438 2151 distinctio
1451 2099 1522 2156 inter
1534 2118 1595 2160 aen.

248 2186 303 2237 sus,
323 2184 407 2225 causa
424 2165 634 2237 propinquitatis
653 2164 687 2219 ad
705 2167 850 2232 rationem,
870 2165 950 2219 tertio
969 2165 996 2219 in
1014 2166 1158 2222 sensilibus
1177 2168 1269 2225 nullus
1287 2179 1360 2226 esset
1377 2184 1519 2245 respectus
1536 2182 1595 2250 pul.

250 2245 419 2315 ehritudinis,
439 2253 469 2301 ut
488 2245 533 2313 qni
552 2252 594 2315 est
612 2259 659 2298 eus
678 2244 799 2306 rationis.
835 2245 872 2297 at
890 2253 954 2299 sunt
970 2247 1182 2314 praestantiores
1201 2248 1274 2305 uisus
1293 2255 1321 2305 et
1332 2251 1442 2309 auditus
1459 2264 1488 2311 ει
1496 2261 1595 2316 rationi

249 2326 404 2393 viciniores,
423 2332 451 2378 et
470 2331 512 2378 εει
530 2338 615 2391 penes
632 2322 740 2376 illorum
760 2322 884 2390 subjecta
902 2332 1043 2394 respectus
1062 2320 1283 2395 pulchritudinis3
1303 2329 1419 2402 denique
1436 2334 1511 2391 hisce
1529 2337 1595 2395 duo.

249 2408 300 2462 bns
318 2404 443 2459 sensibus
461 2417 527 2470 prae
546 2401 643 2455 ceteris
663 2395 748 2455 utitur
765 2401 962 2457 mathematice.
1000 2404 1073 2472 Ergo
1093 2401 1161 2473 haec
1179 2404 1295 2462 facultas
1312 2408 1498 2478 complectitur
1513 2417 1595 2471 etiam

247 2484 368 2542 actiones
386 2492 414 2537 et
431 2480 566 2543 exercitia.
875 2548 877 2552 Ι
1369 2539 1373 2548 Ι

334 2564 406 2618 Νοιε
423 2560 524 2615 XXilI.
560 2560 630 2614 Esse
649 2574 712 2612 vcro
730 2558 813 2614 hosce
832 2560 901 2616 duos
919 2576 1016 2618 seusus
1033 2562 1132 2618 rationi
1151 2577 1231 2631 quam
1250 2566 1366 2623 maxime
1378 2577 1516 2641 cognatos,
1534 2592 1595 2645 pro.

245 2642 293 2698 bat
311 2658 345 2697 ex
362 2649 457 2695 mutua
475 2640 594 2709 ipsarum
612 2639 772 2707 cognatione
785 2639 980 2709 exercitioque,
998 2641 1026 2695 in
1041 2656 1094 2711 quo
1110 2641 1255 2711 plurimum
1272 2637 1385 2701 rationis
1402 2649 1514 2722 relucet,
1533 2672 1595 2711 num

247 2723 274 2777 iu
292 2721 345 2776 hoc
364 2718 488 2785 consistit
506 2716 615 2772 illorum
634 2716 772 2786 cognatio,
792 2716 864 2788 quod
879 2717 978 2786 jnrant
994 2719 1127 2785 rationem
1145 2720 1223 2789 eique
1241 2722 1415 2781 famulantur.

336 2800 408 2853 Nota
427 2798 524 2851 XXIV.
561 2798 602 2850 Dc
620 2795 823 2852 mathematicea
842 2797 962 2866 practica
980 2804 1058 2866 parte
1076 2797 1214 2853 indefinite
1233 2800 1349 2871 dixeram
1370 2803 1427 2872 jam
1445 2824 1515 2875 quae
1532 2819 1596 2869 sunt

246 2878 404 2949 potissimae
423 2876 557 2946 practicae
575 2875 778 2930 matbematices
797 2876 916 2944 species,
942 2889 991 2945 per
1015 2878 1122 2932 eosdem
1142 2894 1238 2934 sensns
1262 2881 1392 2951 explicat,
1416 2886 1514 2953 quibua
1532 2891 1595 2948 hac.

246 2956 326 3014 tenus
345 2971 406 3011 esse
425 2954 529 3024 aliquas
548 2955 576 3007 iu
595 2969 693 3021 genere
710 2954 879 3022 probaverat
916 2954 996 3010 Visus
1020 2956 1089 3010 enim
1113 2958 1210 3012 rationi
1237 2961 1319 3015 servit
1343 2962 1377 3016 ad
1403 2970 1594 3026 astronomiam

248 3037 417 3092 discendam.
437 3034 545 3089 auditus
563 3032 597 3088 ad
616 3032 799 3087 harmonicen.

320 3117 392 3170 Nota
409 3115 493 3168 XXV.
531 3114 568 3166 Ει
586 3120 701 3180 utruque
719 3111 811 3181 utitur,
829 3120 883 3166 tam
903 3113 1051 3180 geometria
1068 3129 1148 3181 quam
1162 3114 1338 3170 arithmetice.
1373 3119 1443 3174 Nam
1466 3122 1493 3176 in
1512 3130 1598 3181 astro.

247 3196 337 3252 nomia
355 3194 450 3262 figuris
470 3209 539 3261 opus
558 3199 608 3261 est,
628 3191 662 3246 ad
682 3190 795 3245 formam
813 3199 935 3246 motuum
954 3190 1200 3262 demonstrandam,
1219 3196 1337 3252 numeris
1356 3197 1391 3253 ad
1409 3208 1531 3271 tempora
1548 3204 1596 3258 ιιι.

246 3290 300 3345 qua
319 3271 520 3328 dinumeranda.
556 3271 600 3326 Sic
627 3271 709 3324 etiam
732 3270 759 3325 in
784 3270 939 3325 harmonice
958 3270 1058 3341 figuris
1081 3270 1167 3328 utitur
1191 3272 1363 3330 Ptolemaeus
1385 3278 1421 3333 ad
1445 3280 1593 3335 sectionem
1637 3287 1641 3295 “

246 3351 364 3407 chordae
383 3351 552 3419 canonicam,
576 3365 627 3419 ego
645 3346 709 3403 ve'ro
727 3347 821 3403 iisdem
841 3354 902 3403 utor
924 3348 1010 3403 multo
1029 3347 1158 3419 maxime,
1183 3354 1302 3408 numeris
1318 3370 1383 3410 rere
1405 3357 1510 3430 indiget
1534 3376 1595 3429 pro·

246 3431 413 3499 portionum,
436 3429 481 3498 qui
501 3427 691 3482 consonantias
716 3436 743 3483 et
761 3434 852 3483 cetera
870 3426 1027 3481 homronica
1049 3426 1192 3483 intervalla
1209 3428 1333 3498 gignunt,
1356 3434 1431 3490 uaria
1455 3445 1483 3490 st
1505 3423 1613 3493 multi-7

245 3507 308 3580 plex
327 3506 453 3563 tractatio
472 3507 665 3561 arithmeticae.

333 3596 405 3650 Nota
423 3595 519 3668 ΧΧΥΙ.
558 3593 738 3649 Consobrinus
756 3594 877 3663 appellat
895 3595 1089 3649 astronomiam
1107 3601 1135 3649 et
1152 3594 1421 3668 harmoniam-quia
1438 3609 1537 3660 matres
1555 3607 1596 3675 ip.

246 3691 354 3742 mum,
376 3674 449 3728 illius
472 3674 545 3729 visus
564 3680 592 3726 et
609 3671 691 3741 hujus
708 3671 830 3737 auditus,
857 3687 965 3726 sorores
991 3678 1070 3740 sunt;
1097 3688 1205 3729 sorores
1228 3683 1318 3731 autem
1340 3677 1414 3734 uisus
1432 3687 1461 3736 et
1477 3682 1596 3756 auditus,

247 3754 312 3824 quia
330 3770 497 3810 communem
516 3761 630 3808 matrem
647 3751 751 3807 habent
767 3751 913 3816 rationem,
931 3749 974 3804 vel
993 3749 1056 3820 quia
1073 3749 1153 3805 ambo
1171 3761 1234 3807 sunt
1252 3754 1302 3810 snb
1320 3770 1420 3825 genere
1438 3775 1543 3818 sensus

335 3842 408 3897 Nota
426 3840 537 3898 XXVII.
574 3840 714 3894 Educatus
731 3839 770 3894 ait
787 3855 804 3894 a
821 3837 984 3906 nutricibus,
1009 3855 1043 3894 ex
1062 3839 1223 3908 cognatione
1241 3858 1293 3897 sna
1309 3846 1453 3913 proximis,
1477 3849 1597 3920 intellige

249 3937 266 3975 a
284 3919 433 3991 geometria
451 3926 479 3972 et
497 3917 667 3972 arithmetica
684 3922 712 3973 ει
730 3924 873 3986 utramque
891 3916 1000 3986 quidem
1013 3921 1047 3974 ab
1060 3926 1183 3991 ειειειιε,
1202 3923 1287 3990 magis
1300 3930 1391 3979 tamen
1403 3931 1594 3984 astronomiam

247 4000 436 4071 ageometria,
456 3998 490 4052 ob
511 3998 664 4063 schemata,
689 3996 775 4067 magis
794 3996 969 4053 harmonicen
988 3999 1022 4053 ab
1041 3999 1222 4065 arithmetica,
1245 4003 1279 4058 ob
1297 4003 1486 4073 proportiones
1504 4023 1596 4063 nume·

246 4096 349 4148 rorum,
379 4085 406 4133 et
429 4077 493 4147 quia
516 4073 708 4129 consonantias
727 4074 899 4130 Ptolemaeus
918 4076 1062 4145 investigat
1086 4094 1136 4146 per
1153 4095 1279 4136 numeros
1305 4082 1473 4151 abstractos,
1502 4094 1597 4143 contm

250 4173 331 4231 qnam
350 4172 408 4225 ego.
444 4155 572 4210 Proxima
591 4155 671 4207 etiam
691 4161 734 4209 εει
750 4154 898 4222 geometria
915 4155 1030 4210 visuiin
1049 4158 1219 4227 cognatione,
1237 4160 1301 4227 quia
1311 4159 1448 4216 schemata
1460 4162 1519 4217 solo
1537 4163 1595 4220 visu

247 4236 443 4307 percipiuntur,
462 4250 523 4313 non·
537 4232 645 4300 auditu;
663 4230 787 4301 proxima
806 4239 848 4287 εει
865 4231 1036 4289 arithmetica
1052 4233 1164 4303 auditui,
1184 4237 1247 4304 quia
1266 4255 1392 4294 numerus
1406 4255 1461 4295 non
1473 4241 1597 4310 expedite

248 4318 307 4373 risu
326 4317 490 4387 percipitur,
519 4315 572 4368 nisi
589 4328 688 4384 parvus
707 4313 755 4380 sit,
773 4320 802 4368 at
819 4312 970 4382 percipitur
987 4311 1112 4381 expedite
1131 4329 1180 4382 per
1197 4315 1332 4385 auditum,
1357 4325 1471 4389 propter
1491 4336 1597 4377 succes·

248 4396 338 4451 slones
360 4393 538 4463 temporarias
561 4392 711 4458 sonituum,
738 4390 1005 4445 adnumerationem
1024 4391 1093 4445 enim
1112 4393 1259 4461 requiritur
1282 4401 1390 4465 tempus
1413 4405 1441 4451 ει
1458 4400 1595 4464 memoria,

248 4475 346 4544 Aptior
365 4483 406 4540 est
422 4474 520 4528 horum
543 4487 671 4526 sensuum
690 4468 827 4525 distinctio
845 4487 878 4525 err
898 4469 1082 4539 subiectorum
1101 4469 1268 4528 differentiis.
1304 4474 1372 4528 Nam
1395 4477 1469 4532 visus
1491 4477 1597 4548 subjec-

247 4564 305 4610 tnnr
323 4554 352 4609 in
369 4570 426 4609 cese
443 4560 581 4618 versatur,
602 4550 709 4605 auditus
728 4551 755 4604 in
772 4552 841 4618 fieri.
878 4551 1042 4620 Propterea,
1063 4565 1133 4618 quoe
1151 4550 1288 4620 videntur,
1313 4561 1447 4623 quatenus
1464 4554 1597 4623 videntur,

249 4650 282 4689 ea
298 4640 364 4690 suat
381 4642 409 4687 ει
427 4632 453 4686 in
472 4638 608 4686 momento
628 4638 700 4697 sunt,
720 4644 795 4698 quae.
808 4644 871 4684 vero
890 4628 1046 4693 audiuntur,
1068 4645 1101 4683 ea
1118 4631 1248 4700 temporis
1266 4635 1383 4692 tractum
1400 4634 1548 4703 requirunt,
1566 4641 1597 4689 ut

246 4713 326 4781 fiant,
345 4718 372 4766 et
389 4711 456 4766 lucis
475 4708 593 4763 effluxus
612 4716 654 4762 est
671 4706 699 4760 in
718 4716 862 4765 momento.
881 4707 941 4763 soni
954 4708 1123 4777 intempore.
1159 4709 1254 4778 ltaque
1267 4707 1359 4778 fulgur
1375 4711 1507 4780 fragorem
1519 4728 1597 4782 prae·

249 4790 363 4846 vertitur
381 4790 408 4843 in
426 4790 538 4855 effluxu,
558 4786 609 4841 etsi
627 4786 654 4839 in
672 4786 747 4841 fonte
764 4786 819 4842 sint
837 4786 925 4841 simul.
963 4788 1029 4842 Cum
1047 4788 1129 4856 igitur
1151 4788 1232 4843 etiam
1255 4792 1404 4847 numeratio
1426 4798 1533 4861 tempus
1555 4806 1597 4846 re·

250 4869 349 4937 quirat,
367 4885 421 4923 nou
441 4868 528 4921 minus
546 4882 626 4935 quam
645 4879 736 4928 sonus,
754 4864 810 4920 sive
824 4864 881 4934 jam
900 4864 1031 4921 audibilia
1049 4883 1227 4934 numeremus,
1245 4869 1301 4923 sire
1314 4869 1442 4941 risibilia,
1460 4871 1524 4927 hinc
1542 4886 1597 4925 mo·

247 4955 367 5001 mentum
386 4945 495 5016 aliquod
513 4943 618 4999 accedit
636 4943 671 4997 ad
689 4943 875 5014 cognationem
894 4946 1004 5000 auditus
1022 4962 1083 5001 cum
1101 4945 1278 5001 arithmetica.

336 5025 374 5081 Ut
392 5034 482 5080 autem
501 5032 639 5093 appareat,
659 5023 793 5091 quomodo
812 5023 940 5079 distincta
958 5024 1058 5079 sintin
1077 5024 1152 5080 hisce
1169 5024 1267 5080 mentis
1285 5022 1473 5081 affectionibus
1493 5027 1598 5084 theoria

248 5112 276 5161 et
292 5107 400 5177 praxis,
428 5106 531 5159 animus
555 5104 589 5158 ad
608 5103 782 5173 geometriam
804 5105 951 5173 praecipue
977 5109 1019 5158 est
1041 5102 1247 5159 convertendus.
1283 5102 1315 5157 In
1343 5118 1375 5159 ea
1397 5106 1597 5175 propositiones

249 5186 385 5255 pertinent
404 5184 439 5239 ad
458 5183 650 5253 speculativam
669 5190 788 5250 partem,
814 5198 876 5237 nam
893 5182 1011 5237 formant
1036 5190 1196 5251 conceptum
1217 5182 1406 5239 theoreticam.
1440 5186 1597 5255 Apparatus

249 5264 420 5321 efformatis
446 5263 590 5317 schematis
614 5277 648 5315 ex
671 5261 864 5329 propositionis
886 5260 1056 5330 praescripto
1081 5266 1109 5314 et
1132 5259 1257 5316 deductio
1276 5261 1513 5317 demonstrationis
1532 5270 1597 5319 sunt

248 5343 430 5401 rudimentum
442 5342 597 5396 manuarias
610 5338 874 5408 repraesentationis.
899 5338 972 5396 Usus
984 5354 1047 5391 vero
1060 5336 1259 5407 propositionis,
1278 5337 1374 5406 utjam
1386 5338 1595 5411 demonstratae,

249 5422 282 5478 εει
301 5422 356 5478 alia
373 5430 456 5491 atquc
474 5420 527 5474 alia
545 5417 722 5489 expedienda,
740 5417 798 5472 ricc
816 5415 964 5474 habitualis
983 5415 1105 5471 exercitii
1122 5424 1193 5472 sunt.
1225 5416 1263 5471 Et
1274 5415 1389 5484 amplius
1407 5417 1435 5472 in
1453 5418 1525 5473 omni
1543 5417 1596 5489 syl·

248 5501 372 5573 logismo‚
392 5501 550 5571 pracsertim
569 5498 772 5565 mathematico,
790 5495 877 5566 maior
895 5494 1045 5565 propositio
1063 5494 1148 5560 vicem
1165 5493 1360 5568 speculationis
1378 5495 1446 5563 obit,
1465 5503 1508 5553 est
1525 5497 1596 5553 enim
1643 5550 1650 5560 ,

250 5582 284 5644 de
300 5581 452 5648 abstracto,
478 5578 565 5632 minor
582 5579 667 5632 uicem
685 5574 815 5642 actionis,
838 5575 903 5644 quia
920 5571 1055 5630 subsumit
1071 5572 1180 5643 aliquod
1198 5573 1357 5644 plerumque
1375 5580 1546 5645 concretum,
1565 5582 1597 5633 ut

250 5675 332 5716 sonos
351 5659 395 5713 vel
413 5656 528 5713 chordas
547 5655 589 5711 sel
607 5653 698 5710 radios
716 5666 744 5709 ct
763 5647 859 5709 similia
877 5653 906 5712 in
922 5653 1115 5724 propositionis
1133 5652 1256 5723 subiecto
1267 5653 1365 5725 posita,
1383 5653 1480 5724 quihus
1499 5654 1594 5713 tribuit
