3684 7259
673 1246 869 1317 ‘memfib-
897 1246 1033 1302 Liberis.
1287 1237 1290 1243 ’
1466 1251 1527 1318 tat

178 1428 355 1502 comparatis
376 1426 533 1502 figurarmu
550 1425 777 1501 proprietatibus
797 1442 861 1486 eum
875 1426 1051 1503 simplicium
1069 1425 1185 1486 illorum
1200 1443 1353 1503 corporum
1365 1428 1529 1489 affectioni-

178 1514 242 1573 bus.
286 1513 363 1572 Nam
386 1516 415 1570 in
438 1513 534 1573 eobo
556 1511 698 1573 rectitudo
713 1528 801 1588 super
815 1513 881 1572 basi
903 1513 1047 1590 quadrata
1061 1513 1229 1574 stabilitatis
1253 1514 1401 1589 quandam
1423 1514 1529 1576 adum·

178 1601 340 1660 bratiouem
362 1600 465 1673 habet,
494 1618 570 1675 quae
593 1600 696 1660 eadem
717 1602 880 1676 proprietas
901 1609 948 1661 est
970 1603 1161 1662 etmatoriae
1184 1605 1344 1676 terrestris,
1375 1606 1528 1682 gravitatis

177 1690 332 1747 momentis
354 1690 413 1746 ima
435 1691 575 1763 petentis,
599 1704 666 1747 euur
687 1689 775 1746 etiam
797 1695 876 1746 totus
898 1696 991 1748 terrae
1014 1688 1121 1764 globus
1144 1688 1233 1764 vulgo
1257 1689 1392 1749 credatur
1413 1693 1443 1748 in
1465 1696 1545 1749 me·'

178 1774 226 1833 dio
248 1772 350 1834 muudi
373 1777 529 1851 quiescere.
1271 1763 1276 1774 ’

264 1862 401 1922 Vicissim
425 1861 594 1922 octaedri
616 1878 761 1937 congruus
784 1870 828 1921 est
850 1864 924 1922 situs
946 1865 1086 1939 aspectui,
1111 1864 1135 1921 si
1159 1864 1183 1921 is
1206 1882 1225 1923 a
1248 1861 1362 1923 duobus
1385 1864 1529 1940 oppositis

180 1949 296 2025 angulis
319 1949 400 2010 velut
423 1952 451 2006 iu
476 1958 561 2008 torno
583 1947 786 2025 suspendatur,
811 1952 885 2008 inter
908 1950 1102 2025 quos'medio
1125 1952 1257 2027 praecise
1280 1950 1345 2010 loco
1370 1958 1415 2010 ost
1435 1951 1529 2010 latens
1553 2000 1557 2004 .

181 2036 419 2113 quadrilaterum,
438 2037 577 2096 dividens
600 2054 704 2112 corpus
726 2036 836 2111 figurae
858 2040 888 2094 in
912 2036 971 2096 duo
992 2038 1148 2113 aequalia,
1172 2040 1248 2097 sioru
1269 2038 1391 2115 globum
1413 2055 1431 2098 a
1454 2037 1529 2098 duo-

178 2126 232 2183 bus
246 2124 324 2201 polis
338 2142 512 2201 suspensum
535 2123 640 2183 dividit
653 2125 796 2183 maximus
819 2123 958 2183 circulus:
982 2124 1054 2185 baec
1073 2133 1117 2183 est
1132 2124 1277 2201 quaedam
1290 2127 1388 2202 imago
1410 2125 1529 2185 mobili·

176 2216 255 2285 tatis,
279 2214 322 2270 uti
344 2217 393 2272 a'e'r
417 2220 462 2271 est
484 2213 691 2272 elementorum
713 2211 936 2271 mobilissimum
952 2220 983 2271 et
998 2212 1146 2272 celeritate
1166 2221 1196 2271 et
1210 2214 1352 2273 varietate
1367 2213 1529 2289 plagarum.
1632 2275 1635 2282 ⁴

263 2299 298 2357 lu
320 2299 513 2359 tetrabdro
542 2302 675 2377 paucitas
704 2298 856 2375 planorum
886 2302 1002 2373 signare
1033 2299 1148 2359 videtur
1170 2302 1329 2359 siceitatem
1352 2302 1438 2375 iguis,
1463 2316 1528 2359 cam

177 2386 306 2445 definitio
321 2390 359 2446 sit
374 2388 524 2459 siccorum,
548 2388 609 2446 suis
624 2387 763 2446 contineri
781 2388 928 2459 terminis3
946 2387 981 2444 in
1004 2386 1215 2447 icosaddro
1232 2389 1359 2448 vicissim
1372 2386 1530 2446 multitudo
1597 2424 1600 2429 Δ

177 2475 329 2550 planorum
350 2476 466 2550 signare
489 2472 604 2534 videtur
627 2472 829 2535 humiditatem
851 2490 955 2549 aquae,
980 2482 1044 2533 ctum
1068 2473 1221 2533 deliniatur
1236 2474 1404 2548 humiditas,
1427 2474 1530 2534 alienis
1644 2509 1647 2516 -

177 2563 317 2621 contineri
339 2564 487 2635 terminis3
515 2570 559 2622 est
589 2563 697 2639 qnippe
719 2563 852 2638 paucitas
881 2563 1081 2642 propriorum,
1099 2553 1273 2621 'multitudo
1302 2562 1478 2622 adscitorum
1502 2571 1529 2620 et

177 2648 338 2709 alienorum
360 2649 508 2709 indiciam.
554 2650 591 2708 lit
613 2648 699 2711 aliter
720 2650 826 2720 edem,
858 2651 991 2723 trigonus
1013 2649 1118 2726 planus
1147 2658 1192 2709 est
1221 2649 1358 2709 tetraidri
1386 2651 1529 2727 proprius,

178 2739 246 2811 quia
260 2744 324 2795 tota
338 2735 511 2797 tetrabdrica
533 2736 625 2806 figura
647 2744 692 2815 eat
712 2737 844 2810 trigonus
866 2735 993 2795 solidus:
1018 2736 1094 2796 idem
1119 2754 1187 2796 vero
1210 2739 1342 2813 trigonus
1365 2743 1410 2796 est
1432 2739 1530 2796 icosa·

177 2824 238 2882 ir'dri
260 2840 319 2883 non
341 2827 491 2902 proprius,
514 2823 568 2883 sed
589 2825 787 2893 mutuatione,
810 2825 882 2899 quia
904 2823 1047 2884 icosaiidri
1079 2824 1214 2883 soliditas
1246 2824 1530 2900 pentagoni-similis

177 2919 229 2986 est,
252 2928 310 2971 nou
333 2915 446 2988 trigoni.
479 2912 605 2971 Remum
628 2914 657 2968 in
680 2909 971 2970 adsedissemus
993 2913 1031 2972 ab
1054 2928 1114 2971 uua
1136 2912 1199 2972 basi
1227 2920 1364 2988 surgente
1387 2912 1432 2970 vis
1454 2912 1542 2987 iguis,

177 3000 358 3073 penetrativa
379 3007 409 3059 et
431 2999 570 3060 divisoria
585 2999 700 3059 ridetur
722 2998 895 3058 adumbrata
917 3015 991 3071 esse,
1015 3001 1043 3057 in
1059 2999 1202 3060 icomedri
1217 3000 1323 3058 obtuso
1339 3007 1369 3058 et
1383 3001 1530 3074 quinque·

177 3087 277 3145 lineari
300 3086 407 3163 angulo
430 3091 476 3145 vis
497 3086 662 3164 impletoria
684 3085 852 3159 humorum,
884 3086 940 3145 hoc
968 3095 1012 3144 est
1041 3090 1086 3144 vis
1110 3085 1311 3161 humec‘taudi;
1342 3088 1372 3143 iu
1394 3084 1530 3146 tetraddri
1653 3082 1656 3087 ’

177 3176 322 3251 parvitate
345 3180 374 3234 et
396 3175 565 3234 macilentia
579 3181 683 3232 natura
699 3175 788 3249 ignis,
810 3175 841 3231 in
863 3171 1005 3233 icosaddri
1029 3173 1105 3233 mole
1120 3174 1286 3248 globilormi
1308 3180 1414 3232 natura
1432 3183 1530 3249 aquae

178 3270 207 3321 et
228 3260 372 3337 quaedam
397 3261 478 3320 velut
492 3262 584 3337 figura
605 3269 724 3337 guttae3
747 3262 778 3319 iu
794 3259 939 3321 tetra’e‘dro
953 3260 1110 3337 plurimum
1125 3268 1169 3320 eat
1184 3261 1355 3339 superficiei,
1378 3262 1530 3320 minimum

177 3350 317 3426 corporis,
342 3351 370 3406 iu
393 3347 544 3410 icosaedro
566 3348 658 3408 moles
681 3363 820 3425 corporea
841 3348 934 3408 multo
957 3349 1050 3425 major
1073 3367 1161 3427 quam
1183 3323 1363 3427 superficies:
1387 3347 1532 3423 quemad-

177 3429 292 3494 modum
318 3438 435 3512 irrigue
459 3437 552 3496 forma
573 3434 734 3513 praecellit·
756 3438 784 3493 in
808 3454 886 3513 aqua
909 3438 1039 3496 materia.

263 3522 534 3584 Dodecae'drou
556 3539 627 3584 vero
649 3522 821 3598 relinquitur
842 3527 956 3601 corpori
979 3523 1114 3595 coelesti,
1142 3523 1254 3582 habeus
1278 3520 1402 3583 eundem
1425 3521 1532 3600 plano-

176 3630 238 3671 mm
260 3629 421 3689 numerum,
443 3628 530 3687 quem
552 3610 691 3673 zodiacus
713 3610 848 3670 eoelestis
869 3614 1036 3687 signorum3
1061 3611 1332 3686 demonstraturque
1354 3609 1531 3685 reliquarum

176 3700 332 3774 figurarum
355 3700 554 3777 capacissima,
579 3697 825 3775 quemadmodum
848 3708 877 3757 et
900 3698 1015 3764 coelam
1037 3701 1115 3776 capit
1137 3700 1245 3757 omnia.

261 3786 344 3845 Haec
366 3788 505 3863 analogia
526 3789 581 3846 etsi
603 3786 768 3863 plausibilis
790 3778 851 3859 est,
878 3804 938 3845 nou
960 3784 1079 3862 quidem
1103 3785 1252 3846 Aristoteli
1272 3783 1336 3866 (qui
1359 3801 1425 3845 cum
1447 3801 1531 3846 crea·
1597 3819 1599 3824 ·
1702 3787 1704 3791 '

175 3883 235 3931 nrm
259 3890 324 3933 esse
346 3873 486 3932 mundum
508 3883 636 3949 negaret,
661 3875 720 3930 vim
743 3875 772 3929 in
795 3873 896 3966 liguris
912 3877 1118 3949 quantitativis
1131 3871 1349 3950 archetypalem
1372 3888 1530 3947 agnoscere

174 3979 231 4020 non
255 3962 364 4038 potuit,
389 3965 496 4037 quippe
520 3979 596 4037 quae
619 3964 681 4019 sine
704 3960 863 4020 architecto
886 3960 968 4020 nulla
991 3960 1048 4027 illis
1070 3964 1147 4020 inest
1168 3959 1207 4020 ad
1230 3957 1396 4019 iaciendum
1418 3955 1531 4035 aliquid

174 4044 368 4129 corporeum),
392 4048 444 4106 sed
464 4048 535 4105 mihi
551 4047 781 4123 Christianisque
805 4050 949 4121 omnihus,
973 4050 1023 4123 qui
1046 4047 1102 4106 lide
1125 4057 1267 4121 tenemus,
1290 4045 1439 4120 mundum,
1463 4063 1528 4105 cum

173 4144 260 4196 autea
282 4152 340 4195 noo
364 4144 449 4208 esset,
472 4155 490 4194 a
514 4136 577 4194 Deo
601 4146 729 4195 creatum
753 4152 826 4208 esse,
850 4135 1032 4213 inpendere,
1055 4145 1243 4195 mensuraet
1264 4151 1394 4208 numero,
1418 4132 1529 4212 scillcet

173 4223 245 4283 ideis
267 4224 325 4301 ipsi
348 4218 524 4283 codetemis:
548 4224 611 4296 etsi,
634 4225 762 4301 inquam,
786 4222 952 4301 plausibilis
968 4229 1012 4283 est
1035 4224 1065 4281 iu
1085 4240 1191 4299 genere
1214 4222 1288 4283 haec
1311 4221 1457 4298 analogia,
1481 4226 1528 4281 ta·

173 4329 237 4371 men
259 4311 354 4370 sicin
378 4312 476 4388 specie
500 4310 654 4380 informata
675 4310 757 4370 nulla
779 4311 954 4372 necessitate
977 4312 1155 4381 continetur,
1179 4316 1208 4369 et
1231 4311 1340 4389 patitur
1362 4310 1527 4380 instantias,

172 4416 229 4456 nou
252 4405 365 4457 tautum
389 4398 426 4456 ob
450 4395 632 4473 quarundam
652 4400 861 4475 proprietatum
877 4398 1102 4476 discrepantiam
1127 4399 1154 4454 in
1179 4396 1282 4457 eadem
1305 4389 1453 4473 analogia,
1476 4394 1528 4456 aed

173 4489 260 4545 estam
285 4486 323 4544 ob
345 4485 487 4561 majorem
509 4487 743 4545 convenientiam
767 4484 939 4566 dodeoaddri
970 4493 999 4545 et
1021 4483 1163 4545 icosa'e'dri
1193 4503 1258 4543 cum
1286 4486 1372 4560 igue,
1402 4483 1528 4559 denique

171 4576 240 4649 quia
268 4573 305 4633 de
331 4573 539 4633 elementorum
567 4590 689 4634 numero
718 4580 749 4632 et
775 4575 875 4647 quieto
898 4571 1023 4631 Telluris
1052 4571 1211 4650 disputatio
1241 4572 1333 4633 multo
1356 4571 1450 4648 major
1473 4581 1526 4643 eet,
1638 4655 1641 4660 ‚

116 4746 120 4754 Ι
171 4677 259 4736 quam
281 4660 318 4721 de
340 4660 444 4720 harum
465 4660 623 4735 figurarum
646 4677 776 4719 nurnero.

258 4746 371 4822 Quodsi
394 4747 442 4806 hic
463 4748 655 4807 substiterunt
669 4745 858 4824 Pythagorei,
880 4761 940 4805 non
962 4745 1142 4824 reprehendo
1165 4747 1193 4803 in
1218 4744 1273 4803 hac
1295 4750 1377 4821 parte
1392 4743 1526 4822 Remum,
1637 4806 1641 4816 ,
1709 4702 1715 4712 ·

171 4852 228 4895 uon
253 4834 456 4907 Aristotelem,
486 4834 565 4911 qubd
595 4834 671 4893 hauc
700 4832 871 4911 analogiam
891 4832 1137 4911 disputationibus
1161 4828 1332 4894 convulsam
1354 4832 1526 4907 reJeceruur.

162 4923 209 5004 ¹At
231 4940 287 4999 ego
310 4932 379 4983 aute
401 4941 494 4982 annes
519 4923 621 4997 viginti
653 4928 779 4999 quatuor
806 4920 894 4997 louge
926 4921 1012 4981 aliter
1034 4922 1109 4982 haec
1130 4924 1260 4997 quinque
1283 4934 1405 4997 corpora
1428 4920 1457 4976 in
1480 4920 1527 4977 ia·
1612 4953 1615 4959 ,

169 5011 248 5069 brica
269 5009 370 5070 muudi
393 5010 541 5086 indagavi,
566 5008 684 5084 dixique
698 5012 728 5066 in
752 5009 942 5087 praeambulo
965 5009 1032 5069 libri
1048 5009 1071 5082 I,
1094 5009 1165 5067 mihi
1182 5004 1273 5067 videri
1287 5013 1526 5080 cousentaneum,

170 5097 291 5158 eandem
315 5096 477 5167 doctrinam
499 5099 587 5157 etiam
610 5104 742 5156 veterum
766 5098 870 5167 inisse,
901 5096 953 5157 sed
984 5096 1158 5157 occultatam
1189 5110 1269 5153 more
1299 5103 1407 5155 soemo.
1453 5092 1528 5154 Cum
1617 5155 1620 5160 ,

170 5189 244 5244 eninr
268 5186 377 5245 haheat
408 5187 586 5245 astronomia
609 5183 810 5263 Cepernicaua
831 5202 884 5246 seu
907 5186 1015 5244 vetaris
1040 5181 1199 5242 Aristarchi
1221 5179 1313 5241 Samii
1335 5180 1526 5258 Pythagorici
1586 5212 1589 5215 ⁴

169 5274 389 5350 dispositionem
412 5272 513 5332 mundi
541 5272 660 5331 mobilis
687 5271 790 5352 talem,
819 5274 938 5336 ert-siut
966 5274 995 5328 iu
1026 5291 1068 5338 eo,
1089 5288 1141 5328 sex
1169 5269 1255 5329 orbes
1285 5286 1337 5329 seu
1366 5267 1556 5342 cunicula„

168 5363 243 5420 circa
266 5378 372 5437 corpus
394 5359 473 5420 Solis
500 5362 530 5417 in
558 5366 658 5419 centro
689 5359 839 5419 immobile
863 5358 1059 5418 circumducta
1080 5358 1253 5433 magnisque
1277 5364 1306 5416 et
1327 5356 1402 5416 inter
1423 5373 1456 5417 se
1478 5358 1525 5414 in·

167 5446 341 5523 aequdihus
363 5448 525 5508 intervallis
548 5446 680 5525 diremta,
702 5447 821 5507 Saturni
844 5448 952 5518 extimi,
975 5444 1080 5504 deiude
1102 5443 1205 5521 Jovis,
1229 5443 1295 5504 dein
1319 5441 1434 5521 Martis,
1457 5442 1524 5504 iude

166 5534 294 5594 Telluris
315 5536 506 5607 cumhuna,
529 5542 591 5593 tum
615 5533 752 5606 Veneris,
775 5534 901 5609 denique
923 5530 1059 5591 Mercurii
1081 5532 1203 5591 intimir·
1219 5547 1344 5607 cumque
1365 5531 1523 5607 figurarum

165 5621 268 5682 harum
291 5625 420 5701 quinque
440 5623 560 5700 propria
582 5629 612 5681 ot
633 5622 799 5683 essentialis
825 5624 865 5680 sit
891 5620 1042 5695 imeriptro
1072 5621 1101 5677 iu
1129 5618 1311 5695 sphaericam
1340 5617 1524 5695 superficiem

167 5725 241 5780 eum
255 5710 391 5788 augulis,
418 5718 449 5771 et
461 5706 804 5792 'chcumscriptioeircs
824 5708 1008 5786 sphaericam
1035 5706 1218 5786 superiorem
1239 5712 1306 5768 eum
1329 5708 1435 5768 cenula
1455 5705 1524 5784 pls·
