3684 7259
857 1214 1000 1299 Apologia.
1287 1185 1290 1189 .
1537 1223 1601 1283 445

251 1405 314 1456 tota
337 1399 468 1457 oratione
490 1406 541 1455 tus
564 1395 747 1469 ventilanda,
766 1393 863 1454 ‘molta
885 1367 1074 1469 elucidanda,
1099 1396 1192 1455 multa
1213 1395 1382 1472 refutanda,
1405 1396 1551 1473 quaedam
1573 1403 1601 1456 et

252 1485 438 1561 recipienda3
462 1477 513 1543 sed
536 1486 605 1559 quia
629 1502 686 1543 non
711 1494 755 1542 est
777 1485 943 1541 institutum
967 1484 1061 1558 operis
1084 1486 1141 1542 mci
1165 1483 1342 1558 harmonici,
1377 1484 1413 1544 de
1436 1486 1515 1543 sonis
1538 1484 1602 1543 dis·
1628 1523 1632 1533 -

251 1583 355 1649 putare
379 1581 495 1650 propter
518 1588 550 1630 se
574 1575 662 1648 ipsos,
686 1572 736 1629 sed
760 1571 796 1629 de
819 1586 957 1629 sonorum
980 1572 1055 1628 inter
1069 1588 1100 1629 se
1115 1572 1361 1647 proportionibus,
1386 1574 1483 1630 missis
1500 1574 1600 1647 itaquo
1696 1565 1697 1570 ’

251 1660 448 1736 locutionibus
480 1663 537 1718 tuis
575 1658 783 1736 multiplicibus
820 1674 965 1735 apponam
1002 1658 1128 1734 paucula
1160 1674 1195 1717 es
1226 1675 1291 1717 mea
1320 1662 1475 1719 sententia.
1526 1658 1600 1717 Mihi

250 1750 326 1806 enirn
352 1765 440 1823 quam
463 1748 588 1823 plurima
610 1748 746 1805 sonantia
770 1745 965 1805 consideranti
988 1762 1045 1803 non
1062 1745 1140 1803 bona
1164 1744 1279 1805 videtur
1302 1747 1359 1805 ista
1376 1746 1505 1806 definitio
1525 1747 1601 1820 soni,

254 1852 314 1911 qua
338 1845 369 1893 tu
392 1837 493 1893 niteris
515 1852 568 1910 per
589 1843 683 1899 totum
705 1834 780 1906 fere,
803 1849 868 1891 cum
891 1850 981 1891 sonus
1003 1835 1190 1908 percussione
1213 1835 1289 1892 atiris
1314 1831 1463 1905 definitur,
1488 1835 1516 1890 in
1541 1849 1601 1910 quo

251 1939 357 1998 corpus
381 1939 489 1980 sonans
513 1924 655 1981 consistit.
700 1921 775 1979 Nam
804 1923 911 1979 rectius
942 1937 996 1996 ego
1020 1920 1178 1978 definivero
1207 1937 1312 1980 sonum
1344 1924 1471 1997 speciem
1494 1924 1602 1980 imma-

249 2012 385 2069 teriatam
409 2011 537 2086 eorporis
560 2009 682 2084 pulsati,
712 2012 740 2064 in
764 2019 906 2084 quantum
932 2006 960 2064 id
984 2015 1012 2064 et
1036 2008 1190 2083 figuratum
1218 2018 1247 2068 et
1270 2008 1393 2067 densum
1416 2019 1461 2067 cst
1484 2008 1531 2067 vel
1552 2026 1602 2068 ra-

249 2114 323 2169 rum,
348 2098 404 2156 boo
427 2107 471 2156 est
493 2101 560 2155 aire
584 2099 661 2154 intus
685 2098 846 2169 infarctum,
870 2104 900 2154 ct
922 2098 951 2152 in
975 2105 1116 2170 qnantum
1140 2103 1184 2155 est
1202 2094 1304 2154 durum
1329 2096 1375 2155 vel
1391 2094 1488 2154 molle.
1526 2096 1601 2154 Nam

248 2202 372 2260 corpora
400 2192 496 2242 motus
526 2184 666 2242 violentia
688 2186 814 2260 speciem
845 2181 969 2240 induunt
991 2181 1122 2255 duritiei,
1152 2200 1218 2240 curn
1240 2186 1298 2242 sint
1320 2182 1430 2242 mollia.
1475 2183 1528 2241 Est
1550 2185 1601 2243 ubi

248 2272 343 2347 figura
372 2270 512 2330 violentia
541 2274 722 2348 transepirat'r
752 2274 828 2329 aeris
850 2274 976 2348 speciem
1007 2270 1094 2327 aliam
1117 2269 1228 2343 induit,
1261 2280 1290 2330 et
1311 2272 1441 2330 foramen
1473 2270 1601 2347 amplum

248 2362 376 2436 speciem
405 2361 524 2435 pracbet
554 2360 741 2436 angustioris.
788 2358 836 2416 Sic
866 2359 960 2416 tensio
993 2357 1130 2416 mollibus
1159 2355 1293 2418 duritiem
1326 2358 1471 2418 conciliat.
1518 2359 1601 2417 Dura

251 2463 322 2504 vero
346 2463 435 2503 causa
459 2449 572 2504 sonitus
595 2450 822 2521 aequiparantur
846 2445 992 2516 brevibus,
1016 2446 1234 2521 comparatione
1257 2444 1447 2523 longitudinis
1470 2444 1507 2503 ad
1530 2446 1602 2504 lati·

249 2532 399 2607 tudinem;
423 2551 490 2590 narn
515 2544 542 2591 et
566 2532 690 2591 latitudo
714 2552 765 2592 seu
790 2535 935 2591 crassities
964 2540 993 2591 et
1016 2529 1135 2591 durities
1159 2532 1334 2593 flexibilitati
1364 2532 1515 2608 derogant.
1561 2530 1601 2592 Ut

249 2639 315 2679 cum
341 2623 445 2677 vitrnrn
476 2621 600 2678 rotundo
630 2619 713 2679 labro
742 2620 854 2679 affricta
886 2619 968 2694 digiti
1000 2621 1126 2678 inrmccti
1150 2623 1279 2679 sortitum
1303 2620 1379 2694 edit,
1409 2623 1472 2696 ipsa
1496 2629 1600 2677 rotun·

250 2707 327 2767 ditas
347 2707 409 2782 jam
434 2718 566 2766 censetur
588 2725 639 2783 pro
663 2708 852 2783 longitudine.
897 2706 981 2773 Haec
1002 2706 1165 2783 longitudo,
1190 2724 1286 2766 vacuo
1310 2711 1393 2780 vitro,
1418 2708 1506 2766 babet
1530 2707 1599 2765 lati·
1639 2713 1648 2777 j

249 2796 379 2854 tudinem
402 2804 527 2866 tantam,
558 2806 667 2872 quanta
690 2805 734 2854 est
755 2794 939 2871 profunditas
970 2794 1048 2852 illius
1073 2797 1172 2868 vacui,
1204 2803 1290 2854 sonat
1315 2798 1401 2870 igitur
1423 2804 1518 2853 acute.
1566 2795 1597 2853 Si

248 2888 414 2943 successive
438 2883 600 2960 impleatur,
625 2884 748 2941 demitur
771 2881 916 2940 latitudini
943 2881 1065 2957 jamque
1088 2882 1223 2940 rotunda'
1241 2899 1349 2941 sonans
1374 2882 1525 2958 longitudo
1549 2897 1598 2943 re-

249 2981 353 3046 spectu
376 2970 535 3028 diminutae
558 2970 721 3028 latitudinis
745 2978 878 3028 censetur
901 2969 1031 3044 longior3
1059 2985 1149 3027 sortus
1172 2972 1260 3046 igitar
1283 2973 1470 3045 ingravescit.
1509 2969 1598 3029 'Palis
1690 2961 1694 2968 ’

247 3059 341 3116 multa
364 3060 529 3116 coacervari
561 3068 681 3135 possent
712 3075 731 3115 a
760 3059 848 3115 variis
881 3058 1086 3131 experimentis
1114 3060 1281 3115 sonantium
1305 3057 1440 3116 deducta.
1487 3056 1598 3115 Verum

248 3147 293 3203 fris
318 3147 429 3215 missis,
463 3163 538 3219 quae
561 3154 629 3202 sunt
652 3144 846 3204 indifferentia
874 3153 1007 3219 respectu
1031 3153 1147 3203 nostrae
1177 3143 1415 3222 disceptationis,
1448 3161 1538 3221 pergo
1562 3145 1598 3203 ad

243 3233 360 3308 leliqua
384 3241 435 3289 tua
458 3242 638 3307 argumenta.

342 3319 482 3377 Videmus
513 3323 555 3378 ais
586 3323 677 3377 etiam
705 3324 739 3376 in
764 3318 910 3394 physicis,
942 3334 988 3375 res
1011 3334 1113 3378 omnes
1142 3335 1178 3377 so·
1198 3320 1262 3376 tuis
1285 3320 1448 3393 principiis
1470 3318 1617 3395 conflari-

247 3414 397 3480 tonquom
428 3424 464 3465 ss
489 3407 632 3481 partibus
654 3414 682 3464 et
703 3424 765 3464 non
789 3408 1092 3488 tuaquom'minora
1121 3398 1357 3478 ss'mojoribus.
1403 3406 1443 3463 At
1467 3407 1517 3463 nbi
1541 3415 1598 3482 ego

248 3494 316 3564 dixi,
342 3497 485 3551 concinna
508 3503 539 3551 ut
561 3498 673 3552 minora
697 3493 814 3551 conflari
838 3509 872 3550 ex
897 3494 1033 3551 consonis
1056 3502 1088 3550 ut
1110 3493 1280 3568 majoribus,
1305 3501 1444 3568 tauquam
1471 3510 1507 3552 ex
1530 3490 1600 3570 pa'rae
1644 3548 1646 3551 ,

247 3580 352 3639 tibus?
397 3581 560 3654 Praeterea,
585 3582 634 3639 ubi
658 3590 688 3639 tu
713 3581 811 3638 vidisti
835 3597 965 3655 unquam
987 3598 1047 3639 rem
1069 3578 1238 3658 physicam,
1267 3589 1340 3656 puta
1356 3598 1461 3657 corpus
1485 3582 1600 3641 anima·

246 3667 291 3740 lis,
317 3668 436 3726 conflari
460 3686 495 3726 er
519 3672 578 3727 suis
603 3669 742 3745 partibus,
766 3684 818 3725 scu
842 3667 1051 3744 integralibus,
1075 3677 1107 3724 ut
1129 3685 1173 3727 ex'
1188 3671 1298 3745 capite,
1324 3678 1438 3739 banco,
1463 3669 1599 3744 pedibus,

247 3773 300 3814 seu
325 3755 518 3826 similaribus,
544 3765 576 3813 ut
598 3774 633 3814 ex
657 3773 749 3825 cante,
775 3754 861 3830 adipe
885 3764 914 3813 et
937 3753 1005 3813 aliis
1027 3753 1221 3829 huJusmoutt
1265 3755 1370 3815 Nonne
1393 3759 1491 3815 omnia
1513 3756 1600 3814 simul

246 3832 378 3903 oriuntur
406 3860 441 3901 ex
465 3843 584 3900 similari
615 3861 712 3901 massa
742 3844 861 3901 seminis
883 3840 1027 3920 producta
1054 3859 1071 3899 a
1095 3842 1235 3902 facultate
1263 3843 1452 3902 formatrice?
1496 3843 1599 3902 Nonne

245 3929 345 4005 aliqua
369 3928 484 3988 demum
508 3941 665 3989 nascuntnr
687 3939 753 4006 post
776 3946 880 4006 corpus
899 3930 962 4004 jam
984 3929 1147 4000 formatum,
1173 3939 1206 3988 ut
1228 3929 1327 4007 adeps,
1351 3948 1465 4004 semen,
1484 3929 1597 4004 dont'es,

246 4019 348 4088 barba,
373 4018 484 4092 pubes,
509 4020 536 4075 in
561 4018 678 4075 animati
703 4017 832 4076 cornua?
877 4015 1008 4075 Dissolvi
1032 4033 1103 4076 sane
1124 4025 1250 4093 possunt
1272 4016 1418 4077 naturalia
1448 4021 1477 4074 in
1500 4025 1598 4094 partes

248 4105 432 4179 hujusmodi,
463 4104 708 4181 quemadmodum
731 4116 761 4163 et
783 4121 838 4180 ego
861 4104 969 4177 doceo,
998 4120 1127 4163 consona
1150 4104 1278 4163 dissolvi·
1296 4108 1326 4163 in
1350 4107 1500 4166 concinna.
1546 4104 1599 4163 Vis

247 4201 278 4250 ut
301 4192 518 4250 accommodem
549 4196 668 4270 propius
692 4200 785 4250 ortum
809 4194 1015 4251 concinnorunr
1047 4191 1202 4250 adortum
1236 4195 1362 4269 partium
1385 4190 1599 4270 physicarum?
1623 4189 1626 4196 '

246 4278 390 4338 Tentabo.
437 4279 574 4337 Consona
597 4278 752 4338 intervalia
773 4287 842 4336 sunt
865 4273 1055 4356 quantitates,
1078 4295 1182 4357 corpus
1199 4280 1325 4337 bominis
1341 4282 1428 4338 etiam
1444 4288 1488 4338 ost
1504 4296 1599 4355 quan·

244 4377 316 4423 tum.
363 4368 506 4425 Consonis
537 4385 642 4426 nomen
675 4371 790 4444 ponitur
822 4383 981 4425 annmero
1004 4369 1209 4424 concinnorum
1238 4371 1268 4424 in
1293 4369 1383 4443 ipsis,
1414 4377 1442 4425 ot
1466 4369 1597 4444 corporis

245 4456 415 4529 proceritati
439 4456 663 4512 mensurationis
686 4472 791 4512 nomen
821 4453 906 4512 datur
928 4471 947 4511 a
969 4471 1090 4513 numero
1113 4454 1235 4531 pedum,
1266 4454 1478 4531 spithamarum
1501 4466 1530 4513 et
1553 4454 1599 4511 di·

244 4544 377 4617 gitorum,
426 4542 636 4600 lbi‘concinna
659 4542 858 4600 mensurantia
880 4549 948 4599 sunt
972 4558 1109 4600 excessus
1132 4559 1328 4600 consonorum
1359 4545 1446 4619 snper
1468 4558 1598 4600 consona

245 4630 463 4705 formanturque
487 4647 505 4686 a
527 4640 632 4687 tratura
655 4630 929 4703 contemperationis
952 4627 1137 4688 harmonicae
1161 4632 1189 4687 in
1208 4630 1335 4706 perfecto
1352 4628 1508 4688 intervallo
1532 4628 1598 4688 dia-

244 4733 353 4791 pason,
378 4717 536 4775 niceriam
560 4734 627 4792 pes,
651 4716 798 4793 epithema
805 4760 815 4795 ,
837 4716 947 4791 digitus
970 4716 1111 4774 formatur
1137 4719 1166 4773 in
1190 4720 1255 4793 ipso
1278 4731 1409 4793 corpore
1423 4716 1557 4775 intimatis
1580 4734 1599 4775 a

244 4806 408 4863 formatrice
432 4804 578 4861 facultate.
625 4801 810 4879 Quamquam
833 4803 929 4863 adbuc
952 4802 1098 4863 claudicat
1119 4804 1148 4861 in
1166 4822 1200 4863 eo
1222 4803 1393 4877 similitudo,
1419 4803 1498 4879 quod
1514 4802 1599 4863 aliter

245 4908 298 4966 pes
322 4894 351 4947 in
374 4891 490 4949 bomine
515 4894 669 4962 formatur,
693 4891 778 4949 alitor
801 4898 887 4950 tonus
912 4891 1120 4951 determinatur
1142 4894 1172 4948 in
1195 4890 1347 4969 diapason.

331 4978 507 5037 Indirectam
538 4981 582 5035 ais
612 4996 676 5036 esse
699 4997 793 5039 meam
816 4982 1025 5054 assertionem,
1057 4995 1122 5038 cum
1152 4979 1227 5049 dixi,
1259 4981 1365 5056 coique
1389 4980 1598 5039 consonantias
1642 4997 1645 5001 ·

245 5081 328 5124 suam
352 5084 416 5124 esse
440 5083 557 5124 causam
582 5067 732 5125 internam.
778 5065 887 5125 Nescio
918 5066 988 5143 quid
1019 5083 1126 5148 arguas
1157 5067 1218 5125 bat·
1235 5084 1317 5126 voce.
1364 5066 1460 5125 Video
1491 5075 1597 5140 mmen,

244 5162 272 5210 te
295 5155 430 5213 aberrare
453 5170 470 5211 a
493 5170 558 5212 meo
580 5170 677 5212 sensu.
725 5153 768 5210 Do
792 5153 844 5212 iffa
866 5170 956 5212 causa
980 5153 1039 5211 dlxi
1063 5170 1132 5230 ego,
1165 5170 1242 5230 quse
1264 5154 1358 5212 forma
1380 5162 1425 5213 ost
1456 5153 1600 5213 termino&

244 5258 307 5299 rum
330 5242 534 5317 proportionis,
558 5250 590 5298 ut
614 5240 790 5315 triangulum
813 5243 904 5319 ipsius
928 5241 1081 5317 diapente,
1106 5241 1246 5300 diameter
1269 5233 1362 5317 ipsius
1385 5240 1541 5316 diapason,
1566 5248 1598 5299 tta

246 5328 282 5386 de
305 5331 412 5403 cysare
436 5330 568 5404 opponis,
592 5344 646 5386 nec
668 5327 816 5403 quodnam
838 5329 876 5386 sit
898 5327 971 5386 illud
995 5345 1086 5404 agens
1102 5327 1222 5387 indicas.
1269 5330 1361 5405 Atqui
1383 5327 1468 5388 side
1490 5335 1598 5406 ogerus

244 5419 381 5492 quaestio
405 5423 459 5482 est,
484 5425 545 5473 tum
569 5423 598 5473 et
621 5414 691 5472 mibi
714 5432 822 5490 agens,
851 5413 881 5472 id
904 5423 949 5473 est
972 5411 1131 5476 conciliaus
1154 5417 1334 5494 proportioni
1356 5432 1440 5474 susm
1461 5415 1597 5476 suasft'a-
1679 5434 1684 5443 ·

244 5512 305 5562 tem
328 5505 357 5559 in
381 5502 498 5575 auditu,
524 5510 569 5561 est
590 5519 672 5560 mens
696 5519 789 5577 eaque
813 5520 871 5560 una
894 5510 924 5560 et
946 5500 1048 5561 eadem
1071 5520 1123 5579 per
1146 5521 1247 5563 omnes
1270 5499 1488 5563 consobantias.
1573 5509 1576 5515 '

248 5575 255 5590 ⁸
332 5590 401 5649 Alio
424 5592 535 5665 impetu
558 5598 644 5665 capto
668 5606 758 5667 negas
781 5590 950 5666 imperfecta
980 5593 1059 5647 nasci
1085 5591 1275 5669 aperfectis,
1306 5593 1448 5651 conciune
1475 5589 1597 5651 dissona

244 5695 264 5738 a
294 5680 439 5738 consonis.
484 5676 567 5753 Nega
597 5675 701 5736 eodem
730 5684 917 5754 argumento,
949 5676 1078 5755 perfeeto
1108 5679 1243 5759 componi
1273 5695 1309 5739 ex
1320 5679 1327 5704 ’·
1338 5679 1528 5756 imperfectis,
1562 5686 1596 5738 ut
