3684 7259
719 1196 801 1253 Liber
816 1195 865 1253 Ill.
887 1195 975 1267 Caput
992 1195 1051 1253 Vll.
1496 1194 1557 1258 861

210 1371 306 1428 sicelio
328 1370 355 1426 in
378 1372 488 1428 animos.
524 1374 566 1430 Dc
588 1373 687 1443 quibus
710 1369 771 1428 vide
789 1390 848 1442 cap.
870 1376 909 1430 15.
933 1373 997 1429 libri
1017 1372 1071 1430 mei
1092 1369 1166 1428 tertii
1188 1385 1271 1439 saepe
1294 1369 1419 1438 citatum,
1446 1367 1561 1428 observa

211 1466 275 1505 vero
294 1452 450 1509 discrimen:
474 1452 546 1509 aliud
565 1461 620 1520 est,
644 1455 746 1508 animas
770 1454 798 1508 in
816 1469 914 1520 genere
934 1452 1063 1508 delectari
1081 1450 1241 1520 harmoniis,
1268 1449 1342 1510 aliud
1361 1449 1441 1505 etiam
1460 1456 1488 1505 et
1505 1467 1560 1505 am·

210 1530 282 1600 plius
306 1531 421 1601 aliqum,
449 1532 561 1588 affectus
587 1549 648 1588 cum
673 1541 768 1588 cantus
792 1531 878 1587 modis
903 1530 1087 1589 consimilibus
1114 1529 1269 1593 nansierrh
1295 1529 1392 1585 horum
1415 1536 1561 1597 utrumqne

211 1629 288 1669 snam
308 1617 418 1669 causam
435 1612 527 1668 habet.

258 1719 261 1724 ·
297 1690 390 1746 Prima
404 1690 488 1763 lgltrrr
511 1700 538 1749 et
560 1692 627 1748 satis
646 1693 793 1762 conspicua
820 1709 915 1763 cauea,
942 1710 992 1749 cnr
1015 1695 1155 1745 mutentur
1172 1688 1291 1745 affectus
1310 1688 1348 1744 ad·
1363 1688 1562 1759 praescriptum

181 1778 324 1846 ρων,
350 1769 476 1839 cansa,
503 1773 575 1842 quod
589 1774 646 1842 jam
665 1780 745 1827 antea
770 1776 827 1829 noti
846 1780 910 1829 sunt
927 1771 1029 1828 homini
1054 1770 1201 1828 dolentium
1219 1768 1349 1838 ejulatus,
1377 1770 1561 1840 gaudentium,

191 1841 397 1934 fallentia,
414 1851 544 1906 iratorum
562 1861 612 1907 ete.
632 1869 712 1908 voces
731 1854 862 1922 diversae,
880 1854 944 1908 licet
961 1852 1147 1909 inconcinnae.
1183 1853 1258 1924 Ergo
1282 1853 1307 1907 si
1324 1852 1416 1923 aliqua
1433 1851 1515 1908 etiam
1532 1849 1561 1905 in

200 1925 352 1996 mmai·
369 1929 450 1999 inque
468 1931 610 1997 generibus
629 1940 657 1987 et
673 1932 761 1988 modis
780 1934 889 1990 musicis
908 1941 952 2004 est
969 1934 1077 1989 affectio
1096 1932 1189 1987 similis
1206 1930 1263 1988 sslis
1278 1933 1405 2002 menna,
1423 1934 1470 1990 illa
1490 1952 1560 1990 eom·

210 2010 358 2068 moueiuit
387 2012 503 2066 enimam
526 2012 560 2067 de
583 2015 687 2076 causis,
714 2029 795 2072 voces
817 2014 887 2070 tales
911 2011 1135 2084 exprimentibus,
1162 2026 1199 2066 se.
1227 2011 1265 2066 ds.
1281 2009 1425 2070 mmmm
1446 2014 1562 2069 idoneis.

211 2092 273 2145 Jam
291 2102 355 2142 vero
374 2091 511 2159 proprium
530 2098 580 2169 eug·
589 2095 746 2161 animorum,
764 2095 865 2150 affectu
883 2092 1034 2148 consociari
1051 2106 1111 2146 cum
1128 2089 1189 2144 aliis
1207 2087 1313 2150 animia.
1348 2090 1392 2148 Ex
1410 2091 1463 2148 haa
1479 2108 1562 2149 causa

211 2183 261 2224 ceu
280 2181 314 2219 ex
331 2169 406 2224 iente
425 2170 541 2224 derivavi
559 2186 608 2240 ego
627 2173 674 2227 iol.
695 2178 728 2230 75
747 2175 819 2242 (185)
838 2172 899 2227 libri
916 2173 970 2227 mei
989 2186 1082 2226 omues
1102 2169 1161 2226 iera
1174 2170 1243 2224 alias
1256 2175 1353 2226 mins
1371 2172 1561 2242 proprietates·

213 2252 307 2308 Altera
333 2253 466 2311 occultior
491 2268 573 2307 cansa
596 2261 623 2309 et
642 2254 802 2311 delectionis
824 2256 852 2309 in
871 2268 982 2324 genere,
1007 2259 1035 2306 et
1056 2266 1114 2305 eam
1136 2255 1215 2305 muto
1238 2248 1344 2305 lucilius
1368 2252 1561 2319 consequentis

211 2334 369 2390 mutationis
394 2333 541 2388 affectuum
564 2335 591 2387 in
614 2336 720 2405 speeie,
749 2334 941 2389 aPtolemaeo
964 2331 1085 2402 tangitur
1106 2328 1135 2382 iu
1151 2333 1244 2389 textu.
1272 2343 1333 2383 cum
1360 2327 1502 2392 admon&
1523 2330 1562 2385 ait

211 2411 315 2466 animos
334 2430 350 2467 a
370 2421 451 2466 cantu
469 2413 594 2483 propriae
613 2413 792 2483 suiipsorum
811 2412 1040 2469 conformationis.
1077 2409 1132 2467 Sed
1148 2408 1209 2478 ipse
1231 2407 1303 2462 hanc
1320 2407 1561 2466 conformationem

211 2489 346 2556 intelligit,
367 2507 446 2558 quam
465 2491 523 2559 ipse
541 2491 659 2559 tradidit,
679 2509 748 2561 quae
766 2493 902 2548 rhetorica
920 2492 1017 2547 saltem
1035 2487 1212 2545 similitudine
1228 2492 1348 2556 constat,
1371 2504 1426 2543 uon
1444 2488 1561 2544 necessi·
1654 2491 1656 2495 ’

210 2573 267 2621 tate
286 2569 395 2625 causali.
432 2570 498 2623 Vult
516 2570 597 2635 igitur
614 2571 717 2626 animos
735 2573 810 2640 ipsos
829 2578 857 2626 at
872 2571 1005 2625 instinctu
1024 2570 1142 2637 quodam
1152 2583 1300 2640 moenere
1318 2584 1394 2622 suam
1408 2568 1482 2624 illam
1498 2586 1560 2624 enm

211 2645 369 2701 harmonica
395 2647 607 2715 similitudinem,
641 2667 695 2704 non
721 2652 809 2706 minus
837 2665 916 2719 quam
944 2648 1116 2703 Ptolemaeus
1143 2646 1329 2703 ratiocinando
1356 2664 1416 2703 eam
1442 2649 1559 2717 agnovit.

209 2724 299 2791 Atque
317 2726 463 2781 similitudo
481 2727 541 2795 illa,
565 2735 595 2783 ut
613 2743 630 2782 a
647 2728 802 2785 Ptolemaeo
821 2729 930 2797 quidem
948 2733 991 2783 est
1008 2728 1153 2793 instructa,
1173 2742 1227 2780 non
1247 2742 1302 2780 nno
1318 2728 1439 2782 membro
1458 2727 1560 2783 clandi-

209 2809 261 2866 cut,
280 2803 441 2872 videturque
462 2803 527 2859 uu'hi
544 2808 631 2861 minus
650 2814 777 2862 accurata
795 2816 823 2862 et
839 2806 967 2877 pulchra,
992 2823 1072 2876 quam
1090 2807 1269 2890 eloim&
1287 2822 1338 2861 nec
1355 2807 1443 2862 miuus
1470 2814 1559 2861 tamen

210 2880 302 2935 valent
320 2883 347 2936 in
366 2901 456 2939 meum
475 2885 591 2939 animum
609 2886 789 2954 proprietates
807 2891 910 2952 cantus,
931 2902 1011 2955 quam
1024 2887 1051 2940 in
1063 2881 1364 2959 Ptoim'ssdrlhsetior
1376 2886 1458 2955 igitur
1469 2886 1561 2955 aliqua

210 2963 385 3017 necessitudo
405 2965 560 3032 quaerenda
579 2973 620 3019 est
639 2965 857 3021 conformationis
870 2966 1020 3020 animorum
1038 2949 1326 3046 eumltoane
1337 2964 1486 3021 harmonici
1498 2981 1560 3019 can-

210 3047 268 3107 tus,
288 3041 310 3094 si
329 3042 401 3095 illam
421 3044 549 3098 volumus
563 3045 633 3098 inter
651 3062 747 3100 causas
765 3045 848 3101 videri
867 3045 1136 3114 comcspondentium
1153 3043 1469 3118 umdeaffecticnun.
1500 3044 1564 3113 Quo
1630 3043 1633 3048 ’

210 3118 270 3173 loco
290 3121 378 3175 varias
397 3126 539 3178 auctorum
553 3120 704 3186 sententias
722 3124 794 3178 inter
811 3140 841 3179 se
858 3140 1014 3194 comparare
1032 3123 1191 3178 nonnullum
1210 3125 1262 3179 erit
1278 3141 1378 3195 operae
1396 3125 1521 3196 pretium.
1652 3123 1655 3130 ’

298 3216 377 3284 Quod
402 3218 746 3280 enim¹trarismutationem
772 3228 868 3274 cantus
891 3227 1053 3287 sequeretur
1076 3221 1217 3276 translatio
1241 3223 1403 3289 affectuum,
1425 3223 1453 3278 id
1477 3240 1559 3279 unum

212 3304 303 3351 erate
321 3298 474 3367 praecipuis
493 3300 664 3367 argumentis,
683 3316 731 3353 cur
748 3299 904 3367 philosophi
921 3299 949 3353 in
969 3306 1049 3367 gente
1067 3302 1176 3356 musicis
1193 3303 1290 3359 studiis
1310 3303 1402 3359 dedita
1416 3305 1473 3374 jam
1491 3305 1560 3359 anti-
1623 3341 1640 3358 -.

212 3377 304 3445 quitus
323 3379 533 3444 suspicarentur,
551 3378 579 3432 in
597 3377 746 3431 animorum
765 3377 859 3432 formis
878 3383 905 3433 et
924 3377 1162 3446 compositionibus
1181 3380 1276 3437 insitas
1291 3398 1352 3438 esse
1369 3383 1479 3453 penitus
1497 3383 1559 3438 har·

210 3459 322 3511 munias.
358 3457 443 3524 Pytho
448 3472 526 3526 goras
544 3458 651 3527 quidem
668 3457 721 3511 hoc
739 3457 836 3523 dogma
853 3457 922 3512 udeo
935 3457 1047 3512 firmiter
1059 3455 1154 3511 habuit
1165 3471 1334 3527 persuasum,
1353 3467 1383 3513 nt
1395 3474 1429 3515 ex
1441 3475 1473 3514 eo
1486 3458 1561 3514 alind

211 3535 365 3591 abstrusius
384 3537 556 3590 exstruxerit.
594 3537 660 3590 Cum
679 3535 757 3601 enim,
775 3543 805 3590 ut
824 3536 850 3589 in
869 3536 1045 3605 praeambulo
1063 3534 1125 3590 libri
1143 3536 1215 3590 tertii
1234 3536 1343 3606 dictum,
1362 3539 1561 3594 harmoniarum
1627 3584 1631 3591 .

212 3628 308 3669 causas
327 3616 355 3669 in
373 3615 491 3668 numeris
509 3614 598 3668 inesse
616 3613 827 3682 persuaderetur
844 3614 970 3683 idemque
988 3615 1093 3670 animus
1111 3622 1197 3684 essct,
1223 3615 1269 3684 qni
1288 3626 1316 3671 et
1334 3634 1396 3674 eum
1414 3617 1560 3675 harmoniis

211 3699 238 3752 ln
256 3698 345 3751 varios
364 3695 477 3748 adlectus
495 3692 687 3747 transferretur
705 3701 732 3746 ct
751 3693 909 3748 numerandi
920 3692 1050 3748 iacvrltate
1064 3692 1181 3761 polleret
1194 3695 1283 3755 unica,
1304 3696 1405 3765 triplici
1416 3697 1468 3751 hae
1480 3696 1562 3751 trium

211 3792 314 3841 rerum,
334 3774 425 3841 animi,
446 3772 562 3841 numeri,
581 3771 749 3838 harmoniae,
778 3773 849 3827 inter
867 3787 897 3827 se
915 3772 1084 3828 connexione
1103 3779 1193 3825 motus
1212 3774 1391 3842 pronunciare
1409 3790 1492 3832 ansus
1510 3781 1561 3843 est,

211 3856 297 3924 ipsam
316 3852 414 3907 mentis
433 3850 576 3903 essentiam
595 3865 628 3903 ex
648 3851 766 3905 numeris
786 3860 924 3918 constare;
943 3865 997 3903 non
1016 3849 1048 3902 iis
1067 3848 1177 3917 quidem
1196 3854 1320 3910 omnibus
1332 3855 1494 3924 promiscue,
1512 3847 1561 3909 sed

211 3951 246 3988 en
264 3935 312 3987 illo
332 3939 456 4000 tetracty,
474 3946 524 3999 per
542 3946 621 3997 quem
635 3928 759 3997 jurabat,
784 3929 830 3997 qni
849 3945 886 3983 sc.
906 3927 1080 3996 colligeretur
1097 3945 1131 3983 ex
1149 3933 1271 3987 terminis
1289 3933 1446 3989 harmoniae
1463 3931 1560 3988 identi-

211 4030 293 4068 soaae
312 4012 456 4079 diapason,
473 4015 563 4063 sectae
580 4023 630 4077 per
647 4007 716 4063 duas
733 4009 907 4075 medietates,
927 4008 1115 4075 geometricam
1134 4018 1162 4063 et
1179 4010 1390 4081 arithmeticam,
1414 4014 1442 4066 in
1459 4029 1560 4067 morem

211 4091 325 4146 duarum
352 4087 497 4143 solidarum
524 4087 716 4156 quantitatum,
744 4097 774 4143 ut
799 4104 869 4157 qnae
888 4088 968 4142 etiam
994 4087 1063 4141 duas
1080 4088 1183 4143 medias
1200 4091 1391 4159 proportiones
1413 4091 1559 4161 recipiunt3

212 4170 258 4238 qui
270 4168 379 4223 termini
398 4172 462 4221 sunt
480 4166 503 4234 ti,
522 4167 547 4231 8,
566 4164 591 4233 9,
614 4167 652 4232 12,
672 4183 784 4222 numero
803 4176 934 4236 quatuor,
953 4183 1058 4221 summa
1076 4168 1121 4235 35,
1147 4168 1193 4235 qui
1210 4168 1272 4223 ideo
1290 4169 1429 4226 harmonia
1447 4180 1489 4228 est
1506 4170 1560 4225 dic-

212 4261 272 4314 tus,
300 4249 344 4303 cni
363 4248 386 4301 si
405 4247 494 4303 unitas
510 4246 656 4312 jungatur,
675 4245 745 4300 finnt
763 4248 811 4313 36,
835 4262 963 4300 numerus
981 4245 1201 4301 accuratissimus
1220 4248 1369 4316 quadratus
1387 4248 1421 4305 de
1439 4250 1562 4319 perlecto

212 4338 238 4410 d,
257 4337 285 4383 et
303 4326 460 4393 trigonicus,
481 4325 538 4380 basi
556 4327 581 4378 8.
617 4325 685 4380 Vide
704 4326 784 4395 plura
801 4327 829 4380 in
848 4326 965 4394 allegato
984 4324 1169 4394 praeambulo.
1205 4328 1286 4382 Hunc
1303 4329 1485 4398 Pythagoram
1502 4332 1560 4387 iuvi·

211 4403 284 4464 tt'tvm
304 4404 458 4459 Macrobius
483 4405 598 4457 animam
624 4403 742 4458 affirmat
760 4421 820 4460 esse
838 4405 970 4459 intextam
989 4420 1022 4458 ex
1041 4404 1160 4459 numeris
1178 4407 1300 4477 musicis,
1327 4408 1497 4477 animamque
1516 4409 1561 4463 de·

210 4490 284 4550 finit,
310 4485 383 4554 quod
407 4485 442 4537 sit
470 4500 596 4537 numerus
619 4484 792 4538 harmonicus
815 4499 844 4538 se
871 4483 960 4553 ipsum
983 4498 1102 4537 movens.
1139 4485 1253 4539 Hermes
1274 4501 1339 4541 raro
1363 4487 1562 4563 Tmmcgistuq

209 4567 367 4639 Pythagora
385 4565 479 4632 procul
498 4563 579 4617 dnbio
598 4564 741 4632 posterior,
760 4580 810 4618 nec
827 4563 866 4617 ita
883 4569 1009 4618 vetustus
1028 4562 1409 4634 (sententiadoctissimorura
1419 4566 1563 4635 uirorum),

209 4655 241 4701 nt
256 4646 365 4712 jactant
380 4643 510 4707 nonnulli,
529 4644 631 4697 iontem
643 4643 792 4697 animarum
805 4642 948 4711 profitetur
961 4642 1137 4711 octonarium,
1156 4642 1320 4712 intelligens,
1339 4646 1367 4700 ni
1381 4641 1471 4715 fallor,
1489 4646 1563 4700 hune

210 4725 372 4793 trigonicum
392 4726 433 4789 36,
453 4724 511 4778 basi
531 4725 564 4791 8;
589 4723 642 4777 nisi
660 4722 821 4777 desumserit
844 4738 878 4777 ex
896 4722 1048 4785 Macrobio,
1068 4721 1114 4789 qni
1135 4721 1324 4791 theologorum
1342 4718 1438 4780 Musas
1463 4741 1560 4781 novam

210 4807 405 4873 interpretatur
422 4803 455 4857 de
474 4803 598 4870 sphaeris
617 4810 681 4857 octo
697 4801 848 4869 mundanis,
868 4808 895 4854 et
913 4800 1048 4855 communi
1066 4815 1160 4855 earum
1179 4808 1320 4857 concentu.
1356 4802 1387 4857 ld
1408 4819 1471 4858 vero
1489 4806 1561 4862 vide·
1622 4849 1625 4854 .

210 4892 256 4938 tur
280 4882 401 4936 alludere
424 4882 458 4936 ad
481 4883 595 4950 liguram
613 4879 773 4948 quadratam
796 4895 830 4934 ex
849 4896 945 4932 novem
964 4880 1074 4947 punctis
1092 4880 1206 4949 facum,
1231 4898 1346 4950 qnorum
1369 4891 1430 4938 octo
1449 4884 1561 4940 circum·

210 4970 284 5016 stant
304 4963 435 5027 exterius,
460 4978 543 5016 unum
561 4961 635 5014 intus
653 4960 680 5013 in
698 4956 787 5013 medio
810 4965 852 5012 est
875 4958 902 5010 in
920 4957 1112 5013 decussatione
1131 4958 1271 5013 linearum.
1307 4959 1383 5015 Idam
1401 4962 1516 5016 Hermes
1533 4960 1561 5013 in

208 5041 378 5095 Poemandro
396 5048 513 5096 mentem
526 5039 641 5093 hominis
659 5053 709 5108 per
725 5038 893 5091 harmoniam
911 5037 952 5091 ait
967 5052 1029 5092 essa
1048 5037 1196 5107 delapsam,
1215 5038 1333 5094 vicissim
1353 5056 1425 5110 vero,
1443 5038 1561 5095 solutam

209 5120 324 5174 rineulis
341 5118 462 5190 corporis
479 5118 693 5187 heulmtnmque
705 5117 869 5179 inferiorum,
887 5131 937 5186 per
955 5116 1068 5171 eandem
1079 5117 1247 5172 harmoniam
1259 5132 1429 5175 reversuram
1441 5121 1468 5174 in
1481 5117 1560 5174 sedes

210 5198 352 5265 pristinas,
376 5196 449 5267 quod
466 5204 567 5265 totum,
592 5204 623 5250 ut
640 5196 790 5263 audiemus,
816 5211 851 5248 ex
869 5194 984 5249 Platone
1008 5204 1051 5252 est
1069 5202 1097 5249 et
1113 5194 1184 5250 torte
1206 5189 1398 5253 exidaerbbic.
1434 5194 1561 5268 Timaeus

210 5278 280 5331 enim
299 5277 371 5345 apud
388 5273 543 5344 Platona,
567 5274 762 5345 Pythagoricus
781 5276 897 5344 etipse,
922 5275 1038 5329 animam
1056 5273 1149 5330 mnudi
1168 5276 1206 5330 alt
1223 5275 1323 5331 iactam
1340 5293 1374 5332 en
1394 5286 1500 5347 septem
1517 5269 1561 5334 liis

209 5356 338 5425 numeris,
357 5372 390 5410 ex
409 5355 512 5410 amante
534 5359 555 5418 1,
575 5354 634 5422 pari
651 5354 737 5422 primo
756 5369 804 5408 sen
822 5354 922 5408 femina
940 5354 964 5421 2,
982 5352 1077 5423 impari
1095 5353 1181 5421 primo
1194 5361 1244 5409 seb
1254 5369 1329 5411 nara
1343 5358 1368 5426 3,
1386 5351 1483 5412 horath
1496 5374 1560 5432 qua·

209 5436 295 5491 dratis
312 5437 343 5503 4,
362 5437 391 5503 9,
410 5441 438 5488 et
457 5435 532 5488 cubis
551 5436 584 5501 8,
603 5434 649 5498 27,
668 5433 715 5502 qni
733 5432 787 5486 duo
801 5431 891 5499 juncti
908 5431 1013 5486 iaciunt
1031 5432 1073 5486 35.
1109 5431 1153 5484 Ex
1171 5431 1214 5487 his
1235 5447 1298 5488 vero
1316 5436 1436 5490 numeris
1454 5435 1560 5492 harmo-
1621 5475 1624 5482 .

209 5516 268 5571 uias
286 5516 390 5583 etipse
408 5529 501 5568 omnes
520 5529 550 5567 se
568 5513 768 5567 demonstrasse
786 5509 907 5565 credidit.
944 5510 1014 5579 Ejus
1038 5511 1120 5579 igitur
1143 5511 1278 5582 interpres
1296 5514 1452 5571 Macrobius
1470 5511 1560 5573 Plato·
1608 5581 1611 5586 ,

209 5595 277 5649 uicis
301 5594 419 5649 numeris
443 5591 534 5645 mnndi
558 5591 673 5645 animam
696 5591 735 5645 ait
756 5604 817 5644 esse
840 5595 998 5657 conceptam
1022 5598 1050 5645 et
1068 5590 1158 5645 inesse
1175 5591 1215 5646 illi
1239 5607 1349 5649 cansam
1366 5595 1505 5666 musicae;
1531 5604 1560 5653 at

208 5671 401 5729 emensitatem
418 5670 531 5727 rationis
549 5688 566 5726 a
583 5670 747 5727 coelestibus
765 5687 820 5727 non
837 5668 982 5750 recedere,
992 5685 1057 5742 ergo
1076 5671 1240 5741 compositos
1257 5672 1287 5729 iu
1303 5672 1475 5732 coelosonos
1487 5674 1560 5744 (eon-
