<?xml version="1.0" encoding="UTF-8"?>
<!DOCTYPE html PUBLIC "-//W3C//DTD XHTML 1.0 Transitional//EN"
    "http://www.w3.org/TR/xhtml1/DTD/xhtml1-transitional.dtd">
<html xmlns="http://www.w3.org/1999/xhtml" xml:lang="en" lang="en">
 <head>
  <title>
</title>
<meta http-equiv="Content-Type" content="text/html;charset=utf-8" />
  <meta name='ocr-system' content='tesseract 3.04.00' />
  <meta name='ocr-capabilities' content='ocr_page ocr_carea ocr_par ocr_line ocrx_word'/>
</head>
<body>
  <div class='ocr_page' id='page_1' title='image "./joanniskepleria09frisgoog_0448.png"; bbox 0 0 3684 7259; ppageno 0'>
   <div class='ocr_carea' id='block_1_1' title="bbox 245 1214 1129 1285">
    <p class='ocr_par' dir='ltr' id='par_1_1' title="bbox 245 1214 1129 1285">
     <span class='ocr_line' id='line_1_1' title="bbox 245 1214 1129 1285; baseline -0.017 -3"><span class='ocrx_word' id='word_1_1' title='bbox 245 1222 312 1282; x_wconf 74' lang='grc'><strong>436</strong></span> <span class='ocrx_word' id='word_1_2' title='bbox 718 1214 883 1285; x_wconf 76' lang='lat' dir='ltr'><strong>Appendicit</strong></span> <span class='ocrx_word' id='word_1_3' title='bbox 901 1214 1129 1269; x_wconf 74' lang='lat' dir='ltr'><strong>Hmouicomm</strong></span> 
     </span>
    </p>
   </div>
   <div class='ocr_carea' id='block_1_2' title="bbox 164 1390 1646 5749">
    <p class='ocr_par' dir='ltr' id='par_1_2' title="bbox 245 1390 1602 2255">
     <span class='ocr_line' id='line_1_2' title="bbox 247 1390 1599 1471; baseline -0.006 -14"><span class='ocrx_word' id='word_1_4' title='bbox 247 1397 511 1471; x_wconf 80' lang='lat' dir='ltr'><strong>etirritoimpetu</strong></span> <span class='ocrx_word' id='word_1_5' title='bbox 542 1396 716 1453; x_wconf 76' lang='lat' dir='ltr'><strong>uadsrulas</strong></span> <span class='ocrx_word' id='word_1_6' title='bbox 762 1395 846 1454; x_wconf 76' lang='lat' dir='ltr'><strong>More</strong></span> <span class='ocrx_word' id='word_1_7' title='bbox 877 1405 1027 1470; x_wconf 84' lang='lat' dir='ltr'><strong>receptum</strong></span> <span class='ocrx_word' id='word_1_8' title='bbox 1056 1412 1122 1453; x_wconf 87' lang='lat' dir='ltr'><strong>esse</strong></span> <span class='ocrx_word' id='word_1_9' title='bbox 1148 1398 1243 1463; x_wconf 83' lang='lat' dir='ltr'><strong>nosti,</strong></span> <span class='ocrx_word' id='word_1_10' title='bbox 1273 1396 1299 1449; x_wconf 84' lang='lat' dir='ltr'><strong>si</strong></span> <span class='ocrx_word' id='word_1_11' title='bbox 1322 1390 1599 1468; x_wconf 61' lang='lat' dir='ltr'><strong>dogmaqaotlh&#39;m</strong></span> 
     </span>
     <span class='ocr_line' id='line_1_3' title="bbox 247 1480 1600 1559; baseline -0.004 -18"><span class='ocrx_word' id='word_1_12' title='bbox 247 1486 321 1541; x_wconf 83' lang='lat' dir='ltr'><strong>hene</strong></span> <span class='ocrx_word' id='word_1_13' title='bbox 343 1484 505 1540; x_wconf 88' lang='lat' dir='ltr'><strong>stabilitum</strong></span> <span class='ocrx_word' id='word_1_14' title='bbox 528 1497 582 1550; x_wconf 86' lang='lat' dir='ltr'><strong>est,</strong></span> <span class='ocrx_word' id='word_1_15' title='bbox 607 1494 640 1540; x_wconf 93' lang='lat' dir='ltr'><strong>ut</strong></span> <span class='ocrx_word' id='word_1_16' title='bbox 661 1500 727 1540; x_wconf 90' lang='lat' dir='ltr'><strong>cum</strong></span> <span class='ocrx_word' id='word_1_17' title='bbox 751 1484 967 1557; x_wconf 76' lang='lat' dir='ltr'><strong>obiectionibus</strong></span> <span class='ocrx_word' id='word_1_18' title='bbox 990 1493 1093 1559; x_wconf 86' lang='lat' dir='ltr'><strong>postea</strong></span> <span class='ocrx_word' id='word_1_19' title='bbox 1108 1482 1271 1539; x_wconf 75' lang='lat' dir='ltr'><strong>levioribus</strong></span> <span class='ocrx_word' id='word_1_20' title='bbox 1286 1480 1473 1555; x_wconf 67' lang='lat' dir='ltr'><strong>transigitur.</strong></span> <span class='ocrx_word' id='word_1_21' title='bbox 1510 1480 1600 1537; x_wconf 84' lang='lat' dir='ltr'><strong>Cam·</strong></span> 
     </span>
     <span class='ocr_line' id='line_1_4' title="bbox 246 1567 1600 1647; baseline -0.001 -21"><span class='ocrx_word' id='word_1_22' title='bbox 246 1587 358 1646; x_wconf 86' lang='lat' dir='ltr'><strong>panae,</strong></span> <span class='ocrx_word' id='word_1_23' title='bbox 383 1574 495 1646; x_wconf 87' lang='lat' dir='ltr'><strong>inquis,</strong></span> <span class='ocrx_word' id='word_1_24' title='bbox 520 1572 547 1625; x_wconf 92' lang='lat' dir='ltr'><strong>in</strong></span> <span class='ocrx_word' id='word_1_25' title='bbox 573 1571 687 1647; x_wconf 88' lang='lat' dir='ltr'><strong>templis</strong></span> <span class='ocrx_word' id='word_1_26' title='bbox 710 1572 828 1627; x_wconf 86' lang='lat' dir='ltr'><strong>minime</strong></span> <span class='ocrx_word' id='word_1_27' title='bbox 851 1569 939 1628; x_wconf 89' lang='lat' dir='ltr'><strong>silent</strong></span> <span class='ocrx_word' id='word_1_28' title='bbox 960 1573 989 1625; x_wconf 95' lang='lat' dir='ltr'><strong>in</strong></span> <span class='ocrx_word' id='word_1_29' title='bbox 1012 1573 1199 1645; x_wconf 87' lang='lat' dir='ltr'><strong>oppositione</strong></span> <span class='ocrx_word' id='word_1_30' title='bbox 1222 1568 1323 1626; x_wconf 82' lang='lat' dir='ltr'><strong>Lunae</strong></span> <span class='ocrx_word' id='word_1_31' title='bbox 1346 1584 1413 1625; x_wconf 87' lang='lat' dir='ltr'><strong>cam</strong></span> <span class='ocrx_word' id='word_1_32' title='bbox 1434 1567 1600 1637; x_wconf 74' lang='lat' dir='ltr'><strong>malevolis,</strong></span> 
     </span>
     <span class='ocr_line' id='line_1_5' title="bbox 245 1655 1600 1733; baseline -0.004 -18"><span class='ocrx_word' id='word_1_33' title='bbox 245 1669 331 1733; x_wconf 81' lang='lat' dir='ltr'><strong>peste</strong></span> <span class='ocrx_word' id='word_1_34' title='bbox 354 1669 515 1731; x_wconf 87' lang='lat' dir='ltr'><strong>grassante.</strong></span> <span class='ocrx_word' id='word_1_35' title='bbox 560 1657 592 1715; x_wconf 81' lang='lat' dir='ltr'><strong>Si</strong></span> <span class='ocrx_word' id='word_1_36' title='bbox 616 1660 690 1715; x_wconf 64' lang='lat' dir='ltr'><strong>mue</strong></span> <span class='ocrx_word' id='word_1_37' title='bbox 712 1659 848 1732; x_wconf 77' lang='lat' dir='ltr'><strong>conjicio,</strong></span> <span class='ocrx_word' id='word_1_38' title='bbox 871 1668 903 1714; x_wconf 91' lang='lat' dir='ltr'><strong>tn</strong></span> <span class='ocrx_word' id='word_1_39' title='bbox 927 1662 1039 1731; x_wconf 75' lang='lat' dir='ltr'>patriae</span> <span class='ocrx_word' id='word_1_40' title='bbox 1062 1670 1129 1714; x_wconf 69' lang='lat' dir='ltr'><strong>tuae</strong></span> <span class='ocrx_word' id='word_1_41' title='bbox 1152 1655 1262 1713; x_wconf 79' lang='lat' dir='ltr'><strong>morem</strong></span> <span class='ocrx_word' id='word_1_42' title='bbox 1286 1656 1455 1730; x_wconf 76' lang='lat' dir='ltr'><strong>hicuan,</strong></span> <span class='ocrx_word' id='word_1_43' title='bbox 1479 1657 1509 1709; x_wconf 88' lang='lat' dir='ltr'><strong>iu</strong></span> <span class='ocrx_word' id='word_1_44' title='bbox 1531 1672 1600 1729; x_wconf 86' lang='lat' dir='ltr'><strong>qua,</strong></span> 
     </span>
     <span class='ocr_line' id='line_1_6' title="bbox 246 1741 1600 1821; baseline -0.002 -21"><span class='ocrx_word' id='word_1_45' title='bbox 246 1748 297 1821; x_wconf 78' lang='lat' dir='ltr'><strong>qui</strong></span> <span class='ocrx_word' id='word_1_46' title='bbox 320 1756 388 1801; x_wconf 90' lang='lat' dir='ltr'><strong>sunt</strong></span> <span class='ocrx_word' id='word_1_47' title='bbox 410 1748 440 1800; x_wconf 92' lang='lat' dir='ltr'><strong>in</strong></span> <span class='ocrx_word' id='word_1_48' title='bbox 464 1762 559 1819; x_wconf 84' lang='lat' dir='ltr'><strong>agone</strong></span> <span class='ocrx_word' id='word_1_49' title='bbox 582 1748 744 1815; x_wconf 86' lang='lat' dir='ltr'><strong>constituti,</strong></span> <span class='ocrx_word' id='word_1_50' title='bbox 769 1749 788 1801; x_wconf 89' lang='lat' dir='ltr'><strong>ii</strong></span> <span class='ocrx_word' id='word_1_51' title='bbox 811 1762 973 1821; x_wconf 84' lang='lat' dir='ltr'><strong>campanae</strong></span> <span class='ocrx_word' id='word_1_52' title='bbox 995 1748 1080 1820; x_wconf 80' lang='lat' dir='ltr'><strong>siguo</strong></span> <span class='ocrx_word' id='word_1_53' title='bbox 1094 1748 1249 1819; x_wconf 88' lang='lat' dir='ltr'><strong>impetrato</strong></span> <span class='ocrx_word' id='word_1_54' title='bbox 1266 1742 1401 1819; x_wconf 87' lang='lat' dir='ltr'><strong>publicas</strong></span> <span class='ocrx_word' id='word_1_55' title='bbox 1415 1757 1518 1817; x_wconf 85' lang='lat' dir='ltr'><strong>preces</strong></span> <span class='ocrx_word' id='word_1_56' title='bbox 1539 1741 1600 1798; x_wconf 86' lang='lat' dir='ltr'><strong>sol-</strong></span> 
     </span>
     <span class='ocr_line' id='line_1_7' title="bbox 245 1831 1600 1906; baseline -0.004 -16"><span class='ocrx_word' id='word_1_57' title='bbox 245 1832 369 1890; x_wconf 86' lang='lat' dir='ltr'><strong>licitam.</strong></span> <span class='ocrx_word' id='word_1_58' title='bbox 414 1831 479 1890; x_wconf 84' lang='lat' dir='ltr'><strong>Non</strong></span> <span class='ocrx_word' id='word_1_59' title='bbox 502 1842 581 1889; x_wconf 88' lang='lat' dir='ltr'><strong>caret</strong></span> <span class='ocrx_word' id='word_1_60' title='bbox 604 1833 678 1891; x_wconf 85' lang='lat' dir='ltr'><strong>haee</strong></span> <span class='ocrx_word' id='word_1_61' title='bbox 701 1834 869 1889; x_wconf 79' lang='lat' dir='ltr'><strong>obsecratio</strong></span> <span class='ocrx_word' id='word_1_62' title='bbox 892 1833 979 1889; x_wconf 90' lang='lat' dir='ltr'><strong>laude</strong></span> <span class='ocrx_word' id='word_1_63' title='bbox 1002 1851 1057 1889; x_wconf 88' lang='lat' dir='ltr'><strong>sua</strong></span> <span class='ocrx_word' id='word_1_64' title='bbox 1079 1832 1249 1906; x_wconf 76' lang='lat' dir='ltr'>diligentiae</span> <span class='ocrx_word' id='word_1_65' title='bbox 1272 1841 1301 1887; x_wconf 88' lang='lat' dir='ltr'><strong>et</strong></span> <span class='ocrx_word' id='word_1_66' title='bbox 1323 1832 1600 1904; x_wconf 80' lang='lat' dir='ltr'><strong>circumspectionis</strong></span> 
     </span>
     <span class='ocr_line' id='line_1_8' title="bbox 245 1916 1602 1996; baseline -0.002 -19"><span class='ocrx_word' id='word_1_67' title='bbox 245 1918 325 1977; x_wconf 87' lang='lat' dir='ltr'><strong>Illud</strong></span> <span class='ocrx_word' id='word_1_68' title='bbox 347 1920 436 1977; x_wconf 82' lang='lat' dir='ltr'><strong>etiam</strong></span> <span class='ocrx_word' id='word_1_69' title='bbox 459 1918 626 1996; x_wconf 74' lang='lat' dir='ltr'><strong>philosophi</strong></span> <span class='ocrx_word' id='word_1_70' title='bbox 648 1922 796 1977; x_wconf 73' lang='lat' dir='ltr'><strong>remittent</strong></span> <span class='ocrx_word' id='word_1_71' title='bbox 817 1921 949 1978; x_wconf 86' lang='lat' dir='ltr'><strong>moribus</strong></span> <span class='ocrx_word' id='word_1_72' title='bbox 971 1919 1166 1993; x_wconf 74' lang='lat' dir='ltr'><strong>astrologicae</strong></span> <span class='ocrx_word' id='word_1_73' title='bbox 1181 1917 1363 1994; x_wconf 87' lang='lat' dir='ltr'><strong>disciplinae,</strong></span> <span class='ocrx_word' id='word_1_74' title='bbox 1386 1917 1465 1991; x_wconf 91' lang='lat' dir='ltr'><strong>quod</strong></span> <span class='ocrx_word' id='word_1_75' title='bbox 1487 1919 1530 1973; x_wconf 83' lang='lat' dir='ltr'><strong>ah</strong></span> <span class='ocrx_word' id='word_1_76' title='bbox 1544 1916 1602 1974; x_wconf 84' lang='lat' dir='ltr'><strong>hoc</strong></span> 
     </span>
     <span class='ocr_line' id='line_1_9' title="bbox 247 2002 1599 2083; baseline -0.004 -19"><span class='ocrx_word' id='word_1_77' title='bbox 247 2007 351 2065; x_wconf 66' lang='lat' dir='ltr'><strong>effectu</strong></span> <span class='ocrx_word' id='word_1_78' title='bbox 375 2009 578 2081; x_wconf 88' lang='lat' dir='ltr'><strong>oppositiones</strong></span> <span class='ocrx_word' id='word_1_79' title='bbox 600 2007 724 2064; x_wconf 87' lang='lat' dir='ltr'><strong>lethales</strong></span> <span class='ocrx_word' id='word_1_80' title='bbox 747 2017 776 2064; x_wconf 94' lang='lat' dir='ltr'><strong>et</strong></span> <span class='ocrx_word' id='word_1_81' title='bbox 800 2008 944 2064; x_wconf 80' lang='lat' dir='ltr'><strong>violentas</strong></span> <span class='ocrx_word' id='word_1_82' title='bbox 968 2008 1110 2083; x_wconf 85' lang='lat' dir='ltr'><strong>appellas,</strong></span> <span class='ocrx_word' id='word_1_83' title='bbox 1134 2010 1189 2065; x_wconf 87' lang='lat' dir='ltr'><strong>etsi</strong></span> <span class='ocrx_word' id='word_1_84' title='bbox 1213 2008 1265 2080; x_wconf 91' lang='lat' dir='ltr'><strong>qui</strong></span> <span class='ocrx_word' id='word_1_85' title='bbox 1288 2022 1334 2061; x_wconf 90' lang='lat' dir='ltr'><strong>mc</strong></span> <span class='ocrx_word' id='word_1_86' title='bbox 1352 2004 1444 2075; x_wconf 87' lang='lat' dir='ltr'><strong>audit,</strong></span> <span class='ocrx_word' id='word_1_87' title='bbox 1468 2002 1519 2061; x_wconf 89' lang='lat' dir='ltr'><strong>ille</strong></span> <span class='ocrx_word' id='word_1_88' title='bbox 1542 2020 1599 2059; x_wconf 90' lang='lat' dir='ltr'><strong>nou</strong></span> 
     </span>
     <span class='ocr_line' id='line_1_10' title="bbox 246 2090 1601 2169; baseline -0.003 -18"><span class='ocrx_word' id='word_1_89' title='bbox 246 2097 343 2167; x_wconf 78' lang='lat' dir='ltr'><strong>magis</strong></span> <span class='ocrx_word' id='word_1_90' title='bbox 365 2096 576 2168; x_wconf 84' lang='lat' dir='ltr'><strong>oppositiones,</strong></span> <span class='ocrx_word' id='word_1_91' title='bbox 599 2111 688 2167; x_wconf 87' lang='lat' dir='ltr'><strong>qnam</strong></span> <span class='ocrx_word' id='word_1_92' title='bbox 711 2094 758 2150; x_wconf 80' lang='lat' dir='ltr'><strong>rel</strong></span> <span class='ocrx_word' id='word_1_93' title='bbox 781 2095 905 2152; x_wconf 86' lang='lat' dir='ltr'><strong>haustus</strong></span> <span class='ocrx_word' id='word_1_94' title='bbox 927 2108 1101 2169; x_wconf 80' lang='lat' dir='ltr'><strong>purgantes,</strong></span> <span class='ocrx_word' id='word_1_95' title='bbox 1125 2095 1280 2169; x_wconf 82' lang='lat' dir='ltr'><strong>clystercs.</strong></span> <span class='ocrx_word' id='word_1_96' title='bbox 1304 2094 1459 2149; x_wconf 75' lang='lat' dir='ltr'><strong>vomituris</strong></span> <span class='ocrx_word' id='word_1_97' title='bbox 1482 2090 1530 2148; x_wconf 82' lang='lat' dir='ltr'><strong>rel</strong></span> <span class='ocrx_word' id='word_1_98' title='bbox 1553 2092 1601 2147; x_wconf 90' lang='lat' dir='ltr'><strong>di·</strong></span> 
     </span>
     <span class='ocr_line' id='line_1_11' title="bbox 247 2181 1079 2255; baseline -0.001 -17"><span class='ocrx_word' id='word_1_99' title='bbox 247 2184 424 2239; x_wconf 77' lang='lat' dir='ltr'><strong>minutiones</strong></span> <span class='ocrx_word' id='word_1_100' title='bbox 447 2184 599 2255; x_wconf 76' lang='lat' dir='ltr'><strong>sanguinis</strong></span> <span class='ocrx_word' id='word_1_101' title='bbox 623 2181 746 2238; x_wconf 80' lang='lat' dir='ltr'><strong>lethales</strong></span> <span class='ocrx_word' id='word_1_102' title='bbox 770 2195 799 2239; x_wconf 91' lang='lat' dir='ltr'><strong>et</strong></span> <span class='ocrx_word' id='word_1_103' title='bbox 823 2182 969 2238; x_wconf 80' lang='lat' dir='ltr'><strong>violentas</strong></span> <span class='ocrx_word' id='word_1_104' title='bbox 994 2182 1079 2239; x_wconf 91' lang='lat' dir='ltr'><strong>dicet.</strong></span> 
     </span>
    </p>

    <p class='ocr_par' dir='ltr' id='par_1_3' title="bbox 245 2263 1600 3390">
     <span class='ocr_line' id='line_1_12' title="bbox 335 2263 1599 2343; baseline -0.002 -20"><span class='ocrx_word' id='word_1_105' title='bbox 335 2268 415 2325; x_wconf 81' lang='lat' dir='ltr'><strong>Vera</strong></span> <span class='ocrx_word' id='word_1_106' title='bbox 437 2271 514 2325; x_wconf 92' lang='lat' dir='ltr'><strong>euim</strong></span> <span class='ocrx_word' id='word_1_107' title='bbox 537 2278 606 2325; x_wconf 89' lang='lat' dir='ltr'><strong>sunt</strong></span> <span class='ocrx_word' id='word_1_108' title='bbox 628 2269 759 2343; x_wconf 86' lang='lat' dir='ltr'><strong>epitheta</strong></span> <span class='ocrx_word' id='word_1_109' title='bbox 781 2268 818 2325; x_wconf 89' lang='lat' dir='ltr'><strong>de</strong></span> <span class='ocrx_word' id='word_1_110' title='bbox 840 2269 1066 2343; x_wconf 74' lang='lat' dir='ltr'><strong>particularibus</strong></span> <span class='ocrx_word' id='word_1_111' title='bbox 1087 2266 1238 2324; x_wconf 86' lang='lat' dir='ltr'><strong>nonnullis</strong></span> <span class='ocrx_word' id='word_1_112' title='bbox 1260 2267 1430 2334; x_wconf 73' lang='lat' dir='ltr'><strong>eventibus,</strong></span> <span class='ocrx_word' id='word_1_113' title='bbox 1457 2263 1551 2324; x_wconf 83' lang='lat' dir='ltr'><strong>lalsa.</strong></span> <span class='ocrx_word' id='word_1_114' title='bbox 1575 2267 1599 2321; x_wconf 88' lang='lat' dir='ltr'><strong>si</strong></span> 
     </span>
     <span class='ocr_line' id='line_1_13' title="bbox 248 2349 1600 2431; baseline -0.002 -19"><span class='ocrx_word' id='word_1_115' title='bbox 248 2356 297 2414; x_wconf 84' lang='lat' dir='ltr'><strong>tel</strong></span> <span class='ocrx_word' id='word_1_116' title='bbox 321 2367 455 2412; x_wconf 90' lang='lat' dir='ltr'><strong>naturam</strong></span> <span class='ocrx_word' id='word_1_117' title='bbox 478 2355 580 2412; x_wconf 91' lang='lat' dir='ltr'><strong>harum</strong></span> <span class='ocrx_word' id='word_1_118' title='bbox 604 2372 706 2424; x_wconf 83' lang='lat' dir='ltr'><strong>rerum,</strong></span> <span class='ocrx_word' id='word_1_119' title='bbox 730 2356 778 2413; x_wconf 86' lang='lat' dir='ltr'><strong>vel</strong></span> <span class='ocrx_word' id='word_1_120' title='bbox 801 2359 944 2412; x_wconf 88' lang='lat' dir='ltr'><strong>intentum</strong></span> <span class='ocrx_word' id='word_1_121' title='bbox 967 2358 1095 2413; x_wconf 74' lang='lat' dir='ltr'><strong>aumotis</strong></span> <span class='ocrx_word' id='word_1_122' title='bbox 1117 2362 1241 2431; x_wconf 85' lang='lat' dir='ltr'><strong>spectes.</strong></span> <span class='ocrx_word' id='word_1_123' title='bbox 1287 2353 1375 2428; x_wconf 73' lang='lat' dir='ltr'><strong>Legis</strong></span> <span class='ocrx_word' id='word_1_124' title='bbox 1402 2349 1447 2407; x_wconf 85' lang='lat' dir='ltr'><strong>his</strong></span> <span class='ocrx_word' id='word_1_125' title='bbox 1471 2368 1600 2409; x_wconf 76' lang='lat' dir='ltr'><strong>censoru</strong></span> 
     </span>
     <span class='ocr_line' id='line_1_14' title="bbox 245 2439 1600 2518; baseline -0.003 -18"><span class='ocrx_word' id='word_1_126' title='bbox 245 2444 298 2501; x_wconf 78' lang='lat' dir='ltr'><strong>iol.</strong></span> <span class='ocrx_word' id='word_1_127' title='bbox 325 2444 389 2500; x_wconf 76' lang='grc'><strong>260</strong></span> <span class='ocrx_word' id='word_1_128' title='bbox 411 2441 477 2499; x_wconf 87' lang='lat' dir='ltr'><strong>libri</strong></span> <span class='ocrx_word' id='word_1_129' title='bbox 500 2445 557 2499; x_wconf 91' lang='lat' dir='ltr'><strong>mei</strong></span> <span class='ocrx_word' id='word_1_130' title='bbox 582 2441 634 2499; x_wconf 79' lang='lat' dir='ltr'><strong>lv,</strong></span> <span class='ocrx_word' id='word_1_131' title='bbox 681 2443 757 2517; x_wconf 80' lang='lat' dir='ltr'><strong>Ergo</strong></span> <span class='ocrx_word' id='word_1_132' title='bbox 781 2456 811 2499; x_wconf 92' lang='lat' dir='ltr'><strong>tu</strong></span> <span class='ocrx_word' id='word_1_133' title='bbox 835 2443 910 2499; x_wconf 84' lang='lat' dir='ltr'><strong>hatte</strong></span> <span class='ocrx_word' id='word_1_134' title='bbox 932 2443 1126 2518; x_wconf 67' lang='lat' dir='ltr'><strong>antipathiam</strong></span> <span class='ocrx_word' id='word_1_135' title='bbox 1148 2441 1296 2517; x_wconf 82' lang='lat' dir='ltr'><strong>appellas,</strong></span> <span class='ocrx_word' id='word_1_136' title='bbox 1322 2439 1522 2516; x_wconf 81' lang='lat' dir='ltr'><strong>sympathiam</strong></span> <span class='ocrx_word' id='word_1_137' title='bbox 1546 2457 1600 2496; x_wconf 85' lang='lat' dir='ltr'><strong>ue·</strong></span> 
     </span>
     <span class='ocr_line' id='line_1_15' title="bbox 245 2526 1599 2605; baseline -0.003 -18"><span class='ocrx_word' id='word_1_138' title='bbox 245 2547 311 2605; x_wconf 79' lang='lat' dir='ltr'><strong>gas.</strong></span> <span class='ocrx_word' id='word_1_139' title='bbox 359 2528 423 2586; x_wconf 93' lang='lat' dir='ltr'><strong>lmo</strong></span> <span class='ocrx_word' id='word_1_140' title='bbox 445 2531 566 2604; x_wconf 90' lang='lat' dir='ltr'><strong>inquam</strong></span> <span class='ocrx_word' id='word_1_141' title='bbox 589 2547 659 2603; x_wconf 79' lang='lat' dir='ltr'><strong>ego:</strong></span> <span class='ocrx_word' id='word_1_142' title='bbox 682 2533 707 2586; x_wconf 88' lang='lat' dir='ltr'><strong>si</strong></span> <span class='ocrx_word' id='word_1_143' title='bbox 730 2548 796 2587; x_wconf 88' lang='lat' dir='ltr'><strong>cnut</strong></span> <span class='ocrx_word' id='word_1_144' title='bbox 819 2530 978 2605; x_wconf 83' lang='lat' dir='ltr'><strong>astrologis</strong></span> <span class='ocrx_word' id='word_1_145' title='bbox 993 2530 1147 2604; x_wconf 89' lang='lat' dir='ltr'><strong>loquimur,</strong></span> <span class='ocrx_word' id='word_1_146' title='bbox 1170 2545 1251 2586; x_wconf 89' lang='lat' dir='ltr'><strong>mera</strong></span> <span class='ocrx_word' id='word_1_147' title='bbox 1272 2528 1346 2585; x_wconf 87' lang='lat' dir='ltr'><strong>haec</strong></span> <span class='ocrx_word' id='word_1_148' title='bbox 1361 2536 1406 2585; x_wconf 76' lang='lat' dir='ltr'><strong>est</strong></span> <span class='ocrx_word' id='word_1_149' title='bbox 1421 2526 1599 2602; x_wconf 83' lang='lat' dir='ltr'><strong>sympathia,</strong></span> 
     </span>
     <span class='ocr_line' id='line_1_16' title="bbox 246 2615 1599 2694; baseline -0.004 -19"><span class='ocrx_word' id='word_1_150' title='bbox 246 2619 290 2688; x_wconf 82' lang='lat' dir='ltr'><strong>sl,</strong></span> <span class='ocrx_word' id='word_1_151' title='bbox 324 2633 385 2691; x_wconf 90' lang='lat' dir='ltr'><strong>quo</strong></span> <span class='ocrx_word' id='word_1_152' title='bbox 407 2627 537 2693; x_wconf 87' lang='lat' dir='ltr'><strong>tempore</strong></span> <span class='ocrx_word' id='word_1_153' title='bbox 562 2615 645 2673; x_wconf 82' lang='lat' dir='ltr'><strong>huna</strong></span> <span class='ocrx_word' id='word_1_154' title='bbox 675 2635 694 2673; x_wconf 90' lang='lat' dir='ltr'><strong>a</strong></span> <span class='ocrx_word' id='word_1_155' title='bbox 716 2616 857 2688; x_wconf 86' lang='lat' dir='ltr'><strong>Satumu,</strong></span> <span class='ocrx_word' id='word_1_156' title='bbox 891 2636 980 2691; x_wconf 82' lang='lat' dir='ltr'><strong>aeger</strong></span> <span class='ocrx_word' id='word_1_157' title='bbox 1003 2628 1189 2694; x_wconf 83' lang='lat' dir='ltr'><strong>oppugnatur</strong></span> <span class='ocrx_word' id='word_1_158' title='bbox 1212 2635 1229 2671; x_wconf 94' lang='lat' dir='ltr'><strong>a</strong></span> <span class='ocrx_word' id='word_1_159' title='bbox 1251 2616 1369 2685; x_wconf 87' lang='lat' dir='ltr'><strong>morbo,</strong></span> <span class='ocrx_word' id='word_1_160' title='bbox 1401 2616 1476 2683; x_wconf 90' lang='lat' dir='ltr'><strong>nisi,</strong></span> <span class='ocrx_word' id='word_1_161' title='bbox 1509 2617 1599 2670; x_wconf 81' lang='lat' dir='ltr'><strong>missa</strong></span> 
     </span>
     <span class='ocr_line' id='line_1_17' title="bbox 246 2702 1600 2770; baseline -0.002 -8"><span class='ocrx_word' id='word_1_162' title='bbox 246 2703 418 2762; x_wconf 85' lang='lat' dir='ltr'><strong>coelestium</strong></span> <span class='ocrx_word' id='word_1_163' title='bbox 441 2716 471 2762; x_wconf 89' lang='lat' dir='ltr'><strong>et</strong></span> <span class='ocrx_word' id='word_1_164' title='bbox 494 2703 695 2761; x_wconf 87' lang='lat' dir='ltr'><strong>sublunarium</strong></span> <span class='ocrx_word' id='word_1_165' title='bbox 717 2707 952 2770; x_wconf 80' lang='lat' dir='ltr'><strong>consociatione.</strong></span> <span class='ocrx_word' id='word_1_166' title='bbox 982 2703 1079 2762; x_wconf 90' lang='lat' dir='ltr'><strong>sidera</strong></span> <span class='ocrx_word' id='word_1_167' title='bbox 1100 2707 1219 2761; x_wconf 77' lang='lat' dir='ltr'><strong>seorsim</strong></span> <span class='ocrx_word' id='word_1_168' title='bbox 1247 2702 1429 2768; x_wconf 82' lang='lat' dir='ltr'><strong>consideres,</strong></span> <span class='ocrx_word' id='word_1_169' title='bbox 1463 2703 1519 2757; x_wconf 87' lang='lat' dir='ltr'><strong>nisi</strong></span> <span class='ocrx_word' id='word_1_170' title='bbox 1544 2702 1600 2759; x_wconf 84' lang='lat' dir='ltr'><strong>hoc</strong></span> 
     </span>
     <span class='ocr_line' id='line_1_18' title="bbox 247 2788 1599 2866; baseline -0.002 -18"><span class='ocrx_word' id='word_1_171' title='bbox 247 2791 399 2848; x_wconf 87' lang='lat' dir='ltr'><strong>adscribas</strong></span> <span class='ocrx_word' id='word_1_172' title='bbox 420 2791 575 2847; x_wconf 88' lang='lat' dir='ltr'><strong>radiationi</strong></span> <span class='ocrx_word' id='word_1_173' title='bbox 598 2810 634 2847; x_wconf 85' lang='lat' dir='ltr'><strong>ex</strong></span> <span class='ocrx_word' id='word_1_174' title='bbox 655 2794 810 2866; x_wconf 86' lang='lat' dir='ltr'><strong>opposito,</strong></span> <span class='ocrx_word' id='word_1_175' title='bbox 842 2793 921 2866; x_wconf 91' lang='lat' dir='ltr'><strong>quod</strong></span> <span class='ocrx_word' id='word_1_176' title='bbox 949 2802 1017 2849; x_wconf 89' lang='lat' dir='ltr'><strong>ttmc</strong></span> <span class='ocrx_word' id='word_1_177' title='bbox 1041 2792 1183 2849; x_wconf 84' lang='lat' dir='ltr'><strong>Saturnus</strong></span> <span class='ocrx_word' id='word_1_178' title='bbox 1212 2800 1242 2848; x_wconf 91' lang='lat' dir='ltr'><strong>et</strong></span> <span class='ocrx_word' id='word_1_179' title='bbox 1267 2790 1351 2847; x_wconf 61' lang='lat' dir='ltr'><strong>launa</strong></span> <span class='ocrx_word' id='word_1_180' title='bbox 1379 2792 1455 2846; x_wconf 89' lang='lat' dir='ltr'><strong>inter</strong></span> <span class='ocrx_word' id='word_1_181' title='bbox 1479 2805 1512 2846; x_wconf 87' lang='lat' dir='ltr'><strong>se</strong></span> <span class='ocrx_word' id='word_1_182' title='bbox 1536 2788 1599 2845; x_wconf 91' lang='lat' dir='ltr'><strong>dis-</strong></span> 
     </span>
     <span class='ocr_line' id='line_1_19' title="bbox 245 2875 1597 2956; baseline -0.002 -20"><span class='ocrx_word' id='word_1_183' title='bbox 245 2878 370 2936; x_wconf 87' lang='lat' dir='ltr'><strong>sideant</strong></span> <span class='ocrx_word' id='word_1_184' title='bbox 415 2880 507 2953; x_wconf 76' lang='lat' dir='ltr'><strong>Atqui</strong></span> <span class='ocrx_word' id='word_1_185' title='bbox 537 2895 573 2935; x_wconf 92' lang='lat' dir='ltr'><strong>ne</strong></span> <span class='ocrx_word' id='word_1_186' title='bbox 595 2881 638 2935; x_wconf 86' lang='lat' dir='ltr'><strong>sic</strong></span> <span class='ocrx_word' id='word_1_187' title='bbox 667 2877 785 2953; x_wconf 91' lang='lat' dir='ltr'><strong>quidem</strong></span> <span class='ocrx_word' id='word_1_188' title='bbox 818 2881 969 2956; x_wconf 89' lang='lat' dir='ltr'><strong>oppositio</strong></span> <span class='ocrx_word' id='word_1_189' title='bbox 990 2881 1116 2936; x_wconf 76' lang='lat' dir='ltr'><strong>susdnet</strong></span> <span class='ocrx_word' id='word_1_190' title='bbox 1144 2878 1324 2955; x_wconf 75' lang='lat' dir='ltr'><strong>antipathian</strong></span> <span class='ocrx_word' id='word_1_191' title='bbox 1355 2879 1474 2935; x_wconf 82' lang='lat' dir='ltr'><strong>crimen</strong></span> <span class='ocrx_word' id='word_1_192' title='bbox 1521 2875 1597 2933; x_wconf 84' lang='lat' dir='ltr'><strong>Nam</strong></span> 
     </span>
     <span class='ocr_line' id='line_1_20' title="bbox 247 2964 1599 3042; baseline -0.002 -19"><span class='ocrx_word' id='word_1_193' title='bbox 247 2966 322 3023; x_wconf 86' lang='lat' dir='ltr'><strong>haec</strong></span> <span class='ocrx_word' id='word_1_194' title='bbox 343 2966 517 3040; x_wconf 84' lang='lat' dir='ltr'><strong>antipathia,</strong></span> <span class='ocrx_word' id='word_1_195' title='bbox 540 2967 732 3023; x_wconf 87' lang='lat' dir='ltr'><strong>sciscentibus</strong></span> <span class='ocrx_word' id='word_1_196' title='bbox 753 2966 919 3037; x_wconf 75' lang='lat' dir='ltr'><strong>astrologis,</strong></span> <span class='ocrx_word' id='word_1_197' title='bbox 944 2984 996 3042; x_wconf 87' lang='lat' dir='ltr'><strong>per</strong></span> <span class='ocrx_word' id='word_1_198' title='bbox 1018 2976 1150 3030; x_wconf 88' lang='lat' dir='ltr'><strong>naturam</strong></span> <span class='ocrx_word' id='word_1_199' title='bbox 1171 2967 1247 3023; x_wconf 86' lang='lat' dir='ltr'><strong>inest</strong></span> <span class='ocrx_word' id='word_1_200' title='bbox 1270 2964 1424 3034; x_wconf 86' lang='lat' dir='ltr'><strong>sideribus,</strong></span> <span class='ocrx_word' id='word_1_201' title='bbox 1449 2979 1484 3020; x_wconf 85' lang='lat' dir='ltr'><strong>ae</strong></span> <span class='ocrx_word' id='word_1_202' title='bbox 1507 2980 1599 3038; x_wconf 89' lang='lat' dir='ltr'><strong>prop-</strong></span> 
     </span>
     <span class='ocr_line' id='line_1_21' title="bbox 245 3050 1599 3127; baseline -0.004 -15"><span class='ocrx_word' id='word_1_203' title='bbox 245 3061 328 3112; x_wconf 83' lang='lat' dir='ltr'><strong>terea</strong></span> <span class='ocrx_word' id='word_1_204' title='bbox 350 3070 408 3109; x_wconf 91' lang='lat' dir='ltr'><strong>non</strong></span> <span class='ocrx_word' id='word_1_205' title='bbox 433 3056 461 3108; x_wconf 92' lang='lat' dir='ltr'><strong>in</strong></span> <span class='ocrx_word' id='word_1_206' title='bbox 485 3056 671 3127; x_wconf 88' lang='lat' dir='ltr'><strong>oppositione</strong></span> <span class='ocrx_word' id='word_1_207' title='bbox 693 3052 788 3110; x_wconf 91' lang='lat' dir='ltr'><strong>solum</strong></span> <span class='ocrx_word' id='word_1_208' title='bbox 811 3065 905 3122; x_wconf 84' lang='lat' dir='ltr'><strong>tenet,</strong></span> <span class='ocrx_word' id='word_1_209' title='bbox 939 3053 990 3112; x_wconf 88' lang='lat' dir='ltr'><strong>sed</strong></span> <span class='ocrx_word' id='word_1_210' title='bbox 1014 3057 1102 3111; x_wconf 90' lang='lat' dir='ltr'><strong>etiam</strong></span> <span class='ocrx_word' id='word_1_211' title='bbox 1125 3057 1154 3109; x_wconf 92' lang='lat' dir='ltr'><strong>in</strong></span> <span class='ocrx_word' id='word_1_212' title='bbox 1177 3052 1371 3127; x_wconf 87' lang='lat' dir='ltr'><strong>quadratura,</strong></span> <span class='ocrx_word' id='word_1_213' title='bbox 1401 3054 1429 3107; x_wconf 90' lang='lat' dir='ltr'><strong>in</strong></span> <span class='ocrx_word' id='word_1_214' title='bbox 1454 3050 1599 3124; x_wconf 86' lang='lat' dir='ltr'><strong>conjunc·</strong></span> 
     </span>
     <span class='ocr_line' id='line_1_22' title="bbox 245 3138 1598 3215; baseline -0.001 -18"><span class='ocrx_word' id='word_1_215' title='bbox 245 3142 336 3199; x_wconf 89' lang='lat' dir='ltr'><strong>tione.</strong></span> <span class='ocrx_word' id='word_1_216' title='bbox 382 3139 424 3196; x_wconf 81' lang='lat' dir='ltr'><strong>Ex</strong></span> <span class='ocrx_word' id='word_1_217' title='bbox 447 3138 573 3198; x_wconf 81' lang='lat' dir='ltr'><strong>adverso</strong></span> <span class='ocrx_word' id='word_1_218' title='bbox 596 3141 635 3198; x_wconf 87' lang='lat' dir='ltr'><strong>da</strong></span> <span class='ocrx_word' id='word_1_219' title='bbox 658 3139 818 3197; x_wconf 84' lang='lat' dir='ltr'><strong>beneficum</strong></span> <span class='ocrx_word' id='word_1_220' title='bbox 841 3141 997 3215; x_wconf 85' lang='lat' dir='ltr'><strong>planetam,</strong></span> <span class='ocrx_word' id='word_1_221' title='bbox 1021 3142 1091 3197; x_wconf 90' lang='lat' dir='ltr'><strong>nihil</strong></span> <span class='ocrx_word' id='word_1_222' title='bbox 1109 3143 1163 3198; x_wconf 89' lang='lat' dir='ltr'><strong>erit</strong></span> <span class='ocrx_word' id='word_1_223' title='bbox 1185 3142 1214 3196; x_wconf 90' lang='lat' dir='ltr'><strong>in</strong></span> <span class='ocrx_word' id='word_1_224' title='bbox 1237 3139 1301 3214; x_wconf 87' lang='lat' dir='ltr'><strong>ejus</strong></span> <span class='ocrx_word' id='word_1_225' title='bbox 1322 3140 1510 3215; x_wconf 88' lang='lat' dir='ltr'><strong>oppositione</strong></span> <span class='ocrx_word' id='word_1_226' title='bbox 1532 3154 1598 3195; x_wconf 82' lang='lat' dir='ltr'><strong>cum</strong></span> 
     </span>
     <span class='ocr_line' id='line_1_23' title="bbox 247 3226 1598 3302; baseline -0.001 -17"><span class='ocrx_word' id='word_1_227' title='bbox 247 3226 332 3285; x_wconf 87' lang='lat' dir='ltr'><strong>Luna</strong></span> <span class='ocrx_word' id='word_1_228' title='bbox 354 3227 490 3301; x_wconf 89' lang='lat' dir='ltr'><strong>periculi,</strong></span> <span class='ocrx_word' id='word_1_229' title='bbox 522 3234 581 3302; x_wconf 83' lang='lat' dir='ltr'><strong>quo</strong></span> <span class='ocrx_word' id='word_1_230' title='bbox 605 3227 640 3284; x_wconf 91' lang='lat' dir='ltr'><strong>de</strong></span> <span class='ocrx_word' id='word_1_231' title='bbox 664 3236 798 3284; x_wconf 89' lang='lat' dir='ltr'><strong>moneant</strong></span> <span class='ocrx_word' id='word_1_232' title='bbox 823 3228 975 3302; x_wconf 82' lang='lat' dir='ltr'><strong>astrologi.</strong></span> <span class='ocrx_word' id='word_1_233' title='bbox 1024 3228 1088 3285; x_wconf 80' lang='lat' dir='ltr'><strong>lion</strong></span> <span class='ocrx_word' id='word_1_234' title='bbox 1111 3239 1155 3286; x_wconf 88' lang='lat' dir='ltr'><strong>est</strong></span> <span class='ocrx_word' id='word_1_235' title='bbox 1179 3245 1249 3298; x_wconf 72' lang='lat' dir='ltr'><strong>ergo</strong></span> <span class='ocrx_word' id='word_1_236' title='bbox 1278 3230 1307 3282; x_wconf 94' lang='lat' dir='ltr'><strong>in</strong></span> <span class='ocrx_word' id='word_1_237' title='bbox 1329 3228 1518 3301; x_wconf 90' lang='lat' dir='ltr'><strong>oppositione</strong></span> <span class='ocrx_word' id='word_1_238' title='bbox 1540 3228 1598 3284; x_wconf 89' lang='lat' dir='ltr'><strong>sita</strong></span> 
     </span>
     <span class='ocr_line' id='line_1_24' title="bbox 246 3312 1509 3390; baseline -0.004 -18"><span class='ocrx_word' id='word_1_239' title='bbox 246 3331 343 3389; x_wconf 84' lang='lat' dir='ltr'><strong>neque</strong></span> <span class='ocrx_word' id='word_1_240' title='bbox 365 3314 533 3389; x_wconf 81' lang='lat' dir='ltr'><strong>sympathia</strong></span> <span class='ocrx_word' id='word_1_241' title='bbox 555 3331 650 3388; x_wconf 90' lang='lat' dir='ltr'><strong>neque</strong></span> <span class='ocrx_word' id='word_1_242' title='bbox 673 3314 846 3390; x_wconf 87' lang='lat' dir='ltr'><strong>antipathia,</strong></span> <span class='ocrx_word' id='word_1_243' title='bbox 872 3314 924 3372; x_wconf 89' lang='lat' dir='ltr'><strong>sed</strong></span> <span class='ocrx_word' id='word_1_244' title='bbox 949 3318 1025 3373; x_wconf 84' lang='lat' dir='ltr'><strong>vires</strong></span> <span class='ocrx_word' id='word_1_245' title='bbox 1048 3316 1143 3373; x_wconf 89' lang='lat' dir='ltr'><strong>solum</strong></span> <span class='ocrx_word' id='word_1_246' title='bbox 1167 3314 1350 3372; x_wconf 80' lang='lat' dir='ltr'><strong>efficacitatis</strong></span> <span class='ocrx_word' id='word_1_247' title='bbox 1371 3312 1509 3387; x_wconf 84' lang='lat' dir='ltr'><strong>majores.</strong></span> 
     </span>
    </p>

    <p class='ocr_par' dir='ltr' id='par_1_4' title="bbox 164 3399 1646 4876">
     <span class='ocr_line' id='line_1_25' title="bbox 336 3399 1596 3476; baseline -0.002 -19"><span class='ocrx_word' id='word_1_248' title='bbox 336 3404 426 3475; x_wconf 80' lang='lat' dir='ltr'><strong>Atqui</strong></span> <span class='ocrx_word' id='word_1_249' title='bbox 457 3402 513 3458; x_wconf 90' lang='lat' dir='ltr'><strong>hoc</strong></span> <span class='ocrx_word' id='word_1_250' title='bbox 536 3405 630 3476; x_wconf 89' lang='lat' dir='ltr'><strong>ipsum</strong></span> <span class='ocrx_word' id='word_1_251' title='bbox 655 3413 715 3472; x_wconf 87' lang='lat' dir='ltr'><strong>est,</strong></span> <span class='ocrx_word' id='word_1_252' title='bbox 749 3401 828 3476; x_wconf 91' lang='lat' dir='ltr'><strong>quod</strong></span> <span class='ocrx_word' id='word_1_253' title='bbox 859 3420 924 3459; x_wconf 84' lang='lat' dir='ltr'><strong>eum</strong></span> <span class='ocrx_word' id='word_1_254' title='bbox 948 3407 1139 3461; x_wconf 87' lang='lat' dir='ltr'><strong>consonantia</strong></span> <span class='ocrx_word' id='word_1_255' title='bbox 1171 3418 1275 3460; x_wconf 85' lang='lat' dir='ltr'><strong>vocum</strong></span> <span class='ocrx_word' id='word_1_256' title='bbox 1307 3402 1469 3476; x_wconf 81' lang='lat' dir='ltr'><strong>comparari</strong></span> <span class='ocrx_word' id='word_1_257' title='bbox 1500 3399 1596 3456; x_wconf 85' lang='lat' dir='ltr'><strong>dehet</strong></span> 
     </span>
     <span class='ocr_line' id='line_1_26' title="bbox 247 3484 1646 3565; baseline -0.001 -20"><span class='ocrx_word' id='word_1_258' title='bbox 247 3486 334 3561; x_wconf 88' lang='lat' dir='ltr'><strong>Quod</strong></span> <span class='ocrx_word' id='word_1_259' title='bbox 358 3492 434 3546; x_wconf 91' lang='lat' dir='ltr'><strong>enim</strong></span> <span class='ocrx_word' id='word_1_260' title='bbox 458 3503 501 3547; x_wconf 87' lang='lat' dir='ltr'><strong>est</strong></span> <span class='ocrx_word' id='word_1_261' title='bbox 525 3492 553 3545; x_wconf 91' lang='lat' dir='ltr'><strong>in</strong></span> <span class='ocrx_word' id='word_1_262' title='bbox 577 3489 692 3562; x_wconf 73' lang='lat' dir='ltr'><strong>singulis</strong></span> <span class='ocrx_word' id='word_1_263' title='bbox 722 3489 897 3565; x_wconf 86' lang='lat' dir='ltr'><strong>ellicacitas,</strong></span> <span class='ocrx_word' id='word_1_264' title='bbox 921 3490 977 3547; x_wconf 84' lang='lat' dir='ltr'><strong>ltoe</strong></span> <span class='ocrx_word' id='word_1_265' title='bbox 999 3503 1044 3547; x_wconf 88' lang='lat' dir='ltr'><strong>est</strong></span> <span class='ocrx_word' id='word_1_266' title='bbox 1073 3493 1102 3545; x_wconf 91' lang='lat' dir='ltr'><strong>in</strong></span> <span class='ocrx_word' id='word_1_267' title='bbox 1125 3491 1249 3547; x_wconf 86' lang='lat' dir='ltr'><strong>vocibus</strong></span> <span class='ocrx_word' id='word_1_268' title='bbox 1274 3488 1483 3557; x_wconf 87' lang='lat' dir='ltr'><strong>consonantia,</strong></span> <span class='ocrx_word' id='word_1_269' title='bbox 1516 3484 1597 3561; x_wconf 80' lang='lat' dir='ltr'><strong>quod</strong></span> <span class='ocrx_word' id='word_1_270' title='bbox 1644 3507 1646 3510; x_wconf 93' lang='lat'>·</span> 
     </span>
     <span class='ocr_line' id='line_1_27' title="bbox 246 3574 1598 3653; baseline -0.002 -21"><span class='ocrx_word' id='word_1_271' title='bbox 246 3574 307 3633; x_wconf 89' lang='lat' dir='ltr'><strong>illic</strong></span> <span class='ocrx_word' id='word_1_272' title='bbox 342 3575 544 3643; x_wconf 86' lang='lat' dir='ltr'><strong>inellicaeitas,</strong></span> <span class='ocrx_word' id='word_1_273' title='bbox 578 3575 606 3631; x_wconf 95' lang='lat' dir='ltr'><strong>id</strong></span> <span class='ocrx_word' id='word_1_274' title='bbox 637 3577 684 3634; x_wconf 89' lang='lat' dir='ltr'><strong>hic</strong></span> <span class='ocrx_word' id='word_1_275' title='bbox 717 3587 760 3634; x_wconf 87' lang='lat' dir='ltr'><strong>est</strong></span> <span class='ocrx_word' id='word_1_276' title='bbox 790 3576 982 3635; x_wconf 77' lang='lat' dir='ltr'><strong>dissonantia</strong></span> <span class='ocrx_word' id='word_1_277' title='bbox 1026 3577 1101 3635; x_wconf 89' lang='lat' dir='ltr'><strong>Nam</strong></span> <span class='ocrx_word' id='word_1_278' title='bbox 1128 3579 1182 3635; x_wconf 90' lang='lat' dir='ltr'><strong>etsi</strong></span> <span class='ocrx_word' id='word_1_279' title='bbox 1213 3576 1374 3653; x_wconf 87' lang='lat' dir='ltr'><strong>particulae</strong></span> <span class='ocrx_word' id='word_1_280' title='bbox 1404 3592 1461 3633; x_wconf 86' lang='lat' dir='ltr'><strong>con</strong></span> <span class='ocrx_word' id='word_1_281' title='bbox 1491 3582 1520 3631; x_wconf 92' lang='lat' dir='ltr'><strong>ct</strong></span> <span class='ocrx_word' id='word_1_282' title='bbox 1552 3574 1598 3629; x_wconf 86' lang='lat' dir='ltr'><strong>dis</strong></span> 
     </span>
     <span class='ocr_line' id='line_1_28' title="bbox 244 3663 1598 3730; baseline -0.002 -9"><span class='ocrx_word' id='word_1_283' title='bbox 244 3665 483 3721; x_wconf 83' lang='lat' dir='ltr'><strong>contrarietatem</strong></span> <span class='ocrx_word' id='word_1_284' title='bbox 506 3666 672 3730; x_wconf 84' lang='lat' dir='ltr'><strong>insinuant,</strong></span> <span class='ocrx_word' id='word_1_285' title='bbox 697 3681 755 3720; x_wconf 89' lang='lat' dir='ltr'><strong>non</strong></span> <span class='ocrx_word' id='word_1_286' title='bbox 779 3671 943 3721; x_wconf 88' lang='lat' dir='ltr'><strong>esttamen</strong></span> <span class='ocrx_word' id='word_1_287' title='bbox 972 3682 1042 3723; x_wconf 87' lang='lat' dir='ltr'><strong>vera</strong></span> <span class='ocrx_word' id='word_1_288' title='bbox 1065 3666 1254 3722; x_wconf 81' lang='lat' dir='ltr'><strong>contrarietas</strong></span> <span class='ocrx_word' id='word_1_289' title='bbox 1277 3667 1351 3720; x_wconf 90' lang='lat' dir='ltr'><strong>inter</strong></span> <span class='ocrx_word' id='word_1_290' title='bbox 1374 3663 1598 3719; x_wconf 76' lang='lat' dir='ltr'><strong>consonantiam</strong></span> 
     </span>
     <span class='ocr_line' id='line_1_29' title="bbox 246 3748 1596 3826; baseline -0.004 -17"><span class='ocrx_word' id='word_1_291' title='bbox 246 3758 277 3809; x_wconf 81' lang='lat' dir='ltr'><strong>ct</strong></span> <span class='ocrx_word' id='word_1_292' title='bbox 304 3750 532 3822; x_wconf 88' lang='lat' dir='ltr'><strong>dissonantiam,</strong></span> <span class='ocrx_word' id='word_1_293' title='bbox 561 3749 613 3807; x_wconf 87' lang='lat' dir='ltr'><strong>sed</strong></span> <span class='ocrx_word' id='word_1_294' title='bbox 642 3752 789 3824; x_wconf 90' lang='lat' dir='ltr'><strong>oppositio</strong></span> <span class='ocrx_word' id='word_1_295' title='bbox 817 3752 942 3826; x_wconf 84' lang='lat' dir='ltr'><strong>simplex</strong></span> <span class='ocrx_word' id='word_1_296' title='bbox 964 3751 1205 3819; x_wconf 88' lang='lat' dir='ltr'><strong>contradictoria,</strong></span> <span class='ocrx_word' id='word_1_297' title='bbox 1237 3767 1295 3807; x_wconf 92' lang='lat' dir='ltr'><strong>non</strong></span> <span class='ocrx_word' id='word_1_298' title='bbox 1326 3754 1354 3806; x_wconf 91' lang='lat' dir='ltr'><strong>in</strong></span> <span class='ocrx_word' id='word_1_299' title='bbox 1384 3748 1451 3806; x_wconf 90' lang='lat' dir='ltr'><strong>idea</strong></span> <span class='ocrx_word' id='word_1_300' title='bbox 1482 3758 1596 3805; x_wconf 89' lang='lat' dir='ltr'><strong>tantum</strong></span> 
     </span>
     <span class='ocr_line' id='line_1_30' title="bbox 247 3834 1596 3911; baseline -0.001 -17"><span class='ocrx_word' id='word_1_301' title='bbox 247 3839 322 3895; x_wconf 89' lang='lat' dir='ltr'><strong>inter</strong></span> <span class='ocrx_word' id='word_1_302' title='bbox 354 3838 495 3910; x_wconf 79' lang='lat' dir='ltr'><strong>angulum</strong></span> <span class='ocrx_word' id='word_1_303' title='bbox 525 3839 719 3910; x_wconf 79' lang='lat' dir='ltr'><strong>geometricae</strong></span> <span class='ocrx_word' id='word_1_304' title='bbox 751 3837 975 3911; x_wconf 87' lang='lat' dir='ltr'><strong>pulchritudinis</strong></span> <span class='ocrx_word' id='word_1_305' title='bbox 1008 3842 1124 3898; x_wconf 91' lang='lat' dir='ltr'><strong>unicum</strong></span> <span class='ocrx_word' id='word_1_306' title='bbox 1156 3848 1185 3896; x_wconf 86' lang='lat' dir='ltr'><strong>et</strong></span> <span class='ocrx_word' id='word_1_307' title='bbox 1207 3837 1335 3894; x_wconf 84' lang='lat' dir='ltr'><strong>infinitos</strong></span> <span class='ocrx_word' id='word_1_308' title='bbox 1366 3853 1423 3894; x_wconf 92' lang='lat' dir='ltr'><strong>nou</strong></span> <span class='ocrx_word' id='word_1_309' title='bbox 1446 3834 1596 3910; x_wconf 86' lang='lat' dir='ltr'><strong>pulchros,</strong></span> 
     </span>
     <span class='ocr_line' id='line_1_31' title="bbox 164 3916 1597 3996; baseline -0.003 -13"><span class='ocrx_word' id='word_1_310' title='bbox 164 3965 169 3972; x_wconf 86' lang='lat'><em>-</em></span> <span class='ocrx_word' id='word_1_311' title='bbox 230 3916 299 3983; x_wconf 81' lang='lat' dir='ltr'><strong>&#39;sed</strong></span> <span class='ocrx_word' id='word_1_312' title='bbox 330 3928 418 3983; x_wconf 88' lang='lat' dir='ltr'><strong>etiam</strong></span> <span class='ocrx_word' id='word_1_313' title='bbox 447 3927 476 3981; x_wconf 92' lang='lat' dir='ltr'><strong>iu</strong></span> <span class='ocrx_word' id='word_1_314' title='bbox 506 3924 609 3981; x_wconf 84' lang='lat' dir='ltr'><strong>edecta</strong></span> <span class='ocrx_word' id='word_1_315' title='bbox 639 3924 842 3982; x_wconf 87' lang='lat' dir='ltr'><strong>delectationis</strong></span> <span class='ocrx_word' id='word_1_316' title='bbox 871 3936 900 3983; x_wconf 88' lang='lat' dir='ltr'><strong>et</strong></span> <span class='ocrx_word' id='word_1_317' title='bbox 922 3926 1091 3984; x_wconf 82' lang='lat' dir='ltr'><strong>odenalonis</strong></span> <span class='ocrx_word' id='word_1_318' title='bbox 1120 3928 1241 3983; x_wconf 90' lang='lat' dir='ltr'><strong>aurium.</strong></span> <span class='ocrx_word' id='word_1_319' title='bbox 1287 3924 1363 3982; x_wconf 82' lang='lat' dir='ltr'><strong>Nam</strong></span> <span class='ocrx_word' id='word_1_320' title='bbox 1395 3922 1597 3996; x_wconf 79' lang='lat' dir='ltr'><strong>sidlligenter</strong></span> 
     </span>
     <span class='ocr_line' id='line_1_32' title="bbox 246 4010 1595 4087; baseline -0.003 -17"><span class='ocrx_word' id='word_1_321' title='bbox 246 4011 398 4083; x_wconf 86' lang='lat' dir='ltr'><strong>attendas,</strong></span> <span class='ocrx_word' id='word_1_322' title='bbox 431 4014 495 4087; x_wconf 89' lang='lat' dir='ltr'><strong>ipso</strong></span> <span class='ocrx_word' id='word_1_323' title='bbox 518 4027 660 4069; x_wconf 89' lang='lat' dir='ltr'><strong>concursu</strong></span> <span class='ocrx_word' id='word_1_324' title='bbox 683 4027 820 4068; x_wconf 88' lang='lat' dir='ltr'><strong>sonorum</strong></span> <span class='ocrx_word' id='word_1_325' title='bbox 850 4027 907 4069; x_wconf 92' lang='lat' dir='ltr'><strong>non</strong></span> <span class='ocrx_word' id='word_1_326' title='bbox 931 4016 1025 4085; x_wconf 77' lang='lat' dir='ltr'><strong>magis</strong></span> <span class='ocrx_word' id='word_1_327' title='bbox 1049 4012 1202 4071; x_wconf 73' lang='lat' dir='ltr'><strong>offenditur</strong></span> <span class='ocrx_word' id='word_1_328' title='bbox 1232 4011 1362 4083; x_wconf 88' lang='lat' dir='ltr'><strong>auditus,</strong></span> <span class='ocrx_word' id='word_1_329' title='bbox 1395 4015 1421 4068; x_wconf 91' lang='lat' dir='ltr'><strong>si</strong></span> <span class='ocrx_word' id='word_1_330' title='bbox 1444 4012 1510 4067; x_wconf 89' lang='lat' dir='ltr'><strong>soni</strong></span> <span class='ocrx_word' id='word_1_331' title='bbox 1534 4010 1595 4066; x_wconf 87' lang='lat' dir='ltr'><strong>dis-</strong></span> 
     </span>
     <span class='ocr_line' id='line_1_33' title="bbox 246 4098 1596 4174; baseline -0.003 -18"><span class='ocrx_word' id='word_1_332' title='bbox 246 4109 361 4170; x_wconf 86' lang='lat' dir='ltr'><strong>sonent,</strong></span> <span class='ocrx_word' id='word_1_333' title='bbox 385 4117 472 4173; x_wconf 89' lang='lat' dir='ltr'><strong>quam</strong></span> <span class='ocrx_word' id='word_1_334' title='bbox 495 4101 520 4155; x_wconf 90' lang='lat' dir='ltr'><strong>si</strong></span> <span class='ocrx_word' id='word_1_335' title='bbox 543 4108 713 4169; x_wconf 84' lang='lat' dir='ltr'><strong>consonent,</strong></span> <span class='ocrx_word' id='word_1_336' title='bbox 746 4116 800 4156; x_wconf 88' lang='lat' dir='ltr'><strong>nec</strong></span> <span class='ocrx_word' id='word_1_337' title='bbox 822 4098 912 4157; x_wconf 90' lang='lat' dir='ltr'><strong>ullam</strong></span> <span class='ocrx_word' id='word_1_338' title='bbox 934 4115 952 4158; x_wconf 91' lang='lat' dir='ltr'><strong>a</strong></span> <span class='ocrx_word' id='word_1_339' title='bbox 976 4102 1156 4159; x_wconf 87' lang='lat' dir='ltr'><strong>dissonantia</strong></span> <span class='ocrx_word' id='word_1_340' title='bbox 1180 4103 1345 4174; x_wconf 82' lang='lat' dir='ltr'><strong>passionem</strong></span> <span class='ocrx_word' id='word_1_341' title='bbox 1367 4101 1493 4156; x_wconf 90' lang='lat' dir='ltr'><strong>sustinet</strong></span> <span class='ocrx_word' id='word_1_342' title='bbox 1524 4115 1596 4154; x_wconf 89' lang='lat' dir='ltr'><strong>eon·</strong></span> 
     </span>
     <span class='ocr_line' id='line_1_34' title="bbox 248 4184 1596 4261; baseline -0.002 -17"><span class='ocrx_word' id='word_1_343' title='bbox 248 4189 364 4244; x_wconf 67' lang='lat' dir='ltr'><strong>amiam</strong></span> <span class='ocrx_word' id='word_1_344' title='bbox 387 4185 592 4259; x_wconf 85' lang='lat' dir='ltr'><strong>delectationi,</strong></span> <span class='ocrx_word' id='word_1_345' title='bbox 615 4184 667 4244; x_wconf 88' lang='lat' dir='ltr'><strong>sed</strong></span> <span class='ocrx_word' id='word_1_346' title='bbox 690 4184 756 4243; x_wconf 87' lang='lat' dir='ltr'><strong>ideo</strong></span> <span class='ocrx_word' id='word_1_347' title='bbox 779 4186 874 4244; x_wconf 89' lang='lat' dir='ltr'><strong>solum</strong></span> <span class='ocrx_word' id='word_1_348' title='bbox 898 4185 978 4244; x_wconf 89' lang='lat' dir='ltr'><strong>dolet</strong></span> <span class='ocrx_word' id='word_1_349' title='bbox 1001 4190 1039 4245; x_wconf 90' lang='lat' dir='ltr'><strong>ob</strong></span> <span class='ocrx_word' id='word_1_350' title='bbox 1062 4187 1273 4259; x_wconf 88' lang='lat' dir='ltr'><strong>dissonantias,</strong></span> <span class='ocrx_word' id='word_1_351' title='bbox 1297 4189 1367 4261; x_wconf 90' lang='lat' dir='ltr'><strong>quia</strong></span> <span class='ocrx_word' id='word_1_352' title='bbox 1389 4189 1596 4258; x_wconf 83' lang='lat' dir='ltr'><strong>circumgestat</strong></span> 
     </span>
     <span class='ocr_line' id='line_1_35' title="bbox 246 4273 1597 4349; baseline -0.001 -17"><span class='ocrx_word' id='word_1_353' title='bbox 246 4280 389 4348; x_wconf 79' lang='lat' dir='ltr'><strong>cognatas</strong></span> <span class='ocrx_word' id='word_1_354' title='bbox 411 4273 493 4331; x_wconf 85' lang='lat' dir='ltr'><strong>ideas</strong></span> <span class='ocrx_word' id='word_1_355' title='bbox 516 4290 652 4332; x_wconf 88' lang='lat' dir='ltr'><strong>sonorum</strong></span> <span class='ocrx_word' id='word_1_356' title='bbox 676 4277 907 4346; x_wconf 89' lang='lat' dir='ltr'><strong>consonantium,</strong></span> <span class='ocrx_word' id='word_1_357' title='bbox 932 4292 1006 4349; x_wconf 86' lang='lat' dir='ltr'><strong>quos</strong></span> <span class='ocrx_word' id='word_1_358' title='bbox 1029 4292 1093 4333; x_wconf 87' lang='lat' dir='ltr'><strong>eunt</strong></span> <span class='ocrx_word' id='word_1_359' title='bbox 1114 4275 1272 4343; x_wconf 80' lang='lat' dir='ltr'><strong>desideret,</strong></span> <span class='ocrx_word' id='word_1_360' title='bbox 1296 4276 1404 4349; x_wconf 87' lang='lat' dir='ltr'><strong>quippe</strong></span> <span class='ocrx_word' id='word_1_361' title='bbox 1423 4274 1486 4346; x_wconf 87' lang='lat' dir='ltr'><strong>jam</strong></span> <span class='ocrx_word' id='word_1_362' title='bbox 1510 4282 1597 4330; x_wconf 82' lang='lat' dir='ltr'><strong>antea</strong></span> 
     </span>
     <span class='ocr_line' id='line_1_36' title="bbox 248 4359 1595 4436; baseline -0.001 -18"><span class='ocrx_word' id='word_1_363' title='bbox 248 4359 428 4433; x_wconf 71' lang='lat' dir='ltr'><strong>degustatos,</strong></span> <span class='ocrx_word' id='word_1_364' title='bbox 452 4360 519 4417; x_wconf 91' lang='lat' dir='ltr'><strong>ideo</strong></span> <span class='ocrx_word' id='word_1_365' title='bbox 543 4364 674 4436; x_wconf 85' lang='lat' dir='ltr'><strong>privatus</strong></span> <span class='ocrx_word' id='word_1_366' title='bbox 697 4363 733 4417; x_wconf 89' lang='lat' dir='ltr'><strong>iis</strong></span> <span class='ocrx_word' id='word_1_367' title='bbox 757 4362 874 4419; x_wconf 85' lang='lat' dir='ltr'><strong>tristitia</strong></span> <span class='ocrx_word' id='word_1_368' title='bbox 896 4362 1076 4420; x_wconf 83' lang='lat' dir='ltr'><strong>contrahitur</strong></span> <span class='ocrx_word' id='word_1_369' title='bbox 1098 4366 1212 4420; x_wconf 86' lang='lat' dir='ltr'><strong>artinrus</strong></span> <span class='ocrx_word' id='word_1_370' title='bbox 1236 4365 1370 4433; x_wconf 87' lang='lat' dir='ltr'><strong>interior,</strong></span> <span class='ocrx_word' id='word_1_371' title='bbox 1394 4376 1452 4417; x_wconf 95' lang='grc' dir='ltr'>ιιοιι</span> <span class='ocrx_word' id='word_1_372' title='bbox 1477 4360 1595 4416; x_wconf 87' lang='lat' dir='ltr'><strong>auditus</strong></span> 
     </span>
     <span class='ocr_line' id='line_1_37' title="bbox 245 4442 1593 4525; baseline -0.001 -20"><span class='ocrx_word' id='word_1_373' title='bbox 245 4451 402 4507; x_wconf 87' lang='lat' dir='ltr'><strong>iumentis</strong></span> <span class='ocrx_word' id='word_1_374' title='bbox 426 4442 523 4505; x_wconf 89' lang='lat' dir='ltr'><strong>limine</strong></span> <span class='ocrx_word' id='word_1_375' title='bbox 546 4451 668 4523; x_wconf 88' lang='lat' dir='ltr'><strong>positus.</strong></span> <span class='ocrx_word' id='word_1_376' title='bbox 715 4448 764 4506; x_wconf 85' lang='lat' dir='ltr'><strong>Sic</strong></span> <span class='ocrx_word' id='word_1_377' title='bbox 788 4450 815 4504; x_wconf 94' lang='lat' dir='ltr'><strong>iu</strong></span> <span class='ocrx_word' id='word_1_378' title='bbox 839 4466 929 4525; x_wconf 85' lang='lat' dir='ltr'><strong>puero</strong></span> <span class='ocrx_word' id='word_1_379' title='bbox 953 4449 1033 4508; x_wconf 83' lang='lat' dir='ltr'><strong>aliud</strong></span> <span class='ocrx_word' id='word_1_380' title='bbox 1056 4459 1100 4508; x_wconf 89' lang='lat' dir='ltr'><strong>est</strong></span> <span class='ocrx_word' id='word_1_381' title='bbox 1123 4450 1215 4507; x_wconf 79' lang='lat' dir='ltr'><strong>lamen</strong></span> <span class='ocrx_word' id='word_1_382' title='bbox 1238 4448 1284 4505; x_wconf 84' lang='lat' dir='ltr'><strong>vel</strong></span> <span class='ocrx_word' id='word_1_383' title='bbox 1309 4451 1373 4505; x_wconf 86' lang='lat' dir='ltr'><strong>sitis</strong></span> <span class='ocrx_word' id='word_1_384' title='bbox 1398 4464 1481 4516; x_wconf 85' lang='lat' dir='ltr'><strong>vera,</strong></span> <span class='ocrx_word' id='word_1_385' title='bbox 1513 4444 1593 4505; x_wconf 87' lang='lat' dir='ltr'><strong>aliud</strong></span> 
     </span>
     <span class='ocr_line' id='line_1_38' title="bbox 245 4533 1595 4613; baseline -0.003 -19"><span class='ocrx_word' id='word_1_386' title='bbox 245 4534 353 4611; x_wconf 81' lang='lat' dir='ltr'><strong>cupido</strong></span> <span class='ocrx_word' id='word_1_387' title='bbox 377 4535 513 4594; x_wconf 84' lang='lat' dir='ltr'><strong>vescendi</strong></span> <span class='ocrx_word' id='word_1_388' title='bbox 536 4534 573 4594; x_wconf 89' lang='lat' dir='ltr'><strong>de</strong></span> <span class='ocrx_word' id='word_1_389' title='bbox 596 4537 703 4592; x_wconf 88' lang='lat' dir='ltr'><strong>cerasis</strong></span> <span class='ocrx_word' id='word_1_390' title='bbox 727 4537 766 4593; x_wconf 92' lang='lat' dir='ltr'><strong>ob</strong></span> <span class='ocrx_word' id='word_1_391' title='bbox 788 4536 890 4593; x_wconf 89' lang='lat' dir='ltr'><strong>oculos</strong></span> <span class='ocrx_word' id='word_1_392' title='bbox 913 4537 1030 4611; x_wconf 85' lang='lat' dir='ltr'><strong>positis,</strong></span> <span class='ocrx_word' id='word_1_393' title='bbox 1055 4553 1136 4613; x_wconf 60' lang='lat' dir='ltr'><strong>‘quae</strong></span> <span class='ocrx_word' id='word_1_394' title='bbox 1158 4540 1215 4593; x_wconf 84' lang='lat' dir='ltr'><strong>nial</strong></span> <span class='ocrx_word' id='word_1_395' title='bbox 1239 4538 1407 4593; x_wconf 87' lang='lat' dir='ltr'><strong>memoriam</strong></span> <span class='ocrx_word' id='word_1_396' title='bbox 1432 4533 1595 4592; x_wconf 88' lang='lat' dir='ltr'><strong>dulcedinis</strong></span> 
     </span>
     <span class='ocr_line' id='line_1_39' title="bbox 245 4620 1594 4700; baseline -0.001 -20"><span class='ocrx_word' id='word_1_397' title='bbox 245 4621 356 4681; x_wconf 86' lang='lat' dir='ltr'><strong>dudum</strong></span> <span class='ocrx_word' id='word_1_398' title='bbox 378 4622 549 4696; x_wconf 79' lang='lat' dir='ltr'><strong>degustatae</strong></span> <span class='ocrx_word' id='word_1_399' title='bbox 573 4623 747 4683; x_wconf 80' lang='lat' dir='ltr'><strong>refricarent.</strong></span> <span class='ocrx_word' id='word_1_400' title='bbox 772 4622 851 4680; x_wconf 90' lang='lat' dir='ltr'><strong>nuda</strong></span> <span class='ocrx_word' id='word_1_401' title='bbox 873 4626 918 4680; x_wconf 89' lang='lat' dir='ltr'><strong>sui</strong></span> <span class='ocrx_word' id='word_1_402' title='bbox 942 4625 1209 4700; x_wconf 86' lang='lat' dir='ltr'><strong>absentiapnernm</strong></span> <span class='ocrx_word' id='word_1_403' title='bbox 1233 4640 1289 4681; x_wconf 91' lang='lat' dir='ltr'><strong>non</strong></span> <span class='ocrx_word' id='word_1_404' title='bbox 1313 4631 1490 4698; x_wconf 88' lang='lat' dir='ltr'><strong>torquerent.</strong></span> <span class='ocrx_word' id='word_1_405' title='bbox 1530 4620 1594 4678; x_wconf 86' lang='lat' dir='ltr'><strong>Hoc</strong></span> 
     </span>
     <span class='ocr_line' id='line_1_40' title="bbox 245 4707 1596 4787; baseline -0.002 -19"><span class='ocrx_word' id='word_1_406' title='bbox 245 4712 335 4785; x_wconf 76' lang='lat' dir='ltr'><strong>igitur</strong></span> <span class='ocrx_word' id='word_1_407' title='bbox 356 4711 491 4782; x_wconf 89' lang='lat' dir='ltr'><strong>obtento,</strong></span> <span class='ocrx_word' id='word_1_408' title='bbox 525 4708 597 4767; x_wconf 93' lang='lat' dir='ltr'><strong>nihil</strong></span> <span class='ocrx_word' id='word_1_409' title='bbox 620 4710 725 4767; x_wconf 84' lang='lat' dir='ltr'><strong>obstat</strong></span> <span class='ocrx_word' id='word_1_410' title='bbox 755 4709 965 4769; x_wconf 86' lang='lat' dir='ltr'><strong>dissonantiam</strong></span> <span class='ocrx_word' id='word_1_411' title='bbox 997 4709 1134 4787; x_wconf 87' lang='lat' dir='ltr'><strong>copulare</strong></span> <span class='ocrx_word' id='word_1_412' title='bbox 1165 4727 1230 4769; x_wconf 88' lang='lat' dir='ltr'><strong>cum</strong></span> <span class='ocrx_word' id='word_1_413' title='bbox 1253 4709 1473 4784; x_wconf 85' lang='lat' dir='ltr'><strong>inefficacitate,</strong></span> <span class='ocrx_word' id='word_1_414' title='bbox 1510 4707 1596 4784; x_wconf 83' lang='lat' dir='ltr'><strong>quasi</strong></span> 
     </span>
     <span class='ocr_line' id='line_1_41' title="bbox 245 4796 1333 4876; baseline -0.002 -21"><span class='ocrx_word' id='word_1_415' title='bbox 245 4813 322 4874; x_wconf 87' lang='lat' dir='ltr'><strong>quae</strong></span> <span class='ocrx_word' id='word_1_416' title='bbox 344 4796 425 4854; x_wconf 89' lang='lat' dir='ltr'><strong>unda</strong></span> <span class='ocrx_word' id='word_1_417' title='bbox 446 4801 484 4856; x_wconf 89' lang='lat' dir='ltr'><strong>sit</strong></span> <span class='ocrx_word' id='word_1_418' title='bbox 506 4800 633 4871; x_wconf 86' lang='lat' dir='ltr'><strong>negatio,</strong></span> <span class='ocrx_word' id='word_1_419' title='bbox 657 4813 714 4854; x_wconf 90' lang='lat' dir='ltr'><strong>non</strong></span> <span class='ocrx_word' id='word_1_420' title='bbox 738 4800 845 4872; x_wconf 85' lang='lat' dir='ltr'><strong>positio</strong></span> <span class='ocrx_word' id='word_1_421' title='bbox 869 4801 1004 4856; x_wconf 87' lang='lat' dir='ltr'><strong>contrarii</strong></span> <span class='ocrx_word' id='word_1_422' title='bbox 1028 4801 1119 4876; x_wconf 88' lang='lat' dir='ltr'><strong>ipsius</strong></span> <span class='ocrx_word' id='word_1_423' title='bbox 1142 4798 1333 4855; x_wconf 79' lang='lat' dir='ltr'><strong>efficacitatis.</strong></span> 
     </span>
    </p>

    <p class='ocr_par' dir='ltr' id='par_1_5' title="bbox 219 4876 1637 5749">
     <span class='ocr_line' id='line_1_42' title="bbox 332 4876 1596 4962; baseline -0.002 -21"><span class='ocrx_word' id='word_1_424' title='bbox 332 4883 516 4959; x_wconf 83' lang='lat' dir='ltr'><strong>Superllnum</strong></span> <span class='ocrx_word' id='word_1_425' title='bbox 540 4886 699 4957; x_wconf 85' lang='lat' dir='ltr'><strong>existimas,</strong></span> <span class='ocrx_word' id='word_1_426' title='bbox 724 4885 821 4962; x_wconf 90' lang='lat' dir='ltr'><strong>plures</strong></span> <span class='ocrx_word' id='word_1_427' title='bbox 837 4876 1151 4961; x_wconf 66' lang='lat' dir='ltr'><strong>observate‘aspeetus</strong></span> <span class='ocrx_word' id='word_1_428' title='bbox 1169 4904 1260 4962; x_wconf 90' lang='lat' dir='ltr'><strong>quam</strong></span> <span class='ocrx_word' id='word_1_429' title='bbox 1281 4887 1420 4960; x_wconf 90' lang='lat' dir='ltr'><strong>quinque.</strong></span> <span class='ocrx_word' id='word_1_430' title='bbox 1466 4881 1596 4939; x_wconf 88' lang='lat' dir='ltr'><strong>Primum</strong></span> 
     </span>
     <span class='ocr_line' id='line_1_43' title="bbox 219 4965 1637 5049; baseline -0.004 -19"><span class='ocrx_word' id='word_1_431' title='bbox 219 4997 222 5003; x_wconf 61' lang='lat'><strong><em>¹</em></strong></span> <span class='ocrx_word' id='word_1_432' title='bbox 245 4987 304 5030; x_wconf 91' lang='lat' dir='ltr'><strong>nou</strong></span> <span class='ocrx_word' id='word_1_433' title='bbox 327 4980 372 5030; x_wconf 88' lang='lat' dir='ltr'><strong>est</strong></span> <span class='ocrx_word' id='word_1_434' title='bbox 382 4973 569 5049; x_wconf 89' lang='lat' dir='ltr'><strong>superfluum,</strong></span> <span class='ocrx_word' id='word_1_435' title='bbox 593 4971 689 5030; x_wconf 88' lang='lat' dir='ltr'><strong>dicere</strong></span> <span class='ocrx_word' id='word_1_436' title='bbox 713 4988 806 5030; x_wconf 90' lang='lat' dir='ltr'><strong>rerum</strong></span> <span class='ocrx_word' id='word_1_437' title='bbox 829 4976 1032 5049; x_wconf 88' lang='lat' dir='ltr'><strong>apparentium</strong></span> <span class='ocrx_word' id='word_1_438' title='bbox 1048 4990 1167 5046; x_wconf 79' lang='lat' dir='ltr'><strong>cattsas3</strong></span> <span class='ocrx_word' id='word_1_439' title='bbox 1191 4982 1222 5030; x_wconf 92' lang='lat' dir='ltr'><strong>ut</strong></span> <span class='ocrx_word' id='word_1_440' title='bbox 1244 4974 1278 5041; x_wconf 90' lang='lat' dir='ltr'><strong>si,</strong></span> <span class='ocrx_word' id='word_1_441' title='bbox 1302 4988 1361 5047; x_wconf 90' lang='lat' dir='ltr'><strong>quo</strong></span> <span class='ocrx_word' id='word_1_442' title='bbox 1376 4980 1508 5047; x_wconf 88' lang='lat' dir='ltr'><strong>tempore</strong></span> <span class='ocrx_word' id='word_1_443' title='bbox 1524 4968 1595 5026; x_wconf 92' lang='lat' dir='ltr'><strong>uulli</strong></span> <span class='ocrx_word' id='word_1_444' title='bbox 1634 4965 1637 4975; x_wconf 84' lang='lat'>&#39;</span> 
     </span>
     <span class='ocr_line' id='line_1_44' title="bbox 245 5057 1597 5138; baseline -0.001 -21"><span class='ocrx_word' id='word_1_445' title='bbox 245 5068 315 5118; x_wconf 85' lang='lat' dir='ltr'><strong>sunt</strong></span> <span class='ocrx_word' id='word_1_446' title='bbox 337 5069 473 5134; x_wconf 87' lang='lat' dir='ltr'><strong>aspectus</strong></span> <span class='ocrx_word' id='word_1_447' title='bbox 496 5077 531 5118; x_wconf 88' lang='lat' dir='ltr'><strong>ex</strong></span> <span class='ocrx_word' id='word_1_448' title='bbox 555 5062 693 5133; x_wconf 84' lang='lat' dir='ltr'><strong>antiquis,</strong></span> <span class='ocrx_word' id='word_1_449' title='bbox 719 5058 833 5117; x_wconf 76' lang='lat' dir='ltr'><strong>videam</strong></span> <span class='ocrx_word' id='word_1_450' title='bbox 857 5070 989 5119; x_wconf 89' lang='lat' dir='ltr'><strong>naturam</strong></span> <span class='ocrx_word' id='word_1_451' title='bbox 1005 5064 1161 5138; x_wconf 86' lang='lat' dir='ltr'><strong>praecipue</strong></span> <span class='ocrx_word' id='word_1_452' title='bbox 1177 5062 1370 5135; x_wconf 85' lang='lat' dir='ltr'><strong>commoveri,</strong></span> <span class='ocrx_word' id='word_1_453' title='bbox 1393 5058 1483 5133; x_wconf 81' lang='lat' dir='ltr'><strong>digna</strong></span> <span class='ocrx_word' id='word_1_454' title='bbox 1498 5057 1597 5132; x_wconf 88' lang='lat' dir='ltr'><strong>philo·</strong></span> 
     </span>
     <span class='ocr_line' id='line_1_45' title="bbox 245 5146 1596 5224; baseline -0.001 -20"><span class='ocrx_word' id='word_1_455' title='bbox 245 5146 340 5223; x_wconf 90' lang='lat' dir='ltr'><strong>sopho</strong></span> <span class='ocrx_word' id='word_1_456' title='bbox 364 5163 433 5205; x_wconf 89' lang='lat' dir='ltr'><strong>cura</strong></span> <span class='ocrx_word' id='word_1_457' title='bbox 455 5156 500 5205; x_wconf 90' lang='lat' dir='ltr'><strong>est</strong></span> <span class='ocrx_word' id='word_1_458' title='bbox 522 5165 669 5221; x_wconf 87' lang='lat' dir='ltr'><strong>quaerere,</strong></span> <span class='ocrx_word' id='word_1_459' title='bbox 695 5165 782 5221; x_wconf 90' lang='lat' dir='ltr'><strong>quam</strong></span> <span class='ocrx_word' id='word_1_460' title='bbox 806 5148 844 5217; x_wconf 85' lang='lat' dir='ltr'><strong>ob</strong></span> <span class='ocrx_word' id='word_1_461' title='bbox 868 5165 927 5205; x_wconf 92' lang='lat' dir='ltr'><strong>rem</strong></span> <span class='ocrx_word' id='word_1_462' title='bbox 950 5151 1133 5223; x_wconf 86' lang='lat' dir='ltr'><strong>potissimum</strong></span> <span class='ocrx_word' id='word_1_463' title='bbox 1157 5148 1213 5205; x_wconf 88' lang='lat' dir='ltr'><strong>hoc</strong></span> <span class='ocrx_word' id='word_1_464' title='bbox 1235 5150 1299 5224; x_wconf 88' lang='lat' dir='ltr'><strong>ipso</strong></span> <span class='ocrx_word' id='word_1_465' title='bbox 1315 5148 1363 5204; x_wconf 90' lang='lat' dir='ltr'><strong>die</strong></span> <span class='ocrx_word' id='word_1_466' title='bbox 1384 5156 1492 5203; x_wconf 87' lang='lat' dir='ltr'><strong>natura</strong></span> <span class='ocrx_word' id='word_1_467' title='bbox 1514 5152 1596 5203; x_wconf 83' lang='lat' dir='ltr'><strong>com·</strong></span> 
     </span>
     <span class='ocr_line' id='line_1_46' title="bbox 243 5232 1596 5309; baseline -0.004 -17"><span class='ocrx_word' id='word_1_468' title='bbox 243 5243 417 5308; x_wconf 85' lang='lat' dir='ltr'><strong>moveatur;</strong></span> <span class='ocrx_word' id='word_1_469' title='bbox 446 5234 535 5309; x_wconf 79' lang='lat' dir='ltr'><strong>digua</strong></span> <span class='ocrx_word' id='word_1_470' title='bbox 558 5244 602 5292; x_wconf 90' lang='lat' dir='ltr'><strong>est</strong></span> <span class='ocrx_word' id='word_1_471' title='bbox 624 5233 800 5309; x_wconf 89' lang='lat' dir='ltr'><strong>philosopho</strong></span> <span class='ocrx_word' id='word_1_472' title='bbox 823 5237 938 5309; x_wconf 89' lang='lat' dir='ltr'><strong>opinio,</strong></span> <span class='ocrx_word' id='word_1_473' title='bbox 971 5238 996 5291; x_wconf 90' lang='lat' dir='ltr'><strong>si</strong></span> <span class='ocrx_word' id='word_1_474' title='bbox 1020 5235 1136 5306; x_wconf 86' lang='lat' dir='ltr'><strong>videat,</strong></span> <span class='ocrx_word' id='word_1_475' title='bbox 1169 5237 1219 5292; x_wconf 92' lang='lat' dir='ltr'><strong>illo</strong></span> <span class='ocrx_word' id='word_1_476' title='bbox 1243 5232 1290 5293; x_wconf 90' lang='lat' dir='ltr'><strong>die</strong></span> <span class='ocrx_word' id='word_1_477' title='bbox 1317 5250 1381 5292; x_wconf 86' lang='lat' dir='ltr'><strong>esso</strong></span> <span class='ocrx_word' id='word_1_478' title='bbox 1404 5236 1479 5290; x_wconf 88' lang='lat' dir='ltr'><strong>inter</strong></span> <span class='ocrx_word' id='word_1_479' title='bbox 1502 5232 1596 5302; x_wconf 83' lang='lat' dir='ltr'><strong>honos</strong></span> 
     </span>
     <span class='ocr_line' id='line_1_47' title="bbox 245 5318 1596 5399; baseline -0.002 -20"><span class='ocrx_word' id='word_1_480' title='bbox 245 5321 380 5399; x_wconf 87' lang='lat' dir='ltr'><strong>planetas</strong></span> <span class='ocrx_word' id='word_1_481' title='bbox 401 5321 599 5392; x_wconf 83' lang='lat' dir='ltr'><strong>semisextum,</strong></span> <span class='ocrx_word' id='word_1_482' title='bbox 622 5320 820 5396; x_wconf 88' lang='lat' dir='ltr'><strong>recipiendum</strong></span> <span class='ocrx_word' id='word_1_483' title='bbox 844 5322 975 5380; x_wconf 73' lang='lat' dir='ltr'><strong>tonum</strong></span> <span class='ocrx_word' id='word_1_484' title='bbox 997 5326 1027 5380; x_wconf 92' lang='lat' dir='ltr'><strong>in</strong></span> <span class='ocrx_word' id='word_1_485' title='bbox 1049 5340 1200 5381; x_wconf 87' lang='lat' dir='ltr'><strong>numerum</strong></span> <span class='ocrx_word' id='word_1_486' title='bbox 1222 5329 1252 5380; x_wconf 86' lang='lat' dir='ltr'><strong>et</strong></span> <span class='ocrx_word' id='word_1_487' title='bbox 1274 5324 1480 5393; x_wconf 84' lang='lat' dir='ltr'><strong>semiseatum,</strong></span> <span class='ocrx_word' id='word_1_488' title='bbox 1508 5318 1596 5398; x_wconf 83' lang='lat' dir='ltr'><strong>digna</strong></span> 
     </span>
     <span class='ocr_line' id='line_1_48' title="bbox 243 5406 1595 5483; baseline -0.001 -17"><span class='ocrx_word' id='word_1_489' title='bbox 243 5407 420 5483; x_wconf 83' lang='lat' dir='ltr'><strong>philosopho</strong></span> <span class='ocrx_word' id='word_1_490' title='bbox 450 5408 607 5480; x_wconf 88' lang='lat' dir='ltr'><strong>sedulitas,</strong></span> <span class='ocrx_word' id='word_1_491' title='bbox 641 5409 791 5467; x_wconf 89' lang='lat' dir='ltr'><strong>attendere</strong></span> <span class='ocrx_word' id='word_1_492' title='bbox 821 5410 859 5467; x_wconf 90' lang='lat' dir='ltr'><strong>ad</strong></span> <span class='ocrx_word' id='word_1_493' title='bbox 890 5410 1000 5468; x_wconf 86' lang='lat' dir='ltr'><strong>similes</strong></span> <span class='ocrx_word' id='word_1_494' title='bbox 1031 5414 1200 5469; x_wconf 78' lang='lat' dir='ltr'><strong>nemsinnes</strong></span> <span class='ocrx_word' id='word_1_495' title='bbox 1232 5408 1315 5469; x_wconf 85' lang='lat' dir='ltr'><strong>alias.</strong></span> <span class='ocrx_word' id='word_1_496' title='bbox 1362 5409 1399 5466; x_wconf 79' lang='lat' dir='ltr'><strong>llt</strong></span> <span class='ocrx_word' id='word_1_497' title='bbox 1422 5411 1464 5465; x_wconf 90' lang='lat' dir='ltr'><strong>itu</strong></span> <span class='ocrx_word' id='word_1_498' title='bbox 1486 5406 1595 5465; x_wconf 83' lang='lat' dir='ltr'><strong>factum</strong></span> 
     </span>
     <span class='ocr_line' id='line_1_49' title="bbox 245 5489 1596 5572; baseline -0.001 -18"><span class='ocrx_word' id='word_1_499' title='bbox 245 5503 298 5554; x_wconf 86' lang='lat' dir='ltr'><strong>ast.</strong></span> <span class='ocrx_word' id='word_1_500' title='bbox 337 5493 419 5553; x_wconf 66' lang='lat' dir='ltr'><strong>Nam</strong></span> <span class='ocrx_word' id='word_1_501' title='bbox 442 5496 478 5555; x_wconf 91' lang='lat' dir='ltr'><strong>de</strong></span> <span class='ocrx_word' id='word_1_502' title='bbox 501 5497 591 5572; x_wconf 89' lang='lat' dir='ltr'><strong>hujus</strong></span> <span class='ocrx_word' id='word_1_503' title='bbox 614 5505 749 5571; x_wconf 86' lang='lat' dir='ltr'><strong>aspectus</strong></span> <span class='ocrx_word' id='word_1_504' title='bbox 773 5496 946 5557; x_wconf 85' lang='lat' dir='ltr'><strong>ellicaeitate</strong></span> <span class='ocrx_word' id='word_1_505' title='bbox 968 5500 1066 5556; x_wconf 86' lang='lat' dir='ltr'><strong>testati</strong></span> <span class='ocrx_word' id='word_1_506' title='bbox 1081 5508 1149 5556; x_wconf 88' lang='lat' dir='ltr'><strong>sunt</strong></span> <span class='ocrx_word' id='word_1_507' title='bbox 1171 5489 1382 5572; x_wconf 81' lang='lat' dir='ltr'><strong>meteorhscopi</strong></span> <span class='ocrx_word' id='word_1_508' title='bbox 1405 5504 1474 5553; x_wconf 90' lang='lat' dir='ltr'><strong>aute</strong></span> <span class='ocrx_word' id='word_1_509' title='bbox 1489 5510 1596 5567; x_wconf 84' lang='lat' dir='ltr'><strong>causas</strong></span> 
     </span>
     <span class='ocr_line' id='line_1_50' title="bbox 244 5581 1597 5658; baseline -0.001 -18"><span class='ocrx_word' id='word_1_510' title='bbox 244 5583 380 5641; x_wconf 80' lang='lat' dir='ltr'><strong>luventas</strong></span> <span class='ocrx_word' id='word_1_511' title='bbox 403 5581 537 5658; x_wconf 82' lang='lat' dir='ltr'><strong>adeoque</strong></span> <span class='ocrx_word' id='word_1_512' title='bbox 559 5600 606 5641; x_wconf 89' lang='lat' dir='ltr'><strong>nte</strong></span> <span class='ocrx_word' id='word_1_513' title='bbox 629 5600 686 5642; x_wconf 91' lang='lat' dir='ltr'><strong>non</strong></span> <span class='ocrx_word' id='word_1_514' title='bbox 709 5583 892 5643; x_wconf 85' lang='lat' dir='ltr'><strong>mediocriter</strong></span> <span class='ocrx_word' id='word_1_515' title='bbox 921 5588 1050 5645; x_wconf 81' lang='lat' dir='ltr'><strong>exercuit</strong></span> <span class='ocrx_word' id='word_1_516' title='bbox 1078 5586 1125 5643; x_wconf 92' lang='lat' dir='ltr'><strong>hic</strong></span> <span class='ocrx_word' id='word_1_517' title='bbox 1147 5586 1335 5658; x_wconf 82' lang='lat' dir='ltr'><strong>semisextus,</strong></span> <span class='ocrx_word' id='word_1_518' title='bbox 1369 5584 1403 5640; x_wconf 84' lang='lat' dir='ltr'><strong>ul</strong></span> <span class='ocrx_word' id='word_1_519' title='bbox 1424 5598 1530 5641; x_wconf 86' lang='lat' dir='ltr'><strong>causas</strong></span> <span class='ocrx_word' id='word_1_520' title='bbox 1553 5581 1597 5639; x_wconf 88' lang='lat' dir='ltr'><strong>sic</strong></span> 
     </span>
     <span class='ocr_line' id='line_1_51' title="bbox 244 5667 1597 5749; baseline 0 -20"><span class='ocrx_word' id='word_1_521' title='bbox 244 5672 452 5744; x_wconf 78' lang='lat' dir='ltr'><strong>comtitusrent</strong></span> <span class='ocrx_word' id='word_1_522' title='bbox 472 5678 655 5746; x_wconf 83' lang='lat' dir='ltr'><strong>aspectuum,</strong></span> <span class='ocrx_word' id='word_1_523' title='bbox 679 5678 712 5728; x_wconf 87' lang='lat' dir='ltr'><strong>nt</strong></span> <span class='ocrx_word' id='word_1_524' title='bbox 733 5672 822 5732; x_wconf 75' lang='lat' dir='ltr'><strong>edam</strong></span> <span class='ocrx_word' id='word_1_525' title='bbox 843 5671 892 5732; x_wconf 85' lang='lat' dir='ltr'><strong>hic</strong></span> <span class='ocrx_word' id='word_1_526' title='bbox 912 5675 1004 5749; x_wconf 77' lang='lat' dir='ltr'><strong>recipi</strong></span> <span class='ocrx_word' id='word_1_527' title='bbox 1021 5674 1055 5729; x_wconf 90' lang='lat' dir='ltr'><strong>iu</strong></span> <span class='ocrx_word' id='word_1_528' title='bbox 1069 5685 1221 5733; x_wconf 89' lang='lat' dir='ltr'><strong>nnmerum</strong></span> <span class='ocrx_word' id='word_1_529' title='bbox 1240 5679 1350 5748; x_wconf 88' lang='lat' dir='ltr'><strong>posset,</strong></span> <span class='ocrx_word' id='word_1_530' title='bbox 1374 5685 1444 5742; x_wconf 83' lang='lat' dir='ltr'><strong>cnm</strong></span> <span class='ocrx_word' id='word_1_531' title='bbox 1456 5667 1597 5744; x_wconf 77' lang='lat' dir='ltr'><strong>ridmmn,</strong></span> 
     </span>
    </p>
   </div>
   <div class='ocr_carea' id='block_1_3' title="bbox 0 0 1846 7253">
    <p class='ocr_par' dir='ltr' id='par_1_6' title="bbox 0 0 1846 7253">
     <span class='ocr_line' id='line_1_52' title="bbox 0 0 1846 7253; baseline 0 0"><span class='ocrx_word' id='word_1_532' title='bbox 0 0 1846 7253; x_wconf 95' lang='lat' dir='ltr'><strong> </strong></span> 
     </span>
    </p>
   </div>
  </div>
 </body>
</html>
