3684 7259
307 1210 376 1271 ιω
814 1203 847 1257 In
864 1201 1040 1271 liamoaiaus
1055 1200 1153 1258 llundi

308 1376 428 1435 leudone
444 1376 583 1433 meret
617 1376 735 1433 Turtam
759 1377 830 1433 eninr
847 1376 954 1432 illorum
973 1382 1002 1431 et
1017 1376 1152 1445 tantisper
1168 1376 1302 1442 meminit,
1324 1376 1389 1433 dum
1412 1395 1496 1434 unum
1518 1380 1596 1449 prius
1611 1395 1658 1435 uo

308 1462 367 1513 tum
384 1457 497 1512 alterins
515 1470 600 1510 causa
616 1456 778 1511 recordandi
797 1465 839 1511 est
857 1461 892 1531 et
908 1474 970 1512 cum
988 1456 1036 1511 illo
1055 1456 1191 1511 cohaeret
1226 1456 1302 1522 llaec
1319 1472 1401 1517 causa
1423 1465 1466 1512 cst
1483 1458 1659 1527 plurimarum

307 1537 512 1607 parenthesium
529 1536 557 1589 in
575 1551 714 1600 sermone,
734 1537 798 1591 dum
815 1537 918 1602 omnia,
941 1552 1011 1605 qnae
1029 1535 1082 1605 ipsi
1099 1536 1179 1591 simul
1197 1535 1331 1606 incidunt,
1354 1545 1467 1606 propter
1484 1537 1660 1592 fortissimam

308 1617 514 1673 commotionem
534 1616 652 1670 omnium
670 1624 845 1685 cognatarum
864 1618 1016 1686 specierum
1034 1616 1062 1670 in
1081 1616 1223 1683 memoria,
1252 1617 1292 1670 sic
1309 1615 1506 1672 etiamefierre
1524 1614 1659 1686 loquendo
1731 1647 1734 1654 ·

306 1695 389 1766 capit
426 1695 470 1749 Ex
489 1709 522 1748 eo
539 1693 664 1749 taediosa
680 1703 729 1750 aut
747 1705 821 1750 certe
838 1696 970 1765 perplexa
988 1704 1016 1751 et
1033 1696 1123 1750 minus
1140 1694 1318 1763 intelligibilis
1343 1695 1462 1752 eflicitur
1484 1696 1545 1765 ejus
1565 1693 1658 1749 oratio.

231 1811 233 1816 ·
306 1772 465 1831 Romnum
485 1781 589 1842 autem,
607 1788 691 1841 supra
713 1776 765 1831 etsi
783 1773 851 1843 dixi,
879 1790 941 1829 esse
958 1771 1135 1841 cupiditatem
1159 1772 1230 1840 banc
1247 1773 1334 1827 rivam
1359 1772 1389 1827 iu
1407 1776 1496 1829 otiosa
1514 1776 1583 1839 rita,
1605 1788 1658 1827 non

306 1860 397 1908 tamen
415 1852 750 1920 verisimile-exstinctum
768 1854 802 1907 iri
819 1856 847 1909 in
865 1853 1015 1922 negotiosa
1051 1852 1121 1906 Nam
1139 1866 1177 1908 ue
1192 1851 1232 1905 sic
1251 1851 1367 1920 quidem,
1387 1846 1509 1920 quamuis
1528 1861 1659 1923 perpetuo

306 1932 531 2004 occupatissimus
549 1930 593 1999 (de
616 1930 695 2003 cujus
723 1930 848 1986 fortunae
872 1947 956 1987 causa
980 1929 1070 1997 alibi),
1094 1930 1214 1985 abstinet
1236 1929 1465 1998 acupiditatibus
1488 1933 1554 1986 suis.
1590 1930 1660 1998 Quin

306 2012 398 2082 potius
416 2012 517 2068 omissa
534 2008 744 2068 honestissimae
761 2008 908 2066 functionis
925 2009 1080 2064 necessaria
1098 2026 1170 2073 cura,
1189 2024 1221 2063 eo
1239 2009 1304 2080 abit,
1323 2027 1378 2079 quo
1394 2010 1480 2065 fertur
1496 2011 1584 2079 ipsius
1601 2009 1660 2064 ani-
1728 2038 1732 2046 ·

306 2107 382 2159 suus,
400 2098 431 2145 ut
442 2087 680 2158 reprehensionem
693 2104 748 2145 non
760 2088 900 2159 effugeret,
919 2088 971 2142 nisi
983 2097 1090 2157 promta
1102 2088 1253 2144 eruditione
1265 2097 1477 2159 extemporanea
1489 2089 1661 2144 satisfaceret

306 2178 446 2239 auumque
463 2167 597 2226 functioni
615 2182 689 2222 suae.
727 2168 848 2224 Summa:
868 2169 919 2224 etsi
938 2167 1069 2223 functioni
1086 2168 1216 2238 invigilet,
1235 2168 1267 2223 tit
1284 2170 1337 2225 boc
1353 2175 1443 2225 umen
1461 2185 1522 2223 cum
1540 2166 1595 2223 illis
1613 2168 1659 2222 im·

305 2249 480 2321 pedimentis,
499 2262 570 2317 quse
586 2246 651 2302 dixi.
685 2248 831 2316 Nusquam
855 2249 926 2303 enim
943 2247 997 2316 ipsi
1017 2247 1094 2303 deest
1105 2248 1219 2303 matoria
1232 2249 1387 2319 cupiditati,
1406 2250 1504 2316 ardori,
1522 2246 1660 2308 scrutandi

305 2328 397 2383 stadie
421 2325 550 2381 difficilia
586 2325 624 2380 Et
647 2324 732 2381 millia
757 2325 838 2381 simul
860 2325 999 2389 incidam,
1026 2326 1124 2393 quibus
1149 2327 1330 2397 explicandis,
1357 2344 1418 2382 cum
1441 2323 1563 2397 tempore
1585 2326 1659 2381 nullo

306 2405 490 2475 circumscribi
508 2403 611 2475 possit,
636 2403 722 2472 magis
740 2404 887 2474 impeditur
904 2401 971 2459 ¹eure
988 2404 1016 2458 in
1035 2405 1139 2474 officio,
1163 2421 1244 2475 qnam
1267 2408 1380 2463 incuria.
1401 2408 1454 2462 *Et
1470 2423 1538 2462 saue
1559 2408 1585 2461 si
1604 2407 1659 2462 fors

306 2485 398 2555 speum
415 2485 442 2539 in
461 2483 583 2538 militiam
600 2481 739 2538 intulisset
757 2483 801 2549 (de
812 2499 867 2551 quo
880 2481 964 2549 alibi),
984 2481 1061 2538 fortis
1080 2487 1188 2540 omniuo
1205 2486 1311 2550 fuisset
1345 2488 1409 2543 Non
1420 2488 1491 2542 enim
1510 2486 1597 2557 magis
1615 2485 1659 2539 ille

305 2564 383 2620 miles
401 2570 452 2632 est,
470 2561 517 2632 qui
531 2557 617 2616 'rebus
634 2560 783 2615 consumtis
801 2576 835 2616 cx
854 2561 1044 2631 desperatione
1062 2566 1090 2619 in
1109 2574 1200 2622 castra
1218 2565 1365 2622 descendit.
1401 2565 1489 2631 Adest
1505 2565 1560 2631 ira,
1581 2563 1660 2622 iudu-

305 2644 373 2699 stria
390 2641 454 2707 doli,
472 2637 620 2710 vigilantia,
639 2638 761 2695 assultus
778 2642 914 2709 repentini
932 2647 1078 2715 subitique,
1099 2660 1150 2699 nec
1166 2644 1285 2700 fortasse
1302 2644 1412 2716 deesset
1429 2644 1556 2699 felicitas.

394 2739 437 2794 De
454 2737 542 2808 primo
557 2736 615 2804 jnm
633 2734 777 2790 dicendum
794 2745 876 2805 esset,
895 2740 919 2795 si
937 2757 992 2797 non
1010 2750 1084 2802 esset
1097 2743 1155 2811 jan
1170 2736 1283 2798 dictum.
1319 2742 1428 2813 Nullus,
1447 2743 1491 2798 cui
1508 2750 1565 2797 tam
1582 2741 1660 2797 fortis

306 2826 350 2876 est
373 2816 522 2888 cupiditas,
547 2815 647 2870 rationi
668 2822 759 2888 paret3
783 2815 913 2884 juvenum
933 2821 1004 2876 euim
1018 2820 1150 2892 iuvenilia
1172 2828 1236 2896 sunt
1254 2819 1397 2877 desideria.
1432 2820 1487 2876 Sed
1513 2826 1607 2875 tamm
1624 2819 1660 2874 ad

306 2894 475 2971 quaestionis
492 2894 690 2951 absolutionem
707 2886 897 2963 inquirouddm
920 2901 1158 2967 estimationem,
1177 2900 1322 2969 judicium,
1346 2898 1559 2968 intelligentiam.
1595 2900 1659 2953 Exi·

305 2980 394 3049 stimo,
411 2975 496 3045 illum,
515 2975 674 3046 quiveram
691 2980 720 3029 et
737 2974 882 3043 honestum
900 2978 982 3052 ridet,
1000 2979 1118 3034 omnium
1136 2977 1229 3032 videre
1241 2978 1406 3048 acutissime,
1424 2978 1659 3050 proindesemper

305 3073 367 3115 cum
384 3055 572 3126 ingenioesse
587 3052 727 3123 judiciuin,
746 3059 774 3108 et
792 3056 839 3121 qui
856 3056 941 3112 habet
957 3058 1036 3129 sigua
1053 3058 1118 3112 boni
1135 3057 1250 3128 ingenii,
1275 3058 1376 3112 hebere
1394 3059 1477 3113 etiam
1494 3057 1590 3134 iudicii
1609 3074 1658 3127 pro

247 3146 252 3151 “
305 3135 416 3191 modulo
434 3150 533 3203 rerum,
550 3133 580 3188 in
598 3132 697 3201 quibus
715 3143 852 3203 sumtus,
871 3142 903 3190 ut
920 3151 1029 3207 semper
1044 3136 1142 3192 melius
1157 3136 1289 3204 judicium
1307 3137 1422 3205 literati,
1447 3137 1528 3204 quam
1547 3136 1658 3204 plebeji,

305 3215 403 3270 ceteris
421 3213 541 3285 paribus.
576 3210 656 3266 Unde
673 3226 781 3280 semper
798 3213 960 3269 mirabilium
978 3231 1088 3284 operum
1108 3216 1250 3282 architecti
1273 3225 1349 3285 recte
1369 3217 1503 3271 derebus
1524 3214 1657 3283 judicant,

305 3294 428 3364 quamvls
452 3310 507 3373 uon
525 3306 632 3362 sempor
648 3291 756 3346 faciant
791 3292 861 3348 Nam
880 3292 1005 3361 judicare
1029 3295 1130 3363 ingenii
1148 3302 1203 3362 est,
1231 3294 1320 3349 lacere
1342 3294 1530 3363 cupiditatum.
1566 3295 1657 3361 etque

304 3372 370 3433 binc
387 3380 442 3441 est,
470 3370 543 3440 quod
561 3370 684 3425 homines
703 3369 852 3425 doctissimi
870 3371 1006 3426 interdum
1024 3373 1143 3441 pessime
1167 3372 1312 3428 consulunt
1328 3371 1508 3441 reipublicae,
1536 3370 1602 3439 quia
1619 3386 1657 3425 sc
1715 3403 1718 3410 ,

304 3448 499 3519 cupiditatibus
517 3447 660 3516 indulgent
682 3454 711 3501 et
731 3446 830 3501 malem
848 3462 958 3504 caum
985 3451 1072 3520 pejori
1095 3450 1262 3507 conscientia
1284 3450 1440 3506 defendunt.
1475 3449 1586 3504 Etenim
1605 3463 1657 3517 quo

304 3529 421 3599 quisque
446 3529 552 3584 doctior
578 3534 632 3593 est,
658 3526 712 3604 boc
739 3526 863 3594 aequior,
891 3534 920 3582 et
942 3527 1052 3584 indocto
1075 3529 1132 3584 sire
1158 3531 1283 3600 imperito
1307 3530 1375 3584 nihil
1392 3539 1517 3598 usquam'
1530 3529 1650 3596 iniquius

304 3607 443 3678 Quosdam
462 3610 542 3664 etiam
561 3607 632 3663 aliae
649 3606 856 3662 circumstantes
878 3621 978 3661 musae
1000 3612 1140 3677 coercent,
1164 3626 1219 3677 quo
1232 3608 1332 3664 miuus
1356 3624 1449 3663 rerum
1467 3607 1541 3677 quud
1566 3608 1657 3662 vident

303 3685 453 3743 fateantur:
477 3687 601 3758 papistas
619 3685 774 3742 dominatus
792 3684 897 3754 Papae,
916 3686 1011 3762 religio
1029 3688 1211 3755 antiquitatis,
1230 3687 1297 3742 alios
1316 3688 1485 3756 superstitio,
1512 3686 1583 3741 alios
1599 3692 1656 3741 stu·

304 3766 377 3823 dium
396 3766 497 3822 ordinis
515 3765 625 3835 politici,
644 3763 713 3819 ellos
731 3764 822 3833 opinio
840 3764 1021 3821 multitudinis
1039 3768 1274 3824 consentientium.
1311 3767 1406 3836 ltaque
1426 3763 1596 3839 impossibile
1614 3772 1656 3819 est

303 3846 442 3917 astrologo
459 3846 630 3917 praedicere,
654 3843 720 3913 quid
737 3843 765 3897 in
783 3844 905 3912 qualibet
928 3862 958 3899 re
976 3853 1057 3901 natus
1076 3849 1229 3902 censitums
1252 3847 1296 3901 sit.
1333 3844 1502 3900 Generaliter
1519 3852 1611 3899 autem
1628 3841 1655 3897 id

303 3942 396 3983 rernm
419 3933 475 3989 est,
502 3924 549 3993 qui
572 3923 663 3978 valent
685 3922 808 3991 ingenio,
834 3923 973 3978 minimum
999 3924 1122 3997 impediri
1144 3924 1306 3993 injudicio.
1341 3924 1400 3978 Nec
1423 3923 1504 3991 longe
1521 3922 1656 3977 absumta

303 4005 421 4076 fatigio,
441 4004 464 4059 si
482 4003 529 4073 qui
546 4010 689 4057 morentur
706 4002 788 4057 rebus
805 4000 868 4071 illis,
887 4019 959 4071 quac
977 4003 1121 4072 subiacent
1138 4003 1283 4059 universali
1299 4002 1400 4056 formae
1420 4010 1447 4055 et
1465 4002 1656 4057 consuetudini

283 4084 453 4150 ‘bumause,
479 4089 511 4138 ut
527 4088 673 4151 propterea
690 4097 783 4136 rerum
807 4097 863 4136 uon
880 4091 1000 4137 cernant.
1038 4083 1091 4137 Sed
1114 4090 1217 4154 mmcrr,
1247 4084 1293 4152 qui
1315 4082 1358 4137 bis
1376 4079 1573 4151 impediuntur,
1588 4099 1655 4137 uon

303 4170 368 4219 sunt
391 4174 456 4218 rere
478 4160 526 4215 alti
548 4159 630 4215 animi
652 4175 703 4215 uec
726 4160 843 4213 omnium
863 4159 1019 4216 doctissimi.
1056 4160 1248 4216 Bellarminum
1270 4161 1342 4232 inter
1363 4159 1535 4215 doctissimos
1557 4159 1654 4217 habeo.

306 4241 361 4299 Sed
374 4241 454 4297 illum
473 4253 527 4296 non
545 4240 656 4309 impedit
673 4239 777 4310 religio,
795 4254 890 4294 rerum
907 4238 1044 4309 cupiditas
1063 4249 1091 4297 et
1107 4248 1196 4295 metus
1212 4240 1348 4302 infamiae.
1384 4240 1445 4302 Heu
1464 4255 1544 4309 quam
1563 4240 1655 4294 multis

305 4321 454 4380 obstaculis
479 4327 607 4389 graratru
624 4320 732 4375 veritas.
768 4318 830 4373 Non
848 4318 914 4389 legit
932 4318 978 4374 ille
995 4319 1088 4375 forsan
1114 4324 1162 4375 aut
1184 4313 1238 4376 uon
1256 4321 1401 4391 perpendit
1421 4327 1537 4376 'uestrae
1556 4332 1655 4373 caune

302 4399 483 4457 defensiones.
519 4400 618 4469 Sperat
634 4398 740 4466 forsan,
768 4413 798 4452 se
815 4398 968 4458 lenimentis
987 4400 1149 4471 quibusdam
1165 4409 1354 4460 correcturum
1376 4404 1478 4456 ausae
1494 4414 1562 4455 suae
1579 4397 1655 4453 mali·

302 4478 376 4535 tlam.
413 4479 452 4533 Et
468 4479 540 4534 inter
556 4477 660 4531 medios
679 4485 804 4532 meatur
820 4477 914 4533 bostes
938 4486 1059 4549 nostros,
1084 4496 1140 4534 non
1158 4485 1213 4534 tem
1263 4483 1270 4494 '
1305 4471 1309 4482 ¹
1365 4478 1536 4548 mutandum,
1565 4477 1655 4532 omnia

303 4558 468 4632 experienda
486 4565 515 4614 et
531 4555 673 4613 toleranda
690 4564 791 4612 censet
825 4557 852 4611 N
853 4571 896 4611 am
912 4558 986 4612 idem
998 4557 1093 4612 'fecere
1112 4556 1268 4618 doctisulmr·
1364 4558 1501 4626 ’ssimlque
1519 4555 1655 4610 antehoc

302 4645 420 4709 tempus.
456 4637 535 4707 Quid·
552 4637 586 4692 de
607 4635 730 4691 Lutlsero
755 4631 860 4690 dicam?
895 4635 1039 4722 singulare
1063 4635 1258 4706 quid'inlllo.
1347 4637 1489 4690 rerimtem
1508 4635 1656 4701 desereret,

302 4731 358 4774 non
376 4709 430 4772 fnit
446 4721 545 4786 motus,
563 4714 663 4784 quibus
681 4721 853 4783 morerentur
883 4714 893 4790 ἰ
1038 4718 1064 4787 ⁴i
1082 4718 1190 4788 quique.
1224 4713 1323 4771 lnlr'oc
1341 4716 1459 4771 omnium
1476 4714 1530 4769 fuit
1548 4716 1655 4784 sapien·

301 4797 432 4854 meinos.
468 4793 522 4849 Sed
546 4792 610 4862 quid
634 4792 669 4847 de
686 4785 901 4872 maledicentis
927 4789 1161 4874 lfflmciloquiisi
1197 4797 1267 4851 Num
1285 4795 1354 4868 baec
1371 4795 1474 4849 cadunt
1497 4793 1525 4848 iu
1544 4796 1654 4863 sepien-

301 4874 376 4934 tem?
411 4872 497 4937 Fecit,
514 4887 565 4927 nec
583 4868 715 4942 probavit
751 4861 878 4926 Pedasa
891 4863 1155 4948 lam-‘dllpiditeta
1177 4891 1232 4930 non
1248 4876 1357 4945 judicio.
1392 4874 1507 4944 Oportet
1523 4875 1610 4945 igitur
1626 4875 1654 4928 in

300 4954 358 5013 siro
377 4952 521 5011 utilissimo
538 4952 629 5007 inesse
646 4966 701 5007 non
714 4949 848 5019 judicium
866 4948 978 5021 saltem,
1004 4952 1054 5007 aed
1073 4952 1154 5007 etiam
1180 4954 1304 5010 ardorem
1328 4960 1357 5009 et
1374 4955 1560 5025 cupiditatem.
1595 4955 1654 5008 Ista

305 5050 379 5104 rere,
398 5034 422 5088 si
439 5047 489 5104 per
507 5032 597 5088 omnia
615 5030 734 5087 cilicium
751 5029 834 5084 faciat
852 5037 880 5085 et
897 5030 995 5087 rationi
1006 5033 1193 5103 respoudeat,
1218 5034 1344 5090 divinitus
1365 5036 1460 5104 utique
1478 5033 1652 5104 gubernatur.

301 5112 377 5171 Abas
395 5113 423 5168 ui
438 5112 550 5181 aerolas
568 5128 655 5175 φυσεις
679 5131 743 5175 μετα
758 5115 878 5182 paratv
895 5109 997 5178 denua
1014 5132 1056 5165 aar
1074 5114 1187 5179 μεγαλοις
1206 5134 1297 5175 marcq
1308 5130 1483 5185 mpopepevoa
1518 5115 1652 5184 Aequitas

301 5192 387 5248 multa
404 5191 509 5263 patitur
526 5192 561 5247 ab
578 5189 710 5246 bonorum
730 5188 836 5259 cupidis
854 5196 902 5244 aut
919 5188 1111 5245 dominationis
1129 5199 1178 5246 aut
1195 5194 1305 5262 argenti.
1342 5195 1374 5250 ln
1391 5193 1445 5250 illis
1468 5194 1553 5252 vincit
1569 5194 1652 5248 ratio·

301 5281 363 5328 nem
381 5270 524 5344 cupiditas.
560 5269 658 5348 Itaque
680 5283 773 5325 rerum
796 5268 829 5324 lit
847 5267 888 5338 id,
914 5268 987 5338 quod
1004 5269 1083 5325 initio
1101 5270 1192 5342 posui,
1216 5287 1277 5328 cum
1300 5273 1408 5343 iugenio
1426 5288 1488 5329 esse
1508 5273 1650 5341 judicium.

301 5345 340 5405 Bt
356 5351 422 5420 quis
437 5352 483 5407 hic
501 5358 566 5426 sunt
582 5350 656 5407 illius
674 5349 760 5419 siqua,
779 5356 844 5405 sunt
861 5356 889 5404 et
906 5349 998 5418 bujus.
1036 5348 1089 5406 Sed
1107 5349 1142 5404 ad
1160 5350 1361 5421 producendam
1376 5367 1443 5406 earn.
1460 5351 1496 5406 de
1513 5367 1569 5420 qua
1586 5352 1651 5414 diri,

302 5430 505 5497 psemtuuinem
523 5446 578 5486 nou
596 5428 707 5502 suflicit,
734 5436 765 5485 ut
782 5428 884 5485 lumine
897 5428 994 5497 judicii
1013 5429 1116 5499 valeas,
1132 5432 1281 5487 ut'ardeas
1298 5431 1601 5503 cupiditatibus-samis
1620 5442 1651 5489 nt

301 5505 387 5577 multa
403 5509 526 5580 incipias,
544 5507 643 5574 faclas,¹
656 5506 956 5578 dicas'inoousiderste,
976 5516 1004 5563 et
1020 5509 1207 5577 injuventute
1223 5527 1277 5565 non
1290 5512 1384 5565 'omnia
1401 5510 1500 5566 videas.
1536 5512 1650 5569 Accedit

302 5589 430 5655 quarum
447 5585 612 5656 moredibrlls
631 5599 707 5641 amor
723 5586 839 5657 gloriae,
867 5584 1069 5661 celebrationis,
1087 5587 1196 5658 favoris,
1215 5589 1363 5658 applausus
1381 5589 1543 5658 bominum,
1554 5597 1583 5644 et
1599 5606 1650 5662 par

300 5659 341 5723 llll
358 5670 451 5724 metus·
463 5662 620 5722 ostensionis
634 5666 740 5744 justae,
765 5670 815 5721 aut
831 5673 984 5744 contemtus
997 5666 1044 5727 toi
1061 5665 1091 5721 in
1107 5666 1170 5731 alio.
1205 5668 1308 5739 lictus,
1333 5674 1365 5724 ut
1388 5670 1497 5739 ineptus
1514 5668 1648 5741 rideatur,
