3684 7259
610 1223 788 1281 Harmonieis.
822 1225 904 1282 Liber
921 1224 969 1282 ΙΙΙ.
993 1226 1081 1298 capot
1097 1224 1129 1281 V.
1481 1234 1541 1297 tit

191 1411 309 1478 nemos,
333 1412 393 1462 tam
418 1399 499 1487 ⁷⁵l„,
521 1421 611 1482 quem
635 1399 706 1486 ⁷²l„
729 1404 913 1464 intervalium
939 1400 975 1485 Ἃ
998 1403 1229 1481 deprehenditur.
1276 1406 1373 1484 Quare
1399 1427 1464 1469 com
1486 1427 1543 1475 nu-

193 1499 257 1552 tura
280 1507 334 1549 nos
358 1492 487 1552 docuerit
510 1501 647 1569 coaptare
671 1492 724 1549 lios
746 1508 892 1563 numeros,
918 1492 957 1551 oli
979 1496 1138 1552 sectionem
1161 1493 1260 1554 circuli
1283 1513 1335 1571 per
1356 1495 1466 1574 ligures
1489 1496 1543 1557 de·

192 1578 414 1651 monstrabiles,
445 1588 550 1638 natura
573 1584 660 1655 igitur
683 1577 741 1637 duo
772 1579 926 1639 intervalla
948 1581 1144 1655 sesquitertia,
1177 1584 1247 1639 certi
1269 1585 1342 1641 situs
1372 1585 1446 1644 inter
1469 1583 1542 1643 duos

193 1669 330 1726 terminos
366 1670 561 1744 proportionis
591 1666 714 1743 duplae,
742 1676 808 1725 actu
834 1668 898 1743 ipso
930 1669 1091 1726 sectionum
1121 1667 1221 1727 divisit
1250 1671 1279 1726 in
1309 1672 1364 1728 tria
1388 1671 1543 1731 intervalla

192 1755 334 1831 periente,
367 1757 524 1828 concinna,
552 1764 653 1814 tonum
681 1754 835 1828 majorem,
867 1764 968 1813 tonum
990 1757 1131 1815 minorem
1158 1764 1188 1815 et
1209 1758 1403 1816 semitonium.
1450 1758 1541 1834 Atqui

192 1844 277 1902 trium
311 1841 765 1919 intervallorumcontiguorum
795 1848 911 1917 oportet
939 1858 1004 1902 esso
1034 1841 1116 1901 locos
1148 1860 1201 1902 seu
1222 1861 1311 1903 voces
1341 1862 1394 1904 seu
1418 1844 1542 1906 chordae

193 1940 326 2006 quatuor.
371 1929 448 1988 Hinc
477 1931 564 2005 igitur
593 1927 780 1989 intervalium
801 1931 1018 2005 sesquitertium
1046 1929 1103 1989 diei
1132 1933 1229 2008 coepit
1259 1939 1376 2008 quarta,
1399 1933 1540 1994 subaudi:

135 2085 141 2093 x
192 2025 295 2092 quarta
318 2033 377 2075 vox
399 2036 419 2078 a
440 2021 534 2094 prima
555 2035 608 2076 seu
631 2017 780 2093 superiore
803 2034 856 2076 seu
879 2017 1021 2077 inferiore.
1066 2016 1178 2078 Eadem
1199 2018 1235 2077 de
1251 2036 1341 2079 causa
1357 2018 1464 2081 Graeci
1486 2040 1543 2099 sp-

191 2104 301 2181 pellant
324 2104 381 2164 hoc
403 2104 590 2164 intervallum
613 2110 661 2165 dns
683 2124 852 2182 ceconomo,
882 2104 961 2182 quod
990 2103 1090 2164 latinis
1119 2107 1207 2166 otiam
1229 2104 1320 2167 literis
1343 2111 1540 2185 exprimimus,

193 2194 299 2251 usitato
322 2191 411 2252 modo
434 2193 604 2252 seirilrentes
627 2191 819 2253 diatessaron.

277 2279 416 2355 Sequitur
440 2282 536 2356 igitur,
559 2287 592 2337 ut
611 2282 681 2357 quis
695 2278 880 2339 intervallum
902 2278 1127 2356 sesquialterum
1149 2280 1320 2358 superaddit
1334 2290 1437 2341 tonum
1452 2300 1542 2344 unum

194 2367 352 2441 perlectum
383 2370 506 2446 (quippe
535 2365 699 2428 tituenus
729 2368 804 2428 inter
832 2364 873 2447 li,
902 2375 932 2425 et
956 2364 998 2447 ll,
1026 2367 1079 2424 iuit
1101 2362 1171 2449 Ἃ),
1194 2386 1230 2427 ex
1252 2366 1309 2428 lroc
1337 2372 1401 2447 ipso
1430 2369 1543 2430 dicatur

192 2457 300 2531 quinte,
324 2472 393 2527 seu,
420 2471 544 2531 graecae
566 2456 816 2532 pronunciationis
838 2455 1010 2527 imitatione,
1034 2453 1189 2532 diapento3
1212 2458 1434 2532 nonobstante,
1459 2457 1539 2536 quod

192 2550 257 2600 actu
282 2546 345 2618 ipso
370 2544 398 2599 in
421 2542 543 2602 totidem
567 2545 709 2614 concinna
730 2540 826 2600 divisa
855 2558 913 2599 non
935 2553 1004 2600 sunt
1033 2559 1085 2618 per
1114 2546 1260 2604 sectiones
1282 2553 1403 2605 nostras
1423 2545 1541 2606 inarmo-

192 2631 271 2689 nieas
295 2629 451 2689 intervalla
473 2631 679 2705 sesquialtera,
713 2646 815 2705 euque
830 2626 864 2688 de
888 2645 978 2688 causa
998 2646 1136 2713 nutrierus
1160 2647 1235 2691 unus
1257 2630 1296 2692 ad
1319 2633 1395 2694 itanc
1417 2632 1540 2692 divisio·

192 2734 255 2776 nem
278 2718 439 2794 plenariam
461 2721 641 2777 necessarius
664 2715 761 2777 edituo
783 2716 868 2775 nobis
891 2716 982 2791 desit,
1005 2734 1093 2792 qoem
1115 2717 1260 2778 delectum
1275 2717 1356 2788 Deus
1371 2722 1434 2797 ipss
1457 2738 1540 2780 crea·

193 2814 236 2862 tor
259 2806 287 2862 in
311 2804 495 2881 planetarum
518 2806 647 2864 motibus
670 2806 826 2882 expressit,
851 2812 884 2862 ut
905 2803 980 2862 libro
1005 2806 1107 2880 quinto
1129 2805 1293 2866 audiemus.

274 2892 383 2967 Porro,
414 2896 484 2969 qnia
512 2895 554 2950 sio
583 2896 670 2951 etium
702 2903 761 2950 tam
790 2889 831 2973 li8
860 2908 949 2965 quam
973 2888 1011 2974 ll,
1040 2892 1239 2968 superaddunt
1266 2894 1475 2971 sesquialterae
1498 2890 1539 2977 Ἃ

192 2996 279 3038 onum
302 2997 337 3039 ex
356 2980 420 3055 jam
443 2979 528 3039 dictis
551 2978 710 3062 elementis,
735 2978 805 3037 iliud
821 2978 938 3055 quidem
952 2980 1138 3038 semitonium
1159 2975 1241 3063 ¹⁵lffi,
1264 2980 1321 3041 iroo
1344 2999 1414 3043 vero
1438 2990 1539 3043 tonum

190 3070 330 3127 minorem
351 3062 419 3149 ³71„
443 3084 479 3126 cx
502 3068 558 3127 hoo
580 3067 764 3146 appellantur
786 3075 903 3140 sextae,
928 3064 1000 3125 illud
1023 3065 1142 3142 quidem
1164 3067 1270 3143 major,
1294 3068 1349 3129 hoe
1372 3070 1473 3129 minor.

432 3225 579 3303 Diapente
809 3223 1001 3283 Diatessaron
1255 3224 1371 3287 Diahex

194 3334 1256 3489 {iinfflffeissffl-'Esezafizfi

285 3456 324 3490 l...

190 3586 276 3667 ΞΕ
287 3623 512 3723 ΞΘ-’Ϊῦθοθ

193 3724 267 3739 .--.“

277 3826 425 3900 Vicissim,
449 3827 519 3904 quie
548 3833 609 3885 tem
631 3821 670 3906 ⁴l5
692 3841 780 3901 quam
802 3819 845 3908 ll,
868 3823 987 3883 demunt
1016 3823 1053 3882 de
1082 3823 1268 3901 sesquitertia
1298 3839 1387 3884 unum
1417 3843 1451 3886 ox
1476 3826 1539 3901 J’am

192 3915 275 3975 dictis
308 3914 476 3987 elementis,
513 3912 585 3973 iilud
618 3912 736 3990 quidem
772 3914 957 3972 semitonium
994 3906 1078 3993 mim,
1113 3910 1188 3970 hoc'
1206 3928 1275 3972 vcro
1310 3920 1411 3972 tonum
1443 3917 1539 3973 mino-

192 4020 249 4063 rem
273 3998 343 4088 ⁹l„„
368 4011 400 4061 ut
422 4010 570 4084 ostensum
600 4009 644 4059 est
668 4003 763 4078 capite
785 3998 987 4077 praecedenti,
1016 4006 1127 4058 restant
1150 4000 1238 4078 igitur
1265 4000 1301 4057 iis
1327 4000 1396 4058 bina
1426 4001 1538 4060 solum-

191 4090 277 4149 modo
301 4108 337 4149 ex
360 4090 510 4149 elementis
534 4089 696 4158 concinnis,
729 4088 770 4147 iiii
795 4086 913 4163 quidem
936 4087 1013 4158 toni,
1043 4086 1137 4162 msjm
1167 4094 1198 4146 et
1220 4088 1327 4161 minor,
1359 4087 1428 4147 huic
1449 4096 1537 4149 tonus

191 4180 283 4253 major
306 4185 335 4236 ot
349 4180 543 4236 sentitonium.
589 4175 632 4233 Er
655 4175 711 4233 hoo
735 4175 854 4251 quidam
877 4172 1033 4233 intervalia
1055 4173 1129 4233 haec
1157 4172 1308 4250 appeliant
1331 4192 1404 4235 voce
1430 4192 1535 4251 graeca

191 4264 315 4338 ditonus,
345 4266 485 4341 mojorem
514 4271 543 4322 et
569 4264 710 4322 minorem
736 4262 783 4323 vei
813 4261 1035 4332 semiditonum,
1070 4278 1191 4331 cumque
1214 4260 1271 4320 duo
1302 4260 1456 4321 intervella
1478 4273 1536 4322 tres

191 4356 337 4428 requirunt
359 4356 570 4411 terminossen
594 4365 692 4421 uoces,
717 4348 782 4410 ideo
806 4349 941 4409 dicuntur
964 4350 1079 4422 tertiae,
1108 4347 1201 4423 major
1223 4356 1252 4407 et
1274 4350 1375 4409 minor.
1422 4349 1459 4408 lit
1481 4349 1537 4410 ho·

190 4458 251 4498 nrm
275 4440 493 4500 intervallorum
519 4455 571 4516 por
599 4441 743 4497 sectiones
771 4436 896 4498 chordae
924 4436 1072 4495 naturales
1101 4438 1323 4496 constitutorum
1346 4443 1442 4496 cetera
1470 4439 1537 4514 qui-

192 4527 255 4587 dem
279 4536 345 4589 actu
369 4530 411 4587 sic
435 4526 531 4586 divisa
552 4535 639 4604 sunt,
661 4535 692 4584 at
715 4531 880 4602 supremum
903 4531 934 4583 et
954 4526 1045 4582 imum
1059 4530 1127 4584 acto
1149 4522 1276 4583 divisum
1293 4531 1338 4584 est
1359 4523 1536 4603 nondum.*)

217 5061 220 5067 .
273 5006 399 5065 Etcum
427 5005 612 5064 harmonicae
638 5000 674 5084 ³4,
697 5012 727 5063 et
749 4997 787 5084 *1ὅ
810 5004 868 5061 sint
889 5020 926 5062 ex
947 5013 1131 5080 pentagono,
1161 5001 1244 5076 cnjus
1275 5000 1354 5061 latus
1374 5001 1533 5076 ioeiiabiie,

190 5093 239 5153 sed
261 5102 292 5154 et
312 5089 351 5173 li,
373 5101 403 5154 et
424 5088 463 5174 ⁵!ss
485 5095 626 5151 misceant
647 5089 760 5166 aliquid
784 5089 819 5151 de
841 5100 947 5151 natura
968 5092 1140 5168 pentagoni,
1163 5087 1231 5147 hinc
1244 5087 1277 5146 lit
1299 5094 1332 5147 ot
1355 5089 1423 5166 biga
1453 5096 1535 5150 utra·

191 5199 244 5257 que
268 5182 307 5240 sit
330 5180 548 5257 imperfectioris
572 5180 795 5252 consonantiae,
819 5196 910 5253 ques,
934 5195 994 5255 qoo
1017 5180 1177 5246 minorent,
1200 5175 1258 5235 hoo
1272 5174 1387 5236 mollior
1401 5186 1431 5237 et
1446 5177 1535 5238 biens

190 5268 250 5328 dior
279 5271 398 5328 auribus
421 5267 541 5341 accidit;
569 5269 664 5326 minor
693 5283 763 5326 reto
786 5272 830 5325 est
851 5267 880 5323 in
904 5260 946 5349 il,
969 5272 999 5345 et
1020 5261 1072 5345 ‘'lar
1102 5265 1172 5340 quia
1201 5270 1294 5321 totum
1316 5263 1456 5325 circulum
1484 5262 1534 5326 vel

189 5355 279 5431 tigura
310 5357 473 5434 perfectiori
501 5353 537 5436 (s.
566 5354 736 5431 hexagona,
772 5353 855 5428 cujus
881 5351 960 5412 latos
988 5359 1033 5411 est
1062 5349 1178 5411 effabile
1205 5348 1400 5427 longitudine)
1427 5350 1477 5411 vel
1504 5353 1537 5413 itt

189 5453 283 5519 partes
305 5444 503 5522 proportionis
525 5444 661 5502 continue
684 5439 792 5518 duplae
812 5440 899 5521 (quae
922 5438 1051 5499 identica
1066 5433 1121 5515 est)
1144 5455 1184 5497 sc.
1208 5438 1271 5497 ino
1294 5440 1359 5497 etii
1382 5437 1535 5516 dividuntt

189 5592 393 5602 ———-———

264 5672 290 5717 ‘i
304 5670 421 5712 Gaiiiseos
435 5670 505 5711 ditoni
519 5680 575 5710 roes
590 5669 661 5708 ntitor
674 5667 701 5709 sd
716 5666 884 5718 significandum
898 5664 959 5707 aliod
973 5663 1086 5716 quippiam
1099 5672 1127 5705 ss
1142 5662 1261 5705 veterrima
1272 5663 1371 5713 munos,
1385 5661 1444 5714 qnod
1458 5660 1533 5705 differi

189 5725 290 5774 stertis,
306 5724 389 5775 nisime
404 5727 549 5765 consonante.
576 5721 633 5763 Vide
647 5732 697 5774 cop.
711 5719 742 5763 tt
