3684 7259
313 1256 374 1315 Μ
577 1304 579 1308 ,
730 1205 731 1208 ¹
841 1247 883 1301 na
900 1243 1123 1316 Propertionrbut

610 1454 776 1509 DuodecIma

338 1538 399 1593 XII.
454 1537 515 1604 ΒΕ,
535 1536 568 1604 Β,
588 1534 647 1599 ΕΒ,
666 1534 728 1598 SD,
747 1534 807 1602 SL,
827 1535 861 1603 S,
879 1534 938 1590 SD.

622 1648 780 1703 Tredecima

201 1692 204 1698 ’
323 1728 400 1783 nur.
460 1727 520 1793 sn,
540 1726 600 1793 sn,
620 1726 652 1791 s,
672 1728 734 1795 sn,
754 1728 814 1795 sn,
834 1728 868 1792 s,
889 1727 950 1792 sn,

398 1812 441 1860 est
458 1804 552 1859 eadem
570 1821 630 1862 eum
649 1807 786 1874 sequanus
805 1806 891 1860 iorma
907 1803 997 1873 priori.
1035 1808 1038 1813 “

381 1994 413 2051 in
431 2005 526 2053 octava
541 1999 741 2068 faemitouinm
762 1996 846 2051 habat
863 1995 971 2051 unicum
1067 2010 1090 2015 -
1451 2004 1517 2016 ἡ

236 2119 242 2131 ,
310 2078 390 2133 situm
407 2075 467 2130 loco
486 2077 575 2141 tertio,
594 2092 677 2144 quare
695 2091 749 2131 una
765 2075 856 2130 existit
868 2073 980 2142 species,
1013 2026 1517 2179 -ζῂξῦῖἓὴ-ἱῑ

1527 2011 1591 2018 ...—

1504 2152 1648 2160 -—-——-—-

311 2170 348 2210 sc.
369 2154 462 2209 eadem
480 2154 626 2209 tredecima
642 2154 765 2208 biformis
783 2152 842 2219 ΕΒ,
866 2153 927 2221 ΕΒ,
952 2151 981 2220 Β,
1024 2149 1134 2201 ’Ὃ

311 2230 374 2301 DS,
392 2232 451 2296 ΕΒ,
470 2233 504 2301 Β,
522 2232 575 2288 DS
591 2235 632 2288 acl
649 2230 711 2299 SD,
730 2231 758 2287 S.

397 2336 520 2407 Denique
544 2338 572 2392 in
596 2344 692 2391 octava
713 2337 742 2404 fc
767 2336 819 2390 (luo
843 2342 907 2390 sunt
933 2333 994 2389 loca
1013 2336 1089 2389 semi-
1175 2346 1575 2393 31:132:-

398 2418 485 2483 tonio,
506 2417 548 2471 vel
567 2417 594 2470 in
611 2413 760 2484 penultima
778 2416 854 2482 sede,
878 2416 919 2469 vel
939 2416 967 2468 in
985 2415 1089 2473 ultima.
1134 2343 1651 2505 ffiffl*fflli0}{

332 2494 402 2550 xvv.
422 2495 525 2564 orons
542 2496 624 2564 rgour
642 2495 681 2549 sa
695 2494 816 2549 orarias:
836 2496 891 2564 sn,
911 2496 940 2563 a,
959 2495 1017 2563 sn,
1036 2495 1091 2564 sn,
1208 2465 1330 2549 περ
1371 2493 1576 2501 “m

399 2573 437 2643 Β,
456 2574 519 2642 SD,
539 2574 599 2639 ΒΕ,
618 2574 723 2645 species
741 2575 793 2628 erit
809 2574 906 2642 prima,
930 2581 961 2629 ut
978 2585 1091 2643 apparet
1230 2635 1401 2643 μ-

402 2671 435 2709 ex
454 2654 613 2722 collatione,
633 2652 674 2707 sin
692 2653 782 2717 aliter,
797 2654 848 2708 erit
866 2653 1089 2721 quartadecima:
1134 2635 1632 2783 ΡῘ-ῖῑῑῙ--ΞΞ

401 2736 435 2805 s,
455 2735 515 2801 aa,
535 2734 598 2800 sn,
619 2733 679 2800 sn,
699 2733 731 2800 a,
750 2733 813 2801 so,
831 2732 886 2788 sn.
1208 2769 1278 2836 ,U

396 2876 518 2944 Apparet
535 2873 617 2941 igitur
635 2888 724 2939 causa,
743 2888 791 2926 cur
807 2871 836 2925 in
854 2870 947 2925 ordine
965 2869 1006 2939 ΙΙ,
1025 2873 1075 2937 lV,
1094 2872 1131 2938 V,
1152 2872 1210 2942 Vll,
1229 2873 1274 2941 Ill,
1299 2888 1336 2927 sc.
1354 2872 1381 2926 in
1400 2874 1502 2928 octavis
1521 2876 1570 2943 (ἕρ,
1591 2878 1615 2943 b,
1634 2879 1656 2945 b,

310 2973 350 3024 ap,
369 2955 413 3023 dp,
431 2951 505 3007 nulla
523 2950 667 3022 peculiaris
686 2952 789 3020 species
806 2950 925 3019 incipiat.
962 2952 1084 3021 Apparet
1102 2951 1236 3020 secundo,
1261 2951 1362 3006 nullam
1380 2967 1460 3021 posse
1487 2952 1546 3006 lieri
1564 2954 1657 3023 genui-

310 3048 373 3087 nam
390 3030 635 3099 transpositionem,
654 3036 685 3083 ut
702 3036 810 3083 maneat
828 3026 921 3083 eadem
940 3030 1044 3098 specics
1063 3037 1181 3099 octavae,
1199 3032 1251 3086 nisi
1268 3031 1331 3095 has,
1351 3032 1372 3091 l)
1390 3033 1424 3087 ab
1441 3034 1470 3099 tp
1489 3034 1515 3086 iu
1532 3051 1564 3104 p,
1583 3035 1618 3100 Π)
1638 3050 1654 3087 a

310 3131 344 3184 pp
363 3112 391 3166 in
409 3129 440 3180 α,
459 3111 507 3165 sed
525 3109 627 3163 formae
645 3108 770 3176 rejectae,
789 3107 839 3176 Ill)
858 3107 891 3162 ab
910 3108 973 3162 aiu
992 3110 1016 3176 b,
1031 3108 1081 3176 IV)
1100 3110 1234 3177 atino,
1256 3110 1418 3176 l'lacoiu
1437 3111 1463 3179 ol,
1490 3112 1655 3180 Vllaolin

310 3191 357 3261 dp,
379 3188 483 3243 lormae
499 3186 630 3255 rejectae,
648 3186 710 3253 VII)
728 3188 762 3241 ab
781 3204 794 3241 e
812 3186 876 3256 inf.

397 3281 437 3339 At
464 3284 489 3339 si
518 3278 607 3356 vulgo
634 3282 810 3337 musicorum
841 3280 1042 3354 organicorum
1070 3278 1320 3355 obtemperemus,
1355 3283 1401 3356 qui
1425 3298 1538 3340 comma
1559 3282 1656 3356 negli-

314 3376 403 3445 gunt,
426 3385 480 3427 net
503 3369 577 3427 inter
599 3377 684 3425 tonos
707 3366 847 3441 majorem
869 3369 1067 3441 minoremque
1090 3364 1270 3439 discernunt,
1299 3376 1368 3427 tunc
1391 3385 1492 3427 omues
1514 3377 1657 3446 quatuor-

313 3442 405 3516 decim
434 3462 550 3514 nostrae
578 3457 691 3530 species
724 3462 892 3512 octavarum
925 3457 1101 3513 constituant
1132 3471 1190 3511 nou
1224 3454 1321 3530 plures
1354 3473 1439 3532 quam
1469 3466 1526 3516 tres
1552 3455 1655 3515 modos

310 3560 363 3621 pro
386 3541 492 3619 triplici
514 3545 573 3601 situ
594 3542 739 3600 semitonii
762 3542 810 3614 (ut
833 3541 950 3615 quidem
973 3549 1001 3599 et
1025 3540 1175 3600 Galilaeae
1199 3549 1311 3617 tempus
1332 3543 1420 3601 luisse
1436 3544 1485 3615 ait,
1510 3561 1574 3602 cnm
1597 3561 1655 3619 uon

310 3629 408 3709 plnres
430 3631 523 3704 tribus
545 3629 717 3688 haberentur
739 3630 817 3686 toni:
840 3628 956 3701 Dorias,
980 3626 1142 3705 Phrygius,
1167 3628 1309 3705 Lydius),
1333 3628 1562 3705 multiplicantur
1587 3648 1655 3690 vero

314 3720 343 3777 ln
366 3718 463 3796 plures
494 3735 544 3793 per
566 3716 658 3775 solam
682 3715 872 3774 altitudinem.
917 3716 991 3774 Nam
1015 3715 1093 3791 quod
1122 3719 1235 3774 tertiam
1259 3733 1376 3775 causam
1398 3720 1514 3790 attinet,
1546 3722 1655 3776 artica-

315 3805 453 3865 latlonem
476 3803 603 3864 eceleton
627 3813 765 3875 octavae,
794 3804 937 3862 canobio
968 3802 1113 3861 cumillis
1145 3802 1240 3862 adbuc
1271 3807 1429 3864 communis
1452 3813 1511 3879 cst;
1538 3812 1655 3881 propter

314 3909 403 3971 quam
425 3894 513 3952 etiam
536 3890 621 3951 nobis
642 3891 739 3968 plures
763 3907 851 3966 quam
877 3892 916 3948 14
939 3892 1051 3966 species
1075 3899 1236 3949 nascentur.
1310 3919 1320 3936 κ

571 4100 574 4105 ,
657 4031 733 4089 Ecce
755 4037 813 4090 tres
836 4026 952 4088 ordines
975 4029 1111 4106 vulgares
1134 4038 1311 4089 octavarum.

401 4156 435 4234 l)
457 4152 497 4214 Ut
519 4154 704 4212 semitonium
732 4156 770 4212 sit
797 4150 863 4211 loco
893 4154 968 4225 imo,
998 4169 1084 4227 quem
1114 4159 1185 4228 puto
1214 4153 1400 4212 aratoribus
1429 4149 1536 4226 dictum
1558 4153 1656 4231 Pbry-

311 4245 407 4322 gium,
430 4241 630 4318 aequipollent
652 4240 709 4298 illis
732 4258 768 4300 ar
790 4243 895 4299 uostris
918 4239 1068 4315 speciebus
1091 4239 1155 4298 bae.

308 4398 310 4404 '
338 4380 386 4433 m.
404 4380 436 4433 Ill
448 4386 544 4433 octava
561 4379 596 4432 A.
637 4380 641 4480 ν
679 4376 708 4444 S,
726 4377 785 4444 DS,
804 4376 859 4443 DS,
879 4374 937 4443 SD,
956 4376 985 4443 S,
1004 4377 1060 4444 LS,
1079 4377 1134 4432 118-
1191 4411 1408 4481 Aequipouentia
1421 4410 1510 4478 quoad
1522 4410 1604 4464 imum
1617 4416 1656 4463 te·

312 4449 384 4504 VIII.
405 4451 436 4503 ln
449 4455 545 4503 octava
562 4466 601 4515 cp.
680 4448 708 4515 S,
729 4447 787 4516 SD,
808 4447 863 4513 ΒΕ,
882 4446 938 4514 ΒΕ,
957 4447 986 4515 Β,
1005 4448 1063 4514 SD,
1082 4446 1137 4502 SL.
1259 4482 1431 4537 mehordum
1451 4490 1493 4535 eut
1511 4496 1574 4536 vm

406 4519 437 4572 ln
451 4524 544 4572 octava
562 4519 589 4573 ἀ.
680 4516 701 4572 Β
727 4517 786 4585 DS,
806 4516 862 4583 ΕΒ,
881 4516 938 4583 ΕΒ,
958 4516 986 4584 S,
1004 4517 1063 4585 DS,
1083 4517 1137 4572 ΕΒ.
1576 4522 1582 4534 ’

335 4590 383 4645 xl·
403 4593 436 4663 ¹¹¹·
448 4596 544 4643 mm
561 4605 582 4643 θ’
680 4560 709 4655 ‘Sl'
727 4588 784 4655 Μ’
802 4587 858 4653 LS'
878 4586 935 4653 δυ’
956 4586 984 4653 S’
1004 4587 1059 4655 ω’
1079 4586 1136 4642 ‘SD'
1193 4622 1339 4677 Mediocris
1358 4637 1389 4675 ae
1410 4621 1437 4674 ui
1458 4618 1569 4673 ollentia

313 4661 383 4716 arv.
404 4660 543 4715 naam
558 4659 597 4726 a,
680 4656 709 4725 a,
728 4657 784 4724 ns,
802 4656 860 4725 sn,
880 4656 935 4723 sn,
954 4656 983 4723 a,
1002 4656 1060 4725 sn,
1080 4657 1148 4711 sn„
1233 4670 1235 4672 ·
1391 4638 1410 4689 ‘1
1438 4637 1456 4689 Ρ
1572 4660 1578 4670 ·

402 4803 432 4884 2)
455 4802 495 4864 Ut
517 4805 701 4864 semitonium
724 4807 762 4859 sit
784 4800 849 4860 loco
864 4803 989 4877 penimo,
1014 4802 1091 4875 quod
1108 4802 1220 4861 videtur
1241 4804 1270 4859 in
1286 4802 1385 4873 Dorio,
1410 4799 1555 4860 veteribus
1571 4799 1658 4869 dicto,

314 4893 422 4955 lactum
445 4910 527 4966 esse,
550 4889 748 4969 aequipollent
771 4889 860 4965 vulgo
885 4907 920 4948 ex
943 4890 1095 4964 speciebus
1117 4892 1222 4948 nostris
1245 4889 1317 4948 bae:

365 5032 385 5085 1.
404 5033 435 5085 ln
448 5039 544 5084 octava
563 5030 594 5085 G.
645 5028 702 5095 ΕΒ,
721 5026 751 5094 Β,
769 5027 828 5094 DS,
846 5026 903 5092 ΕΒ,
931 5026 960 5092 S,
987 5024 1046 5091 DS,
1064 5023 1120 5091 DS,
1139 5026 1180 5079 acl
1189 5024 1247 5091 SD,
1274 5025 1303 5094 S,
1323 5026 1379 5082 SL.
1415 5024 1634 5095 aequipollentia

406 5102 545 5155 Inoctava
561 5102 599 5169 sp.
647 5095 702 5166 ΒΕ,
721 5096 750 5164 S,
770 5097 828 5164 SD,
847 5096 903 5163 ΒΕ,
931 5096 960 5163 S,
989 5094 1046 5162 SD,
1066 5093 1120 5148 SL.
1398 5096 1491 5165 quoad,
1510 5096 1592 5151 imum
1615 5113 1656 5167 sy·

339 5173 385 5228 Vl.
404 5174 436 5226 ln
449 5178 544 5226 octava
562 5188 584 5225 c.
646 5168 702 5236 ΕΒ,
722 5168 751 5234 S,
770 5166 828 5234 DS,
848 5166 903 5229 ΕΒ,
916 5166 972 5233 ΕΒ,
1004 5165 1033 5232 S,
1063 5162 1122 5218 DS.
1410 5175 1496 5221 stema
1514 5166 1641 5236 diapenta

406 5244 544 5304 lnoctava
561 5242 585 5306 b.
647 5238 702 5305 ΒΕ,
721 5237 750 5305 Β,
769 5237 827 5304 SD,
847 5235 902 5303 ΒΕ,
916 5236 971 5305 ΒΕ,
1001 5236 1031 5302 S,
1058 5233 1116 5300 SD,
1135 5236 1175 5289 acl
1198 5236 1227 5303 S,
1255 5236 1310 5304 ΕΒ,
1317 5236 1379 5297 SD.
1461 5245 1503 5290 est
1520 5252 1592 5290 vera.

328 5347 389 5403 nn.
409 5348 441 5401 rn
454 5352 550 5401 octava
567 5363 588 5400 a.
647 5343 703 5411 sn,
723 5342 751 5411 a,
771 5341 825 5409 ns,
845 5340 902 5408 sn,
921 5341 977 5406 sn,
1005 5341 1033 5407 s,
1066 5341 1123 5407 sn,
1142 5340 1183 5395 aa
1200 5340 1229 5407 s,
1249 5340 1303 5414 ns,
1322 5341 1378 5396 so.
1398 5306 1658 5432 ffissigifflfnss

342 5488 388 5541 IV.
407 5489 438 5542 In
453 5493 548 5543 octava
566 5487 601 5540 A,
647 5483 827 5551 Sl),s‚1„3‚
847 5482 947 5549 sps
1068 5481 1303 5549 1¹3¹„33'ffl
1323 5483 1378 5538 ΒΕ.
1420 5447 1637 5517 Aequipollentia

343 5557 389 5612 nr.
407 5556 439 5613 Iu
451 5564 547 5613 octava
566 5556 591 5611 a.
648 5555 706 5621 sn,
724 5552 754 5621 s,
773 5552 829 5620 ns,
848 5551 903 5620 ns,
924 5484 981 5620 81¹3,
1008 5483 1037 5620 Β,
1067 5551 1123 5618 DS
1143 5555 1183 5608 aa
1200 5552 1229 5618 S,
1246 5550 1305 5619 DS>
1323 5552 1380 5608 DS·
1398 5518 1657 5657 ramw-
