3684 7259
794 1242 1000 1306 cerimonia
1529 1252 1570 1314 ol

214 1425 367 1504 potuisse,
398 1433 435 1486 ut
462 1441 518 1486 nec
546 1424 712 1503 Porphyrii.
755 1423 831 1488 Ecce
854 1424 900 1486 Tu
921 1425 987 1504 ipse
1014 1422 1087 1484 mibi
1115 1422 1222 1485 librum
1251 1431 1318 1486 aute
1346 1425 1456 1507 multos
1477 1443 1572 1490 annos

214 1514 424 1590 transmisisti,
455 1521 524 1574 suut
553 1520 653 1575 antem
681 1512 864 1575 Arhtoxerds
892 1512 1137 1575 Harmonicurum
1168 1512 1379 1574 elementorum
1407 1514 1474 1576 libri
1503 1522 1571 1592 tres,

215 1600 383 1662 Ptolemaei
404 1600 649 1663 Harmonicornm
669 1599 736 1662 libri
752 1602 781 1676 u,
805 1602 973 1662 Aristotelis
995 1601 1031 1663 de
1053 1599 1232 1661 audibilibus
1255 1608 1284 1663 et
1305 1601 1506 1681 Porphyrii
1529 1603 1571 1666 de
1660 1622 1665 1638 ·

218 1689 343 1750 decem
365 1689 703 1766 Praedicameutls,
726 1689 856 1750 Antonio
880 1688 1036 1768 Gogavino
1052 1688 1206 1750 Graviensi
1228 1691 1394 1767 interprete.
1432 1690 1585 1754 DePor-
1602 1695 1616 1722 ⁶
1649 1735 1652 1740 -

216 1777 325 1856 phyriu
348 1793 407 1838 nou
430 1780 548 1840 merniui
570 1777 780 1854 Hermcuicum
803 1778 873 1855 quid
896 1787 1020 1840 emtarc.
1058 1777 1133 1838 Sunt
1154 1786 1183 1839 ct
1204 1776 1333 1838 Euclidis
1356 1785 1386 1839 et
1406 1777 1515 1840 Ptol
1541 1773 1613 1861 usi-(3
1626 1808 1630 1827 0
1664 1796 1667 1801 ’

217 1864 399 1927 Harmonice
427 1869 625 1945 manuscripta
652 1865 764 1945 Graece
792 1869 822 1924 iu
851 1867 1030 1927 bibliotheca
1058 1864 1185 1926 (iouradi
1212 1864 1391 1944 Dasypodii,
1419 1876 1488 1928 ante
1544 1924 1628 1949 ,

217 1971 313 2015 annos
334 1957 450 2030 mortui,
481 1956 667 2032 ieruuturqm
690 1952 810 2015 uenales
831 1955 901 2026 iisse
923 1955 1001 2016 illius
1022 1955 1088 2016 libri
1110 1955 1140 2012 in
1162 1954 1256 2014 iorum
1278 1955 1459 2015 scutarium.
1491 1955 1532 2016 n·
1636 1998 1653 2029 „
1672 2016 1680 2025 ,,

217 2043 371 2120 negotium
393 2045 495 2104 amicis
517 2043 709 2121 Argentinam
728 2043 875 2119 proiectis,
898 2051 932 2102 ut
954 2041 990 2104 de
1011 2045 1049 2103 iis
1070 2058 1117 2102 mc
1142 2045 1291 2122 certiorem
1312 2042 1444 2119 reddant,
1467 2061 1569 2104 verum
1610 2066 1613 2071 ’

217 2133 352 2209 responsi
380 2130 453 2190 uihil
480 2132 601 2209 accipio.
646 2131 790 2208 Equidem
817 2133 880 2193 siue
910 2129 1024 2191 Graeco
1052 2129 1210 2208 exemplari
1241 2130 1362 2208 despero
1385 2130 1569 2194 Arutoxeuis

216 2228 249 2278 et
276 2218 440 2280 Ptolemaei
474 2227 600 2280 mentem
634 2235 671 2280 ex
707 2217 855 2296 Gogariui
889 2217 1153 2297 interpretamento
1186 2222 1335 2297 percipere
1371 2219 1569 2297 undiquaque.

216 2306 250 2367 Si
273 2305 315 2366 ll.
339 2305 374 2366 T.
396 2308 467 2367 mihi
489 2309 669 2386 prospexerit
691 2305 728 2368 de
750 2307 871 2369 Graecis
893 2310 980 2367 trium
1002 2308 1144 2368 dictorum
1165 2313 1316 2367 auctorum
1344 2307 1568 2387 exemplaribus,

216 2397 390 2472 praesertim
411 2395 589 2472 Ptolemaei,
622 2396 673 2472 qui
701 2394 796 2456 editus
824 2412 888 2457 esse
914 2396 1083 2473 perhibetur
1110 2396 1141 2454 in
1167 2393 1269 2471 Italia,
1297 2401 1370 2473 putu
1392 2391 1495 2458 Urbini
1516 2401 1570 2458 aut

216 2481 393 2544 vincentiae
425 2492 478 2544 ant
504 2483 686 2560 Florentiae,
723 2491 752 2544 ct
785 2484 868 2561 cnjus
903 2483 1077 2562 Gogevinns
1107 2481 1222 2560 aliquot
1256 2481 1433 2562 exemplaris
1465 2483 1571 2546 habuit

216 2588 255 2631 ex
289 2571 467 2633 bibliotheca
496 2572 657 2634 Vaticana:
690 2570 846 2655 polliceor,
877 2571 943 2634 Deo
973 2573 1171 2651 permittente,
1207 2574 1414 2634 commentaria
1442 2573 1473 2632 in
1501 2589 1569 2636 cum

214 2662 380 2741 ΜΡΝ
1601 2721 1605 2736 .

321 2746 506 2825 scripserunt
536 2747 572 2809 de
601 2746 788 2808 Harmonicis
815 2747 959 2810 Boethius
988 2756 1018 2809 et
1046 2746 1216 2809 Jomandus
1239 2764 1342 2824 ,exque
1369 2747 1407 2809 ils
1434 2745 1568 2810 Jacohm

214 2835 315 2895 Faber
336 2835 534 2913 stapulensis,
565 2852 652 2913 quem
679 2834 784 2896 habeo.
841 2836 911 2896 Vidi
934 2842 964 2897 ct
984 2839 1140 2911 musicam,
1170 2843 1202 2895 ut
1222 2842 1311 2914 puto,
1341 2833 1424 2897 Sethi
1446 2831 1574 2897 cuncti

214 2926 345 2984 cantoris
366 2923 537 3002 Lipsiensis,
561 2926 612 3001 qui
636 2930 766 2984 ictuum
787 2927 930 2985 rationem
952 2928 1054 3004 tangit.
1098 2924 1205 2985 Habeo
1228 2931 1258 2985 et
1280 2924 1392 2983 Anusii
1413 2923 1482 2985 Itali
1505 2923 1568 2985 dis·

214 3027 320 3073 cursus
342 3010 462 3074 italicos
478 3013 513 3072 de
528 3012 744 3090 imperfectione
766 3012 925 3075 hodiernae
947 3017 1090 3074 medeae:
1111 3011 1164 3074 sed
1185 3010 1257 3071 nihil
1281 3010 1350 3071 dum
1371 3009 1441 3090 legi
1484 3009 1566 3072 Har·

213 3102 335 3161 monica
364 3119 430 3162 mea
460 3117 519 3178 quu
550 3099 616 3161 ioco
648 3102 720 3176 siut,
753 3103 856 3178 scripsi
884 3110 953 3163 aute
981 3100 1095 3178 aliquot
1116 3117 1218 3161 annos.
1264 3098 1421 3177 Cuperem,
1452 3102 1479 3160 si
1499 3100 1566 3162 Deo

213 3190 314 3248 visum
336 3189 436 3263 luerit,
468 3192 549 3267 prius
577 3187 732 3250 absolvere
754 3193 958 3251 astronomica.
1002 3188 1152 3264 Mirabile,
1186 3183 1317 3265 disposui
1338 3190 1434 3266 ipsos,
1467 3191 1567 3266 prius·

214 3293 306 3356 quapr
328 3279 390 3336 ridi
411 3276 706 3350 Ptolemaeum,'lere
728 3276 767 3337 ad
789 3278 914 3340 eundem
936 3276 1071 3353 modurn,
1095 3293 1153 3353 quo
1175 3274 1363 3336 Ptolemaeus
1386 3293 1451 3338 sus.
1495 3276 1566 3338 Pam

212 3363 306 3424 libros
340 3367 484 3444 quinque,
522 3368 648 3442 primurn
684 3363 720 3426 de
752 3364 852 3443 figuris
882 3367 1079 3445 geometricis,
1113 3363 1190 3425 unde
1220 3364 1407 3425 harmonicae
1437 3366 1565 3425 rationes

213 3453 357 3528 oriuntur,
380 3452 540 3513 secundnm
563 3452 600 3514 de
621 3453 784 3514 rationibus
805 3472 858 3515 seu
878 3457 1007 3516 numeris
1021 3454 1207 3528 harmonicis,
1230 3455 1347 3515 uiuum
1362 3451 1398 3513 ds
1413 3452 1566 3514 hunonis

212 3541 243 3600 in
274 3541 413 3616 vocibus,
446 3548 581 3617 quartum
614 3541 650 3601 de
677 3541 830 3604 harmonia
857 3545 887 3602 in
915 3544 1097 3621 aspectibus,
1132 3543 1265 3618 quintum
1295 3540 1332 3600 ds
1360 3539 1513 3601 barurouia
1534 3542 1565 3599 in

211 3629 345 3690 motibus
374 3627 560 3690 coelestibus.
605 3629 681 3692 Ecce
710 3647 787 3690 nunc
813 3630 1025 3692 Ptolemaeum.
1069 3630 1199 3690 Primum
1221 3632 1247 3689 is
1269 3630 1419 3690 constituit
1441 3644 1565 3690 concor·

213 3716 347 3794 dmum,
376 3716 480 3778 deiude
502 3734 610 3795 genera
630 3716 688 3801 (res
709 3718 798 3779 hodle
820 3736 895 3797 pens
918 3723 1035 3797 ignota,
1059 3726 1088 3781 et
1110 3713 1141 3777 ni
1161 3716 1246 3778 fallor
1267 3725 1389 3779 naturae
1410 3734 1469 3777 uou
1491 3733 1564 3779 cuu-
1693 3739 1699 3754 ’

211 3821 301 3882 sona,
333 3813 366 3865 nt
387 3807 443 3866 tria
464 3807 524 3865 sint
548 3823 669 3883 genera:
700 3806 891 3883 diatonicum,
922 3808 1130 3868 chromaticum
1152 3812 1182 3866 et
1204 3802 1450 3887 enharmonium),
1478 3806 1564 3867 tertio

211 3902 309 3955 tonos.
354 3892 427 3954 Inde
450 3901 600 3971 comparat
621 3894 790 3955 harmonica
812 3912 876 3956 curu
900 3896 1092 3971 coelestibus,
1114 3892 1245 3954 ordinem
1266 3909 1372 3954 vocum
1393 3911 1459 3954 cum
1481 3900 1564 3956 mutu

211 3981 365 4042 stellarum
392 3983 423 4041 in
452 3980 587 4059 longum,
617 4000 726 4060 genera
754 4000 819 4043 cum
849 3992 930 4044 motu
959 4001 1060 4046 aarum
1087 3983 1249 4044 scceutrico
1271 3982 1302 4040 iu
1325 3981 1417 4042 altum
1440 3990 1470 4044 et
1491 3998 1562 4061 pro·

210 4067 349 4146 imrdum,
381 4079 468 4132 tuuos
497 4087 563 4130 cum
591 4080 673 4131 motu
703 4088 802 4132 earum
833 4073 864 4131 iu
889 4071 997 4148 latum,
1029 4070 1214 4132 tetrachorda
1240 4086 1306 4130 cnm
1333 4070 1502 4149 aspectibus
1523 4068 1563 4132 nd

211 4156 328 4219 Solem:
345 4165 385 4220 ut
406 4175 462 4236 ego
484 4158 705 4219 concordantias
728 4176 794 4219 cum
816 4161 985 4237 aspectibus
1006 4159 1191 4238 planetarum
1212 4159 1331 4219 mutuis.

301 4245 431 4324 ·Aceipe
464 4246 512 4307 hic
545 4239 748 4324 compendium
781 4247 1015 4309 harmonicorum
1046 4264 1190 4323 meorum,
1233 4254 1377 4325 quatenus
1409 4244 1562 4306 harmonia

211 4332 412 4398 consideratur
445 4336 476 4394 in
509 4334 639 4396 vocibus.
695 4333 827 4411 Quatuur
857 4345 926 4398 suut
956 4343 1063 4415 partes.
1116 4335 1217 4396 Prima
1248 4334 1378 4396 ostendit
1411 4334 1560 4410 originem,

110 4445 114 4450 ·
210 4437 332 4497 cunam,
363 4422 558 4498 quantitatem
588 4431 618 4484 ct
645 4440 796 4484 numerum
826 4424 1049 4486 harmoniarum.
1093 4422 1230 4484 Secunda
1258 4425 1413 4500 originem,
1445 4431 1559 4497 musae,

210 4512 404 4586 quantitatem
427 4517 458 4572 et
477 4527 630 4572 numerum
651 4511 869 4572 intervallorum
892 4515 1035 4587 omnium,
1069 4515 1158 4573 ctiam
1187 4528 1245 4572 nou
1274 4510 1508 4572 harmonicorum
1530 4510 1559 4567 iu

210 4607 298 4658 cantu
328 4599 471 4674 naturali,
507 4608 539 4659 ut
569 4602 645 4676 toni,
679 4602 826 4660 semitonii
856 4608 911 4662 etc.
975 4600 1075 4661 Tertia
1105 4599 1196 4661 habet
1229 4599 1426 4662 definitionem
1457 4604 1559 4658 mutus

209 4684 351 4746 naturahs
383 4686 506 4764 ejusque
540 4690 637 4749 varios
666 4688 770 4747 modos
802 4705 856 4748 seu
887 4689 1078 4763 differentias,
1123 4706 1197 4765 quos
1223 4688 1312 4749 hodie
1344 4689 1362 4747 8
1395 4692 1480 4745 tonos
1512 4683 1559 4743 di-

117 4839 121 4848 ,
208 4777 312 4834 umus.
351 4771 463 4849 Quarta
485 4776 613 4837 ostendit
634 4793 739 4837 causas
761 4775 860 4853 legum
889 4780 918 4835 in
941 4777 1152 4854 compositione
1175 4795 1346 4857 conqueror
1366 4790 1420 4838 seu
1442 4779 1559 4834 coutra-

207 4869 392 5010 puncton
426 4863 528 4925 ,Haec
548 4881 616 4941 pars
634 4864 698 4941 jam
721 4866 823 4942 incipit
844 4881 908 4926 esse
930 4867 1073 4943 practica,
1104 4867 1204 4941 itaqua
1226 4884 1245 4924 s
1267 4881 1313 4924 me
1334 4861 1461 4939 perfecte
1484 4860 1559 4921 tradi

207 4966 267 5010 non
288 4967 329 5028 po
343 4958 396 5010 est
462 4959 477 4976 ²
960 4959 963 4966 '

318 5037 409 5098 Pars
438 5041 563 5116 prima
608 5040 682 5100 Cum
703 5056 795 5122 suuus
816 5042 856 5100 sit
878 5058 897 5101 a
918 5047 1015 5117 motu,
1047 5046 1143 5101 motus
1172 5056 1242 5101 vero
1276 5040 1335 5097 sint
1360 5053 1414 5113 per
1442 5036 1557 5114 lineam,

208 5124 343 5186 duorum¹
356 5143 426 5204 ergo
448 5143 586 5189 sonorum
608 5123 810 5208 dpporconus
831 5145 883 5189 seu
907 5125 1138 5207 congruentium,
1170 5145 1222 5187 scu
1245 5125 1481 5200 consonantium,
1505 5141 1558 5185 seu

207 5207 456 5294 coubdpdautium,
478 5214 571 5277 lineas
593 5233 612 5276 a
633 5218 718 5277 uobis
741 5215 1068 5295 considerarioportct,
1091 5224 1125 5275 ut
1144 5230 1251 5276 causes
1274 5213 1443 5274 harmoniae
1465 5215 1557 5273 iuter-

206 5300 331 5364 madise·
351 5304 426 5364 inter
454 5303 538 5364 binos
567 5321 656 5365 sonus
684 5306 876 5366 inveniamus.
922 5304 1016 5366 Linea
1044 5311 1143 5363 autem
1172 5310 1224 5362 aut
1254 5300 1401 5361 circularis
1430 5307 1474 5362 est
1505 5307 1558 5362 aut

206 5398 297 5451 recta
342 5388 436 5452 Recte
463 5401 562 5469 partes
588 5392 678 5454 habet
696 5393 847 5470 infinitas,
880 5410 1003 5470 quarum
1030 5388 1164 5468 aptitudo
1194 5387 1233 5451 ad
1254 5406 1287 5450 se
1308 5396 1410 5449 mutuo
1432 5387 1571 5467 intelllgi·

206 5479 326 5555 nequit,
357 5481 414 5558 nial
435 5478 526 5558 plana
547 5487 578 5542 et
603 5481 694 5542 cubos
722 5480 760 5543 sd
783 5497 833 5542 sas
862 5481 1074 5553 adsciscamus,
1109 5494 1184 5555 quae
1207 5483 1275 5537 suut
1296 5494 1316 5537 a
1336 5485 1420 5538 mutu
1442 5475 1556 5537 alienae

206 5569 397 5643 ventilatas.
436 5566 591 5632 circularis
606 5575 651 5630 ost
664 5586 724 5630 uua
738 5570 886 5646 habetque
900 5575 999 5648 partes
1015 5559 1179 5643 apartibus
1200 5562 1357 5645 plurimum
1380 5564 1556 5628 differentes.

204 5651 287 5716 ilihil
308 5661 410 5724 antem
429 5655 551 5720 interest
571 5658 647 5719 iuter
667 5657 879 5739 longitudinem
900 5639 1069 5719 circularem
1098 5662 1129 5715 et
1155 5663 1279 5732 metam,
1309 5652 1390 5731 quod
1418 5654 1556 5714 tinnitum

205 5757 263 5846 ten
287 5755 394 5852 scm
417 5746 540 5858 'attineo
570 5745 726 5810 dummodo
756 5745 895 5827 aequales
924 5745 986 5807 sint
1017 5750 1049 5807 st
1079 5744 1222 5823 utinqua-
1247 5749 1351 5807 tenses
1382 5740 1554 5856 aequaliter.
