3684 7259
485 1229 615 1289 276
1268 1206 1352 1260 De
1390 1199 1633 1257 Motibus
1667 1195 2018 1272 Planetarum
2051 1189 2409 1246 Harmonicis.

1024 1391 1134 1441 rig.
1165 1389 1230 1431 45.
1853 1370 2014 1441 simi,
2075 1371 2133 1427 in
2195 1370 2466 1447 opposita
2522 1368 2781 1443 proxime
2833 1364 3032 1425 Solem
3088 1380 3201 1422 ve-

1854 1459 2037 1515 niant.
2124 1455 2193 1513 In
2223 1455 2455 1531 adjecto
2485 1447 2780 1513 schemate
2809 1470 2916 1530 pro
2947 1449 3203 1527 singulis

1856 1543 2108 1621 planetis
2153 1542 2291 1602 sacti
2337 1552 2475 1601 sunt
2503 1541 2702 1601 circuli
2732 1544 2900 1613 terni,
2949 1555 3203 1616 quorum

1860 1631 2054 1690 nullus
2098 1630 2317 1689 indicat
2363 1632 2518 1688 viam
2550 1633 2737 1707 ipsam
2779 1628 3056 1708 planetae
3103 1641 3206 1685 ee·-

1861 1721 2199 1791 centricam,
2262 1717 2366 1777 sed
2422 1716 2650 1777 medius
2700 1716 2966 1793 quidem,
3034 1721 3102 1771 ut
3144 1714 3208 1768 in

1202 1833 1466 1897 ..dnh-&22³
1859 1806 2052 1864 Marte
2097 1806 2226 1876 BE,
2279 1811 2368 1864 est
2412 1804 2680 1880 aequalis
2726 1805 2953 1862 orbitae
2995 1816 3210 1860 eccen-

1133 1897 1758 1967 Γὴῌῌ--Ἣ-ἾἎ
1861 1896 2061 1965 tricae,
2098 1891 2294 1969 quoad
2322 1890 2643 1968 longiorem
2676 1892 2804 1967 ejus
2825 1892 3210 1962 diametrum3

1774 1975 1778 2026 ι’
1864 1981 2055 2040 orbita
2119 1996 2256 2039 vero
2311 1982 2468 2057 ipsa,
2532 1989 2597 2038 ut
2642 1980 2789 2051 AD,
2852 1979 3045 2053 tangit
3101 1974 3211 2033 AF

697 2105 708 2148 ¹.
857 2101 885 2109 ··
1398 2094 1401 2097 ·
1774 2062 1776 2065 ’
1863 2068 2223 2144 superiorem
2269 2084 2341 2126 ex
2384 2069 2570 2126 tribus
2623 2067 2699 2126 ab
2747 2082 2864 2125 una
2906 2064 3092 2142 plaga
3138 2063 3212 2135 A,

506 2194 508 2196 ·
553 2145 697 2177 Η
1142 2117 1194 2288 st
1576 2150 1577 2153 '
1865 2155 2193 2214 inferiorem
2239 2153 2344 2213 CD
2394 2172 2463 2213 ex
2514 2156 2788 2231 opposita
2833 2152 2910 2211 D.
3002 2151 3216 2210 Circu-
3316 2190 3323 2202 ,

713 2157 860 2353 L
913 2313 1050 2325 ,ΠΡ
1075 2309 1089 2313 ⁸
1210 2237 1506 2305 Iis-&31:23³
1865 2242 1958 2300 lus
1987 2240 2119 2314 GH,
2166 2243 2397 2318 punctis
2431 2243 2811 2301 abumbratus
2854 2246 2911 2298 et
2939 2255 3044 2316 per
3073 2255 3218 2296 een-

713 2353 733 2357 -
877 2325 909 2329 ““
1150 2391 1152 2397 ,
1867 2335 2018 2387 trum
2049 2328 2204 2388 Solis
2238 2328 2577 2406 descriptus,
2620 2328 2840 2387 indicat
2870 2328 3027 2385 viam
3057 2325 3219 2385 Solis

1870 2415 2027 2494 apud
2090 2415 2429 2493 Tychonem
2476 2417 2703 2491 Brahe3
2773 2418 2872 2492 qui
2943 2417 2992 2473 si
3059 2413 3215 2471 hanc

1870 2507 2031 2563 viam
2092 2513 2390 2575 movetur,
2449 2508 2798 2564 omnia·om
2845 2506 2875 2572 ⁸,
2906 2517 2940 2560 ο
2995 2509 3222 2577 puncta

1871 2594 2052 2650 totius
2098 2594 2434 2667 systematis
2479 2520 3223 2748 planemrffiffltgepicti,

989 2681 1121 2833 U
1158 2689 1244 2823 ΙΙ
1871 2681 2031 2737 viam
2077 2679 2353 2738 incedunt
2391 2680 2718 2756 aequalem,
2768 2694 2843 2755 qu
2882 2739 2913 2752 ,,
3049 2693 3222 2736 suam

853 2693 949 2841 G
1104 2798 1105 2801 =
1310 2685 1438 2841 U
1490 2713 1578 2857 S
1870 2767 2183 2844 propriam.
2272 2766 2348 2824 Et
2391 2783 2507 2826 uno
2555 2768 2681 2841 ejus
2711 2755 2948 2843 punct'o,
2997 2761 3226 2822 scilicet

1874 2863 2071 2913 centro
2116 2850 2304 2926 Solis,
2366 2855 2424 2910 in
2485 2872 2601 2914 una
2657 2857 2749 2912 sui
2796 2849 2992 2911 circuli
3043 2856 3223 2929 'parte

1812 2954 1816 2958 ’
1872 2948 2094 3014 stante,
2145 2949 2210 2998 ut
2254 2940 2350 2999 hic
2395 2944 2451 2998 in
2498 2942 2713 3014 infima,
2762 2940 2957 2999 omnia
2985 2940 3225 2997 omnino

1874 3036 2092 3106 puncta
2136 3031 2474 3105 systematis
2517 3029 2757 3087 stabunt
2803 3029 2860 3083 in
2907 3028 3038 3084 imis
3084 3035 3239 3106 par-·

1874 3117 2034 3174 tibus
2075 3132 2315 3174 suorum
2347 3114 2622 3192 quodque
2660 3114 3020 3173 circulorum.
3098 3112 3226 3171 Ve-

1875 3205 2030 3261 neris
2078 3205 2256 3262 etiam
2315 3212 2433 3262 tres
2491 3203 2688 3263 circuli
2745 3209 2978 3279 propter
3031 3217 3229 3275 angu-

1788 3358 1789 3369 ¹
1877 3291 2053 3349 stiam
2107 3292 2284 3366 spatii
2330 3295 2594 3351 coierunt
2651 3293 2711 3348 in
2756 3307 2936 3348 unum
2994 3293 3230 3365 praeter

1877 3376 2260 3436 voluntatem.

2052 3464 2250 3524 Tertio
2304 3471 2533 3543 repetat
2584 3463 2768 3524 lector
2823 3481 2893 3524 ex
2941 3462 3228 3539 Mysterio

1878 3568 2009 3611 meo
2067 3551 2594 3629 Cosmographico,
2657 3551 2813 3628 quod
2875 3551 3032 3610 edidi
3091 3555 3231 3609 ante

1881 3641 1961 3696 22
2028 3656 2248 3699 annos:
2321 3657 2625 3700 numerum
2690 3639 3058 3716 planetarum
3121 3652 3230 3696 seu

1880 3726 2297 3787 curriculorum
2328 3730 2485 3786 cirea
2506 3727 2701 3787 Solem
2733 3726 3069 3786 desumtum
3102 3741 3232 3783 esse

1878 3831 1916 3873 a
1970 3816 2404 3890 sapientissimo
2460 3814 2774 3874 Conditore
2837 3831 2909 3873 ex
2969 3815 3232 3890 quinque

1877 3900 2080 3975 figuris
2140 3901 2504 3979 regularibus
2565 3902 2804 3974 solidis,
2877 3901 2948 3960 de
3018 3901 3234 3977 quibus

1877 3986 2154 4048 Euclides
2217 3990 2342 4065 jam
2410 3997 2545 4049 ante
2612 3998 2701 4048 tot
2757 3988 3234 4059 secula'librum

1877 4077 2140 4150 scripsit,
2206 4080 2307 4153 qui
2336 4076 2787 4144 ,Elementorum
2851 4074 3094 4148 dicitur,
3163 4090 3234 4134 eo

1879 4162 2038 4237 quod
2097 4182 2167 4223 ex
2231 4166 2695 4242 propositionum
2753 4165 2902 4224 serie
2959 4164 3036 4222 sit
3091 4178 3236 4221 con-

1877 4258 2148 4309 structus.
2255 4250 2427 4327 Quod
2493 4261 2686 4311 autem
2753 4251 2923 4328 plura
2983 4266 3230 4328 corpora

1877 4336 2171 4412 regularia
2216 4348 2514 4415 nequeant
2560 4357 2706 4413 esse,
2754 4339 2866 4398 hoc
2913 4347 3020 4412 est,
3070 4334 3231 4413 quod

1875 4423 2098 4500 figurae
2143 4425 2358 4502 planae
2404 4426 2704 4503 regulares
2750 4431 3048 4502 nequeant
3091 4442 3230 4485 sae·-

1874 4514 2008 4586 pius
2069 4531 2250 4590 quam
2296 4516 2609 4591 quinquies
2670 4517 2728 4572 in
2778 4513 3035 4572 solidum
3087 4529 3256 4571 con--

1803 4672 1806 4674 ,
1875 4616 2115 4675 gruere,
2185 4602 2246 4659 id
2292 4602 2444 4662 libro
2490 4601 2750 4661 secundo
2806 4601 2986 4677 hujus
3035 4600 3235 4677 operis

1782 4765 1786 4770 ,
1874 4690 2086 4764 patuit.

2052 4774 2300 4851 Quarto,
2350 4775 2510 4853 quod
2558 4779 2768 4836 attinet
2798 4778 3240 4854 proportionem

1875 4862 2199 4921 orbitarum
2267 4864 2759 4941 planetariarum,
2830 4862 2934 4922 illa
2999 4860 3242 4939 quidem

1877 4949 2029 5008 inter
2087 4950 2256 5019 binas
2320 4954 2542 5011 orbitas
2589 4955 2813 5011 vicinas
2877 4968 3107 5028 semper
3153 4955 3244 5009 est

1871 5042 2057 5109 tanta,
2106 5044 2172 5097 ut
2201 5040 2374 5100 facile
2407 5049 2706 5117 appareat,
2755 5054 3238 5116 unamquamque

1874 5123 2106 5182 illarum
2139 5121 2614 5205 appropinquare
2637 5129 3000 5207 proportioni
3025 5128 3238 5184 unicae

1825 5273 1832 5290 Ι
1876 5210 2106 5269 orbium
2153 5217 2326 5274 unius
2376 5235 2448 5277 ex
2481 5219 2740 5293 quinque
2769 5213 2981 5273 solidis⁴
3013 5214 3236 5290 figuris,

1882 5297 2127 5360 scilicet.
2154 5303 2313 5363 orbis
2345 5304 2765 5379 circumscripti
2807 5300 2883 5361 ad
2914 5303 3114 5361 orbem
3148 5302 3244 5357 in-

1766 5385 1778 5497 .
1883 5388 2162 5465 scriptum
2224 5378 2507 5468 figurae3‘
2538 5401 2602 5451 at
2645 5408 2766 5450 non
2811 5399 3007 5449 tamen
3072 5389 3248 5465 plane

1585 5498 1591 5501 ’
1657 5498 1666 5501 ”
1884 5477 2152 5552 aequalis
2200 5486 2308 5552 est,
2358 5486 2425 5538 ut
2471 5478 2608 5538 olim
2659 5495 2838 5538 ausus
2879 5477 2965 5535 sui
3010 5476 3081 5536 de
3110 5493 3249 5552 pere

527 5554 682 5622 fecta
704 5557 951 5639 denique
997 5565 1351 5625 astronomia
1382 5563 1660 5643 polliceri.
1725 5563 1876 5625 Nam
1926 5572 2060 5640 post
2104 5565 2439 5626 absolutam
2470 5567 3024 5626 demonstrationem
3069 5565 3253 5623 inter-

524 5644 809 5709 vallorum
866 5668 936 5711 ex
1019 5651 1529 5714 observationibus
1588 5651 1801 5713 Brahei
1878 5651 2232 5727 deprehendi
2302 5655 2443 5716 hoc:
2519 5656 2655 5716 cubi
2718 5652 2955 5732 quidem
3019 5654 3255 5731 angulis
