3684 7259
321 1170 386 1243 m
791 1153 957 1247 opprimes
975 1176 1200 1255 mmoncomm

320 1358 390 1415 time
412 1353 590 1414 dissolverit
635 1353 682 1430 De
704 1354 825 1431 reliquis
847 1354 969 1414 Roberti
990 1354 1215 1430 particularibus
1238 1355 1510 1430 comparationibus
1529 1355 1672 1431 indicium

320 1437 384 1503 esto
407 1442 525 1502 lectoris
555 1440 683 1514 oculati,
714 1444 786 1519 quid
809 1445 935 1519 quisque
963 1453 1094 1502 nostrum
1126 1441 1163 1502 de
1185 1460 1241 1502 sua
1262 1444 1435 1501 tractatione
1467 1461 1535 1502 vere
1559 1444 1670 1511 dixerit.

319 1526 443 1589 Nomai
466 1528 537 1605 quid
560 1546 616 1605 ego
638 1546 736 1590 meum
759 1534 869 1589 instruo
892 1531 1035 1589 lectorem·
1052 1547 1140 1607 super
1161 1538 1242 1590 textu
1266 1546 1348 1602 meo,
1378 1547 1432 1604 par
1460 1530 1596 1606 equidem
1619 1541 1671 1604 est,

319 1625 352 1676 ut
374 1617 451 1676 idem
474 1626 505 1676 et
526 1616 656 1676 Robetto
679 1615 768 1694 liceat
789 1622 819 1675 in
841 1635 907 1675 suo.
954 1618 1053 1693 Atque
1076 1634 1154 1689 ecce,
1178 1617 1248 1694 qnid
1264 1616 1411 1675 liebertus
1435 1615 1528 1690 dicat,
1551 1617 1588 1677 dc
1610 1638 1671 1678 aec-

317 1705 449 1765 tt'ont'bua
471 1703 600 1763 undae
620 1722 669 1761 me
689 1708 780 1780 epioe
801 1705 898 1763 verbu
919 1707 1012 1761 nimis
1034 1708 1177 1778 copioth;
1200 1722 1266 1764 cum
1290 1705 1363 1763 haec
1386 1707 1481 1763 omnis
1505 1708 1592 1783 copia
1614 1724 1671 1766 uon

318 1794 447 1868 potnerit
469 1781 601 1850 sulficere
625 1790 753 1850 Roberto
785 1791 824 1849 ad
846 1790 943 1850 lucem
965 1791 1096 1866 aliquam
1119 1794 1196 1850 circa
1221 1780 1419 1850 inventionem
1442 1781 1599 1871 diapason,
1636 1793 1670 1853 de

319 1896 378 1955 qua
405 1880 471 1955 jam
497 1878 687 1954 poenitudine
717 1877 822 1938 ductus
852 1882 908 1952 ait,
939 1896 985 1937 me
1008 1881 1124 1937 nonnisi
1147 1880 1270 1938 obscure
1294 1882 1397 1954 egisse.
1445 1881 1485 1938 At
1516 1881 1588 1939 mihi
1617 1898 1671 1957 ego

320 1966 421 2025 videor
449 1964 575 2024 chordae
604 1967 795 2026 bisoctiouem
824 1983 860 2024 ex
888 1966 1051 2025 rationibus
1079 1965 1212 2025 diametri
1244 1965 1343 2026 circuli
1366 1966 1526 2026 clarissime
1561 1967 1670 2045 produ-

317 2056 410 2131 xissc;
434 2052 534 2112 videat
556 2052 665 2125 lector,
681 2056 706 2112 si
730 2053 800 2129 qnid
822 2053 897 2111 lucis
921 2056 1040 2128 insuper
1063 2053 1142 2129 apud
1164 2052 1325 2113 Robertum
1349 2052 1405 2112 hac
1428 2057 1457 2111 iu
1472 2064 1556 2130 parte
1578 2058 1670 2133 possit

318 2143 462 2213 invenire,
494 2157 552 2199 uon
582 2140 737 2211 invidebo,
769 2157 936 2200 communes
967 2142 1044 2199 enim
1075 2140 1188 2200 tradere
1216 2141 1299 2201 lubet
1322 2158 1427 2217 operas
1459 2145 1487 2199 in
1510 2141 1669 2202 lectoribus

316 2226 490 2289 erudiendis.
541 2226 646 2303 Itaque
673 2232 762 2287 etiam
794 2231 823 2285 in
855 2238 945 2303 caput
972 2244 1071 2287 meum
1102 2245 1224 2302 nonum,
1264 2228 1348 2304 quod
1376 2246 1478 2289 censes
1509 2231 1669 2289 confusioni

317 2315 406 2375 modo
427 2317 583 2391 scriptum,
613 2315 737 2375 libenter
759 2317 899 2390 majorem
922 2333 958 2373 ex
981 2323 1009 2373 te
1033 2315 1178 2387 ordinem,
1210 2334 1300 2391 quam
1323 2333 1378 2392 ego
1409 2321 1552 2392 consequi
1576 2320 1667 2394 potui,

317 2405 468 2479 recipiam,
498 2404 522 2461 si
545 2400 636 2462 lector
662 2404 802 2478 majorem
832 2405 860 2458 in
892 2406 949 2460 tuis
977 2419 1136 2476 agnoscere
1165 2405 1282 2479 poterit.
1326 2401 1384 2462 Sed
1412 2422 1467 2462 nec
1496 2408 1669 2464 inventioni

317 2492 458 2563 clavium·
473 2489 500 2562 b,
522 2490 542 2546 lr
564 2490 735 2549 claritatem
757 2492 905 2563 maiorem
928 2507 1022 2564 quom
1046 2489 1133 2564 opud
1153 2509 1216 2563 me,
1239 2508 1361 2549 suamve
1385 2490 1667 2551 commendationem

318 2578 487 2654 denegabo,
518 2576 663 2653 siquidem
696 2577 797 2636 lectori
825 2594 883 2634 non
907 2577 1053 2635 suffecerit
1084 2577 1120 2635 ad
1145 2577 1200 2635 hoc
1222 2580 1333 2654 (capite
1355 2596 1420 2636 meo
1451 2576 1597 2660 seeundo)
1620 2599 1668 2640 as·

316 2667 439 2736 sociatio
461 2664 674 2741 quinquanguli
696 2675 726 2724 et
747 2664 916 2740 sexanguli3
940 2662 1097 2722 dummodo
1119 2665 1260 2738 fateatur,
1291 2683 1324 2724 se
1347 2676 1463 2725 tmrtum
1486 2669 1513 2722 in
1537 2666 1667 2727 Roberto

318 2752 392 2814 lucis
415 2754 572 2812 invenisse.

405 2837 492 2914 Quod
522 2842 609 2916 igitur
636 2838 693 2899 fine
717 2837 804 2915 hujus
831 2838 989 2915 analyseos
1011 2845 1106 2911 tuum,
1137 2836 1280 2910 Roberte,
1312 2837 1456 2897 scribendi
1485 2839 1605 2899 modum
1630 2841 1665 2900 de

316 2919 486 2987 harmonica
508 2928 629 2998 materia
649 2924 762 3002 prolixe
784 2942 918 2997 excusas,
942 2924 1031 2985 velim
1046 2924 1209 3000 recolligas,
1233 2943 1384 3001 nunquam
1400 2925 1482 2985 illum
1505 2946 1524 2985 a
1539 2948 1587 2987 me
1602 2946 1665 2988 esse

317 3024 503 3087 accusatum
526 3014 774 3089 comparationem
798 3015 925 3085 institui,
954 3029 1012 3070 non
1036 3016 1268 3083 accusationem,
1291 3013 1329 3070 ad
1352 3013 1543 3084 erudiendum
1567 3015 1666 3093 philo-

319 3102 440 3180 sophiae
463 3100 643 3172 studiosum,
675 3118 734 3160 nou
763 3100 802 3158 ad
824 3099 1038 3176 implorandum
1065 3100 1175 3175 judicis
1198 3100 1335 3159 olticium.
1382 3100 1448 3177 Epo
1478 3103 1571 3178 lorsqu
1594 3122 1666 3163 oro·

316 3193 396 3249 tione
419 3182 573 3264 eamque
594 3189 698 3247 multia
719 3194 805 3261 utor,
836 3186 950 3247 scilicet
971 3196 1003 3245 ut
1026 3186 1163 3258 doceam,
1192 3196 1226 3245 tu
1246 3192 1282 3246 in
1305 3187 1408 3246 brevio
1432 3190 1603 3265 contrahis,
1635 3198 1666 3249 ut

317 3279 482 3353 quosquis
505 3287 573 3335 aute
596 3286 624 3335 te
648 3275 763 3348 docuit,
791 3281 822 3332 tu
844 3277 1003 3343 memoriae
1026 3274 1228 3349 commendes3
1256 3292 1314 3332 non
1338 3278 1471 3351 sequitur
1493 3287 1546 3335 tua
1568 3279 1666 3337 breri-

316 3373 363 3423 tas
385 3368 441 3422 nisi
463 3366 614 3442 praeviam
636 3363 757 3422 alterius
779 3364 904 3438 copiam,
939 3371 967 3421 et
990 3362 1045 3420 nisi
1069 3379 1129 3420 rem
1152 3359 1227 3421 alius
1250 3362 1362 3438 prolixe
1385 3364 1470 3422 sistat
1494 3365 1531 3422 ob
1554 3365 1666 3446 oculos,

317 3450 397 3527 quod
419 3468 474 3527 ego
496 3450 704 3527 praestandum
727 3451 834 3523 sumai,
865 3466 922 3507 non
949 3459 980 3508 tu
1003 3450 1044 3508 rei
1071 3449 1205 3525 {iquorem
1227 3451 1273 3508 vel
1295 3443 1552 3526 bieroqupbiourn
1582 3452 1665 3511 ellin-

315 3541 402 3598 xeris.
447 3538 532 3597 Alius
554 3538 699 3615 simplicia
714 3547 892 3609 'coacervat,
915 3548 947 3594 tu
970 3535 1097 3604 extrahis
1120 3538 1276 3595 essentiam
1300 3534 1488 3613 colligisque3
1512 3555 1566 3597 nec
1591 3540 1664 3598 adeo

317 3628 455 3700 rejicitur·
473 3626 646 3702 [studento
667 3625 852 3697 mbttaatio,
883 3634 916 3682 ut
938 3622 1056 3699 plantae
1078 3625 1187 3704 ipsius,
1219 3642 1306 3699 quam
1331 3634 1435 3682 natura
1457 3637 1664 3701 repraesentat,

318 3711 539 3787 obliviscamur;
576 3730 629 3772 nec
653 3712 778 3785 ‘sullicit,
818 3711 900 3787 quod
931 3712 1045 3771 bonum
1076 3719 1118 3770 eat
1147 3714 1181 3767 in
1210 3713 1331 3771 vosmtlo
1354 3715 1484 3787 proprio
1512 3714 1664 3789 collocare,

316 3802 387 3877 quin
410 3803 498 3860 etiarn
521 3797 825 3870 animadvertendum,
848 3799 929 3857 unde'
948 3801 987 3856 sit
1010 3797 1081 3855 illud
1106 3795 1270 3859 collectum.
1316 3799 1379 3875 Ego
1403 3798 1590 3862 collectorem
1620 3804 1666 3877 egi

269 3909 271 3913 ’
316 3888 470 3949 herbarum
492 3886 678 3960 idonearum,
703 3887 809 3945 videris
832 3893 879 3959 tu,
903 3887 1010 3962 quibus
1033 3903 1069 3949 ex
1091 3884 1205 3958 herbis,
1228 3904 1247 3944 a
1270 3904 1328 3961 quo
1353 3885 1509 3947 collectore
1532 3892 1663 3959 co'e‘mtis,

316 3984 382 4035 tuos
405 3978 581 4052 expresseris
610 3976 746 4050 liquores.
791 3972 878 4046 Esto,
909 3973 1002 4032 lateat
1024 3973 1174 4032 oecultum
1206 3973 1306 4041 adlice
1333 3992 1484 4032 areanum
1512 3971 1665 4049 somnae,

314 4061 393 4140 quod
416 4065 571 4123 verborum
592 4062 759 4139 prolixitate
782 4059 904 4138 indiget,
936 4077 990 4119 neo
1011 4060 1222 4135 manifestetur
1243 4069 1369 4132 notura,
1402 4063 1572 4121 ahimoth
1596 4082 1666 4123 ora·

315 4151 403 4210 donis
426 4150 568 4224 umidum
590 4167 648 4209 uon
671 4152 728 4212 ista
749 4147 805 4207 soli
828 4148 970 4225 ebymtet,
994 4146 1129 4207 videntur
1151 4146 1251 4205 alima
1274 4158 1303 4207 et
1326 4146 1411 4206 Plato
1435 4156 1464 4205 et
1488 4149 1663 4211 Aristoteles

312 4237 468 4310 inculcare,
492 4236 610 4313 quando
632 4238 722 4297 menti
745 4252 845 4295 vemm
867 4237 971 4297 scienti
989 4233 1054 4310 jam
1076 4233 1258 4305 definitiones
1281 4244 1310 4296 et
1325 4235 1488 4317 syllogismi
1511 4246 1543 4295 ut
1558 4254 1665 4315 super·

315 4324 365 4385 dui
388 4325 563 4385 adimuntur.
609 4325 649 4383 At
664 4323 769 4394 hercle,
793 4323 864 4384 mihi
887 4321 1043 4382 videbatur
1064 4321 1137 4381 haec
1157 4324 1334 4396 cognitionis
1356 4322 1543 4383 harmonicae
1558 4334 1663 4385 natura

316 4412 405 4489 lugax
429 4413 581 4489 latensque
603 4414 729 4488 primum
750 4412 879 4469 omnium
912 4409 959 4469 vel
990 4426 1104 4468 summa
1127 4418 1208 4468 veste
1231 4409 1475 4486 apprehendenda
1507 4413 1662 4489 verbisque

316 4499 438 4575 prolixis
460 4500 595 4576 involuta
616 4496 808 4570 continenda,
837 4497 893 4557 hoc
915 4504 960 4556 est
983 4498 1013 4554 iu
1036 4496 1176 4555 lectorum
1198 4499 1303 4555 animis
1332 4498 1520 4573 exprimenda
1551 4507 1581 4558 et
1603 4500 1663 4558 lor-

315 4578 440 4656 manda,
469 4587 494 4651 si
521 4588 594 4646 loite
625 4585 769 4669 succedat
792 4584 864 4644 mdri
892 4583 999 4660 aliquis
1031 4586 1072 4642 tui
1094 4583 1197 4641 similis
1221 4579 1305 4665 (nam
1335 4593 1395 4643 tute
1418 4586 1482 4661 ipse
1512 4604 1578 4645 mea
1607 4589 1663 4645 iata

314 4674 388 4734 torte
410 4663 556 4755 respuas),
580 4676 631 4750 qui
653 4682 703 4732 tuo
726 4690 805 4731 more
828 4672 955 4731 υιεϋὺιιε
977 4690 1046 4734 eom
1067 4679 1168 4743 exoa,
1203 4691 1281 4731 caro
1303 4674 1430 4745 imcrot,
1456 4690 1522 4731 eum
1547 4677 1575 4732 in
1598 4693 1663 4733 mo-

316 4760 394 4835 dum,
417 4769 450 4820 ut
471 4763 595 4840 posthac
616 4764 715 4820 virtut
735 4763 800 4841 ejus
823 4760 933 4834 absque
954 4759 1052 4818 verba
1066 4761 1171 4817 animo
1184 4762 1315 4840 corupici
1325 4763 1428 4834 possit.
1474 4760 1567 4819 Nobis
1590 4762 1663 4821 hac-

319 4858 403 4909 tenus
425 4852 455 4907 in
479 4850 611 4921 docendo
634 4847 832 4924 discendoque
855 4864 913 4904 non
937 4844 1019 4913 licuit
1042 4862 1106 4905 osse
1129 4854 1188 4903 tom
1211 4845 1353 4906 felicibus.

285 4991 294 5003 ,
401 4936 530 5009 Sedtu,
562 4934 642 5013 quod
663 4937 773 5012 passim
795 4943 858 4993 tota
881 4933 937 4993 hac
959 4932 1087 5009 snslysi,
1116 4932 1192 4990 idern
1214 4934 1306 4993 multo
1329 4935 1454 4992 maxime
1476 4935 1663 4996 conclusione

314 5025 372 5083 ista
394 5026 568 5100 comprobas
603 5025 762 5084 rectissima
796 5039 882 5080 ame
905 5021 1030 5092 dictum,
1058 5019 1271 5095 quadamtenus
1294 5022 1416 5080 eandem
1438 5021 1492 5079 obs
1516 5031 1545 5081 te
1567 5036 1664 5102 mate·⁴

314 5113 387 5175 riam
410 5128 474 5172 osse
497 5110 642 5172 traditam.
689 5108 801 5185 Quodsi
832 5108 961 5167 nondum
983 5108 1163 5166 satisfactum
1194 5108 1245 5166 tibi
1270 5118 1368 5185 pritas,
1400 5126 1441 5174 en
1459 5126 1529 5185 ergo
1562 5128 1662 5171 vocem

316 5207 397 5260 tuam
420 5198 552 5258 ultimam
575 5198 770 5278 supplementi
793 5196 875 5257 loco:
898 5196 1063 5268 subjeetum
1088 5198 1213 5253 musices
1235 5203 1305 5254 tuoe
1320 5195 1487 5271 attipioidis
1509 5202 1663 5279 margines

314 5301 384 5346 tuot
405 5288 498 5346 latius
520 5291 703 5363 ceporriqit,
731 5302 819 5362 quam
847 5302 931 5345 meua
953 5281 1027 5341 liber
1049 5283 1159 5340 tertius.
1206 5281 1303 5357 Quare
1326 5285 1414 5343 etiam
1443 5283 1486 5342 sio
1509 5284 1662 5358 quodam·

314 5378 401 5433 lcmta
428 5373 502 5433 liber
529 5372 597 5433 tuus
628 5392 694 5434 cnm
724 5391 790 5432 meo
813 5373 973 5443 concurrit,
1003 5369 1145 5429 haeterms
1173 5370 1304 5444 scilicet,
1333 5377 1477 5446 quatenus
1507 5372 1584 5432 intra
1607 5370 1661 5439 mei

315 5459 381 5519 libri
404 5452 554 5540 angrrstiaa
578 5463 719 5531 tenditur,
749 5458 872 5519 necdum
892 5458 989 5536 ,latus
1013 5458 1146 5518 excurrit.
1194 5458 1290 5533 Atque
1320 5457 1368 5517 hio
1394 5475 1462 5517 vere
1493 5459 1552 5517 mei
1583 5460 1674 5519 cethi

314 5561 418 5613 teneus
438 5549 502 5623 luit,
525 5550 637 5610 scilicet
652 5553 778 5622 ,innuere
796 5546 952 5622 volebam,
964 5549 1037 5616 inter
1051 5546 1241 5625 priorissarum
1257 5545 1352 5605 rerum
1370 5544 1662 5623 speculationumqnc
