3684 7259
821 1193 823 1201 ἰ
850 1173 991 1243 Apologia
1457 1242 1461 1250 ἱ
1526 1177 1589 1235 tce

245 1360 274 1411 et
301 1355 489 1431 patientium,
520 1370 607 1430 quam
637 1352 867 1429 hyperphysieaa
897 1356 963 1432 typi
990 1362 1020 1413 et
1050 1353 1210 1435 archetypi.
1263 1353 1327 1412 Non
1358 1353 1460 1429 culpo,
1490 1351 1591 1425 hahes,

244 1439 347 1513 fateor,
372 1444 468 1499 socius
491 1444 519 1498 in
543 1441 599 1499 hoc
623 1458 676 1499 usu
700 1443 795 1511 vocis,
818 1440 1010 1519 philosophos
1034 1444 1169 1510 eximios,
1200 1440 1268 1498 darn
1291 1438 1395 1498 ludunt
1417 1443 1446 1497 in
1469 1444 1592 1517 poime-

245 1528 338 1606 tibue,
361 1545 435 1603 quos
459 1532 532 1588 inter
555 1536 584 1587 et
600 1528 730 1597 Procius,
755 1528 838 1602 cujus
861 1528 908 1587 hic
931 1537 976 1587 est
999 1528 1034 1587 de
1050 1527 1349 1587 Phoebouersiculus
1365 1525 1414 1584 iol.
1430 1542 1495 1585 meo
1513 1528 1590 1585 325:

703 1616 822 1693 Κιθαρῃ
845 1610 902 1675 ὖπο
926 1611 1055 1676 brenella
1076 1605 1194 1688 pulnere

541 1698 665 1771 Εὐναζι
687 1724 758 1778 μεγα
781 1725 855 1775 rapu
877 1704 1105 1779 βαρυφλσισβοιο
1129 1704 1274 1781 perediae,

249 1791 453 1848 suavissimam
478 1790 601 1846 innuens
625 1788 805 1847 harmoniam
820 1786 910 1849 'inter
933 1807 1040 1849 marem
1064 1799 1093 1849 et
1116 1790 1252 1848 laminam
1283 1791 1311 1845 in
1335 1795 1401 1846 actu
1426 1789 1592 1864 generatio·

249 1879 310 1949 nis;
334 1888 364 1935 et
386 1877 434 1935 hic
457 1875 493 1934 de
516 1875 649 1933 Paeane:
744 1895 749 1913 ⁸
1502 1862 1510 1879 ’

539 1963 663 2039 [linoae
684 1956 819 2038 dopnrrpc
840 1984 1043 2039 uarunpporcc
1065 1959 1153 2039 εὕρω
1175 1984 1294 2034 acopos,

247 2046 327 2123 quud
350 2044 482 2125 intelligo
506 2048 541 2107 de
564 2051 724 2106 omnifariis
747 2048 921 2108 naturalium
945 2053 1106 2108 motionum
1127 2048 1321 2109 successibus.

332 2134 440 2208 Patior,
464 2138 590 2212 inquam,
616 2146 643 2195 te
668 2137 789 2195 vocibus
813 2138 854 2194 uti
877 2138 1018 2196 arbitratu
1042 2146 1101 2209 tuo,
1124 2136 1197 2196 illud
1221 2145 1317 2195 tamen
1341 2137 1503 2195 necessario
1527 2153 1592 2194 mo-

252 2239 317 2291 neo,
341 2221 375 2283 te‘
393 2225 448 2281 sub
471 2224 527 2282 hac
549 2225 741 2298 ambiguitate
764 2222 927 2283 latitantem
950 2224 1089 2306 piuripras
1113 2227 1221 2301 passim
1244 2224 1342 2282 turbes
1357 2227 1492 2296 excitare,
1516 2239 1593 2298 quae

250 2310 364 2368 detecte
396 2313 657 2385 aequivocatione
674 2309 810 2369 facillime
841 2314 1004 2387 sopiuntur.
1059 2313 1119 2369 Aut
1148 2314 1172 2369 ei
1202 2313 1298 2386 detegi
1332 2328 1388 2370 nou
1419 2318 1516 2385 potest
1546 2313 1593 2384 (ut

248 2395 364 2472 quidem
397 2396 453 2455 hoc
482 2402 546 2474 ipso
577 2398 641 2456 loco
665 2397 763 2473 plures
792 2399 820 2453 in
849 2407 900 2457 tuo
922 2399 1104 2478 harmonice
1125 2399 1232 2457 nucleo
1259 2416 1310 2456 seu
1332 2398 1468 2457 medulla
1490 2414 1593 2456 sensus

248 2484 354 2554 latent,
380 2502 467 2559 qaam
492 2501 573 2544 meus
596 2481 697 2562 stupor
721 2502 823 2560 capere
847 2488 972 2562 possit),
1003 2496 1071 2543 tnnc
1095 2488 1181 2543 irritis
1205 2486 1359 2543 conatibus
1382 2484 1592 2560 congredimur,

249 2572 363 2647 quaerit
386 2572 549 2634 inuolutum
573 2581 739 2647 tectumque
770 2573 859 2630 lor-ica
877 2572 1078 2648 inexplicabili
1104 2572 1253 2631 hamulum
1283 2571 1424 2632 anhelans
1455 2574 1516 2630 iera
1539 2571 1593 2640 de·

248 2661 375 2735 seritque
408 2677 466 2718 non
496 2662 676 2733 inventum,
696 2662 848 2717 trusuatur
878 2676 932 2717 sua
961 2660 1111 2736 voluptate
1142 2670 1304 2739 spectatar3
1335 2660 1445 2718 nullam
1474 2662 1593 2734 inquam

250 2746 343 2805 lector
365 2746 521 2806 utilitatem
545 2749 623 2824 capit
646 2764 682 2804 ex
706 2750 921 2806 concertatione
945 2747 1129 2806 tenebrarum
1152 2743 1302 2827 plena.⁴¹)

337 2833 389 2891 Ad
413 2834 601 2911 Analysin
623 2833 665 2895 X.
711 2833 877 2910 Propterea,
901 2836 1029 2908 iuquam,
1056 2834 1135 2909 quod
1159 2833 1208 2893 ille
1231 2838 1312 2911 praxi
1337 2835 1430 2908 magis
1454 2832 1593 2907 indulget,

248 2937 302 2995 ego
325 2921 472 2993 theoriae,
507 2923 562 2997 ipsi
590 2921 710 2998 ¹quidem
733 2922 863 2997 picturae
886 2931 954 2978 eunt
977 2920 1163 2992 commodae,
1195 2921 1271 2997 mihi,
1290 2921 1478 2980 theoremate.
1524 2917 1590 2979 Nora

249 3010 384 3082 injuriam
407 3010 459 3067 tibi
484 3008 555 3081 leci,
588 3007 732 3082 Roberte3
762 3006 874 3066 nullum
904 3011 932 3063 iu
962 3025 1049 3085 opere
1073 3019 1123 3065 tnu
1146 3009 1194 3079 tiri
1225 3012 1343 3083 stipmo
1363 3004 1512 3079 inuidiae,
1543 3006 1594 3065 sed

247 3112 320 3171 opus
344 3096 444 3155 lectori
461 3115 479 3154 a
494 3113 547 3155 sua
562 3098 678 3172 propria
695 3104 766 3152 nota
778 3096 931 3169 descripsi,
946 3105 980 3152 ut
995 3097 1092 3171 sciret,
1108 3098 1157 3170 qui
1174 3094 1394 3167 noudumemit,
1409 3096 1594 3154 inventurum

248 3184 382 3257 nequod
413 3183 554 3254 delectet,
587 3183 686 3258 prout‘
704 3184 850 3255 ingenium
873 3183 960 3240 tuerit
982 3181 1115 3263 hominis.
1161 3181 1236 3240 Nam
1267 3191 1297 3241 et
1318 3183 1438 3258 picturis
1469 3173 1594 3240 exaesa

250 3270 382 3328 abundat
407 3288 531 3328 excusus
555 3269 636 3340 liber,
659 3277 689 3327 et
712 3278 773 3327 tute
796 3271 858 3344 ipse
882 3268 997 3345 arralysi
1013 3266 1178 3328 lll.2modo
1193 3271 1373 3343 recensuisti,
1397 3269 1503 3344 quibus
1526 3279 1595 3327 uta·

249 3359 287 3415 ris
310 3359 432 3432 picturis
456 3360 484 3413 in
503 3360 596 3415 vicem
611 3358 761 3427 sermonis,
785 3354 903 3432 templo,
928 3355 1079 3427 columnis,
1103 3356 1337 3434 hieroglyphicis,
1361 3355 1490 3434 speculo,
1515 3358 1594 3428 turri,

247 3444 457 3520 triangulorum
482 3445 596 3519 liguris3
627 3443 665 3501 ad
688 3460 762 3518 quas
785 3452 815 3500 tu
838 3445 879 3503 ibi
903 3442 959 3502 loci
991 3460 1047 3501 non
1071 3443 1157 3500 aliter
1178 3460 1337 3519 provocas,
1367 3460 1455 3519 quam
1478 3442 1594 3502 mathe-

249 3535 373 3590 maticus
396 3531 504 3606 aliquis
527 3530 563 3587 ad
587 3548 657 3588 suas
678 3534 892 3608 propositiones
917 3538 946 3587 et
968 3530 1161 3602 theoremata,
1186 3548 1318 3606 quasque
1341 3533 1429 3589 etiam
1452 3530 1508 3589 hac
1530 3534 1594 3606 ipsa

249 3619 326 3679 anat.
343 3618 386 3676 X.
410 3636 462 3694 pro
487 3618 828 3693 diagrammatibusntuie
852 3614 953 3677 haberi
978 3620 1032 3676 vis.
1078 3616 1265 3691 Quinetiam
1292 3619 1391 3676 icteris
1414 3620 1533 3688 iterato,
1566 3627 1594 3675 te

247 3708 377 3783 picturas
411 3703 572 3762 introduxis
691 3707 786 3762 rimas.
833 3703 891 3762 Cur
927 3706 1015 3779 igitur
1037 3704 1216 3764 succenses?
1261 3707 1306 3763 Au
1331 3706 1503 3781 exprobravi
1539 3706 1593 3763 tibi

246 3792 357 3869 figurae
381 3802 414 3850 ut
437 3792 615 3872 insulsus?⁵
648 3799 650 3804 '
708 3787 800 3849 ecus?
845 3791 903 3849 Cur
925 3793 1013 3865 igitur
1034 3794 1118 3868 quasi
1142 3801 1273 3851 mutuum
1294 3809 1447 3871 reponeres
1470 3803 1594 3851 etmeas

247 3881 309 3957 ipse
334 3879 441 3956 figuras
472 3884 644 3952 recensesjn·
691 3896 726 3936 ae
754 3887 849 3936 tamen
881 3896 938 3937 uon
970 3889 1038 3936 sunt
1060 3878 1139 3936 aliud
1166 3896 1254 3954 quam
1277 3879 1512 3955 diagrammata?
1559 3879 1594 3937 tit

247 3984 334 4045 quem
368 3970 395 4023 in
425 3977 454 4024 te
476 3968 593 4041 genium
616 3982 788 4040 agnoscam,
821 3967 870 4041 qui
895 3966 985 4024 verba
1012 3966 1219 4040 indifferentia,
1242 3984 1306 4026 cum
1331 3966 1467 4026 facillime
1491 3984 1594 4042 posses

249 4058 277 4112 in
302 4056 411 4117 bonam
434 4056 566 4129 accipere
588 4048 714 4129 parte'm,
744 4055 838 4110 mavis
868 4055 898 4109 iu
922 4051 1048 4111 malem?
1092 4049 1165 4111 Tuis
1187 4055 1307 4130 picturis
1339 4072 1405 4112 mea
1427 4056 1593 4130 comparavi

250 4141 470 4218 diagrammata,
494 4143 589 4198 fassus
612 4140 716 4197 librum
739 4157 834 4198 meum
858 4156 914 4197 non
939 4157 1032 4215 aeque
1055 4149 1143 4215 atque
1168 4151 1249 4197 tuum
1273 4150 1405 4199 ornatum
1430 4158 1508 4210 esse,
1539 4157 1594 4198 nec
1669 4177 1671 4184 ·

247 4229 373 4287 futurum
396 4228 433 4287 ad
457 4238 573 4302 gustum
597 4227 714 4285 lectoris
737 4226 910 4302 cujuslibet;
934 4230 1072 4285 excusavi
1097 4227 1173 4284 lrunc
1197 4226 1340 4286 deiectum
1363 4247 1381 4286 a
1403 4228 1592 4303 professione,

247 4333 312 4374 cum
343 4334 397 4390 ego
424 4315 662 4373 mathematicum
695 4332 789 4389 agam.
836 4314 875 4370 At
906 4324 936 4370 tn
966 4313 1034 4372 hinc
1066 4316 1245 4384 iactantiam
1275 4317 1374 4372 nescio
1398 4332 1485 4390 quem
1509 4314 1590 4382 dicia.

247 4402 426 4463 Juctantiam
456 4401 504 4460 odi
529 4409 556 4460 et
579 4401 700 4473 damno,
732 4400 783 4458 sed
806 4402 834 4457 in
857 4393 972 4476 pulpito
995 4411 1075 4458 stans
1098 4400 1263 4459 discrimina
1292 4418 1387 4459 rerum
1410 4402 1591 4460 dissimulare

247 4508 305 4549 non
329 4508 462 4568 possum,
486 4488 656 4546 invitandus
680 4495 723 4546 est
746 4487 814 4546 nrihi
837 4486 998 4563 discipulus
1022 4488 1059 4547 ad
1081 4487 1349 4547 mathematicorum
1373 4488 1591 4566 disciplinarum

247 4577 390 4647 studium,
421 4576 665 4654 suppeditandum
689 4576 785 4632 animo
808 4575 920 4633 sincero
944 4574 1114 4654 consilium,
1143 4593 1201 4651 quo
1225 4593 1369 4651 quemque
1400 4575 1473 4634 libro
1492 4576 1591 4651 juvari

248 4660 473 4737 existimem.⁴·’)
517 4664 620 4722 Liceat
643 4663 713 4720 mihi
736 4665 894 4722 etiamnum
916 4660 1043 4737 prolerre
1067 4680 1168 4721 vocem
1191 4664 1285 4738 magis
1306 4663 1430 4721 claram:
1454 4667 1506 4740 qui
1526 4682 1592 4722 ma·

248 4753 468 4811 thematicarum
497 4749 713 4825 disciplinarum
745 4747 947 4809 certitudinem
978 4759 1073 4822 amat,
1101 4749 1168 4826 plus
1196 4749 1247 4809 ille
1276 4752 1373 4825 capiet
1401 4750 1534 4810 utilitatis
1563 4753 1591 4808 irr

244 4849 330 4916 parte
353 4838 573 4897 arathematices
597 4837 765 4896 harmonica
786 4835 979 4912 perdiscenda
1001 4854 1037 4896 ex
1052 4850 1139 4915 opere
1156 4854 1221 4895 mee
1238 4836 1483 4911 harmonicorum,
1504 4856 1592 4915 quam

249 4945 284 4986 cx
308 4928 427 4986 liuberti
452 4925 488 4984 de
510 4925 671 4983 Fluctibus.
718 4922 775 4998 Qui
799 4941 868 4983 vero
892 4926 1041 5001 ingenium
1063 4924 1250 5002 philosophia
1272 4916 1395 5001 mystica
1419 4920 1511 5006 (quae
1543 4943 1592 5001 per

247 5019 416 5091 aenigmata
446 5012 518 5071 tradi
547 5007 654 5091 solet),
678 5012 779 5071 oculos
808 5013 928 5088 picturis
950 5029 1070 5090 pascere
1092 5015 1187 5090 cupit,
1220 5010 1299 5086 quod
1322 5014 1451 5088 quaerit,
1475 5015 1504 5070 in
1527 5029 1592 5071 meo
1700 5001 1707 5028 ⁶

249 5101 324 5162 libro
347 5117 404 5159 non
429 5102 567 5158 inveniet.
576 5095 615 5175 ⁴³)

339 5186 394 5247 ad
418 5188 600 5263 Anulysin
623 5184 682 5243 XI.
725 5184 782 5243 Hic
805 5202 907 5245 ansam
930 5186 1059 5262 aliquam
1082 5186 1234 5257 invenisti,
1254 5183 1399 5257 <Rouana
1430 5186 1501 5244 mihi
1524 5204 1592 5245 suc-

250 5275 394 5348 censendi,
418 5282 499 5333 tenes
524 5276 600 5333 enim
624 5290 669 5330 me
694 5273 790 5330 verbis
812 5276 900 5345 meis,
932 5272 1050 5349 perinde
1074 5290 1108 5331 ac
1130 5274 1154 5330 si
1178 5289 1233 5348 ego
1256 5289 1321 5331 mea
1344 5274 1401 5331 luci
1425 5289 1593 5349 comparas-

251 5381 328 5436 sem,
360 5371 412 5421 tua
444 5362 543 5419 omnia
571 5360 705 5419 tenebris.
751 5358 875 5433 Verum,
892 5361 917 5418 si
948 5359 1067 5436 paulum
1096 5367 1124 5418 te
1148 5360 1295 5429 continere
1326 5360 1364 5418 sb
1391 5361 1592 5435 indignatione

250 5452 377 5527 poteris,
406 5449 530 5509 efficiam
562 5445 734 5505 declarando
764 5462 837 5503 mea-
859 5446 965 5518 verba,
991 5453 1022 5504 ut
1052 5462 1109 5505 nen
1133 5452 1246 5505 tantum
1277 5448 1305 5504 in
1336 5455 1363 5506 te
1396 5447 1478 5506 dolor
1505 5449 1593 5505 animi

250 5546 423 5614 conceptus,
455 5552 541 5615 quem
566 5535 661 5595 verbis
685 5533 798 5592 acerbis
821 5533 951 5609 testeris,
981 5534 1142 5613 mitigetur,
1171 5531 1333 5595 sedetiam
1358 5534 1462 5612 lector,
1492 5537 1515 5594 ai
1540 5536 1591 5614 qui
