3684 7259
324 1232 384 1302 iti
854 1241 896 1297 De
913 1238 1140 1313 Proportiombus

321 1433 392 1495 crgo
414 1414 457 1501 Ἰ,
478 1426 509 1478 et
529 1416 570 1501 ⁶1,
592 1419 738 1479 habentur
759 1436 812 1496 pro
834 1429 919 1479 sexta
941 1428 970 1480 et
993 1422 1079 1480 tertia
1098 1421 1197 1493 molli;
1229 1415 1271 1499 Ἀ
1294 1436 1364 1478 vero
1397 1429 1426 1478 et
1450 1414 1488 1500 ⁴!⁶
1517 1434 1570 1495 pro
1594 1425 1678 1478 sexta

320 1512 352 1564 et
372 1508 459 1566 tortia
480 1504 555 1565 dura
577 1508 642 1567 sire
665 1524 787 1585 aspera3
810 1510 905 1593 etsie
928 1510 1015 1567 etiam
1039 1508 1233 1588 appellantur.

811 1628 912 1689 Mollis
1084 1630 1165 1687 Dura

729 1742 1051 1914 ff
1006 1773 1251 1914 {33-

410 1944 545 2020 Denique
567 1947 638 2020 quia
659 1947 856 2022 proportionis
880 1944 987 2021 duplae
1012 1944 1211 2019 intervallum,
1236 1951 1268 2003 ut
1290 1932 1379 2021 supra
1403 1944 1530 2016 dictum,
1555 1961 1591 2003 ex
1613 1960 1677 2002 ses·

323 2031 466 2107 qnialtero
490 2042 519 2091 et
541 2050 577 2091 ex
600 2034 786 2108 sesquitertio
809 2039 939 2104 constat,
963 2050 1085 2110 quorum
1109 2032 1306 2107 illudquinta
1329 2033 1459 2104 dicitur,
1474 2032 1530 2090 hoc
1553 2041 1677 2107 quartu;

324 2135 401 2194 qnae
425 2128 523 2179 tamen
546 2120 616 2178 bina
638 2122 667 2178 iu
690 2121 735 2178 sui
758 2118 855 2178 medio
877 2119 988 2178 habent
1012 2133 1101 2179 uuum
1124 2136 1307 2180 communem
1330 2120 1493 2191 terminum,
1517 2121 1566 2194 qni
1591 2121 1677 2176 unius

322 2206 427 2265 ultima
449 2217 506 2281 est,
531 2207 651 2266 alterius
673 2209 784 2284 prima,
808 2224 910 2265 versum
933 2207 1051 2283 plagam
1074 2204 1201 2266 eandem'
1220 2209 1248 2263 in
1270 2207 1348 2266 huuc
1371 2205 1507 2266 modum:

366 2293 474 2353 Prima.
518 2292 662 2354 Secunda
706 2293 816 2355 Tertia.
862 2291 984 2367 Quarta.
1022 2293 1141 2369 Quinta.
1226 2295 1255 2353 6.
1403 2296 1431 2352 7.
1564 2295 1592 2350 8.

1020 2382 1127 2441 Prima.
1172 2380 1317 2440 &cunda
1364 2379 1473 2440 Tertia.
1519 2377 1644 2454 Quinta:

324 2470 456 2543 sequitur
478 2469 578 2546 igitur,
600 2477 633 2526 ut
656 2466 759 2525 ultima
782 2468 950 2545 posterioris
972 2470 1000 2526 in
1025 2470 1225 2528 numeratione
1254 2469 1293 2527 sit
1315 2484 1435 2527 numero
1459 2474 1574 2527 octava.
1621 2468 1678 2524 Αι-

189 2624 194 2632 ,
244 2545 249 2561 “
323 2571 381 2630 que
407 2554 475 2614 iude
505 2555 563 2614 hoc
584 2554 769 2613 intervallum
802 2564 963 2615 octavae
991 2573 1096 2615 nomeu
1127 2556 1262 2615 obtinuit.
1315 2552 1422 2614 Graeci
1452 2554 1490 2614 ad
1521 2553 1678 2613 identicam

323 2645 544 2701 consonantiam
566 2644 756 2719 respicientes
778 2642 928 2721 appellant
941 2650 999 2704 -σια
1021 2664 1134 2717 raons,
1165 2651 1197 2702 ut
1226 2650 1256 2701 et
1284 2640 1384 2701 latinis
1414 2643 1504 2701 literis
1535 2641 1678 2717 diapason

324 2730 469 2799 scribitur,
491 2732 576 2804 quasi
599 2731 760 2790 consumtis
783 2731 917 2790 omuibus
942 2730 1088 2790 diversum
1111 2730 1301 2803 sonantibus,
1336 2745 1394 2789 vox
1418 2732 1548 2789 canentis
1572 2739 1678 2789 octavo

323 2833 397 2875 sono
428 2820 456 2875 in
485 2835 516 2875 se
546 2821 641 2895 ipsam
669 2816 772 2877 redeat
801 2816 927 2895 indeque
958 2835 1068 2878 norum
1090 2820 1222 2892 initium,
1250 2832 1330 2876 nova
1352 2819 1441 2877 series
1471 2818 1678 2878 continuorum

327 2906 456 2978 oriatur,
478 2906 567 2980 priori
589 2921 642 2981 per
664 2907 762 2965 omnia
783 2905 904 2982 similis3
929 2905 996 2965 vide
1019 2923 1100 2985 ριορ.
1127 2909 1154 2965 1.

542 3026 699 3102 Dispenta.
821 3027 1023 3087 Diatessaron.
1133 3026 1269 3104 systema
1293 3027 1445 3104 diapason.

467 3138 592 3252 52}
647 3224 680 3289 ἓ
783 3177 825 3182 -·
916 3210 933 3218 -

412 3343 534 3404 Frustra
555 3342 603 3402 hic
626 3342 869 3420 philosophantur
891 3340 927 3400 de
948 3358 1081 3415 numero,
1105 3359 1155 3401 cur
1177 3361 1216 3403 sc.
1237 3353 1343 3403 octava
1358 3361 1417 3401 vox
1440 3349 1593 3401 consumat
1617 3357 1681 3398 om-

326 3446 379 3488 ncs
400 3431 489 3505 ioque
513 3430 589 3489 idem
612 3429 736 3490 redeat?
758 3446 827 3488 vere
851 3432 928 3488 eninr
951 3428 1186 3504 respondendnm
1209 3441 1252 3489 est
1274 3448 1326 3506 per
1347 3433 1518 3506 petitionem
1536 3429 1683 3506 principii,

327 3519 397 3593 quia
419 3535 461 3579 ac.
484 3526 590 3577 natura
610 3517 670 3591 liat,
694 3527 727 3577 ut
750 3516 936 3576 intervallum
959 3520 1156 3592 proportionis
1179 3517 1296 3595 duplae,
1320 3516 1399 3593 quod
1422 3535 1473 3593 per
1496 3535 1559 3592 cap.
1586 3520 1614 3574 l.
1638 3523 1682 3573 est

327 3603 534 3679 identisouum,
557 3604 706 3665 dividatur
728 3608 758 3663 in
782 3603 938 3664 intervalla
960 3607 1102 3663 concinna
1123 3614 1244 3682 septem,
1267 3622 1343 3680 qnae
1359 3605 1587 3664 determinantur
1601 3603 1683 3661 sonis

328 3700 412 3765 octo,
436 3702 467 3752 ut
489 3692 546 3753 hoc
570 3693 664 3771 capite
686 3693 840 3769 probatum
864 3701 917 3750 est
962 3691 1023 3767 Ipsi
1046 3700 1151 3768 putant
1173 3692 1233 3751 lieri
1249 3692 1317 3769 hoc,
1340 3692 1419 3767 qnod
1440 3708 1578 3752 numems
1602 3691 1621 3748 8
1644 3692 1683 3747 sit

326 3782 439 3857 primus
463 3782 556 3840 cubus
579 3787 609 3840 et
626 3783 724 3858 ¹prima
746 3790 865 3839 tessera.
912 3779 953 3836 Αι
974 3779 1045 3855 quid
1077 3783 1200 3839 sectioni
1223 3779 1349 3839 chordae
1381 3798 1446 3838 curm
1473 3776 1599 3838 solidis?
1645 3777 1683 3833 Et

327 3883 378 3926 cur
401 3884 461 3926 non
483 3871 573 3927 otiam
597 3886 655 3927 vox
679 3868 816 3927 vicesima
838 3869 964 3941 septima
987 3861 1149 3947 (secundus
1172 3870 1197 3925 is
1220 3868 1312 3925 cubus
1336 3862 1394 3948 est)
1417 3866 1492 3927 redit
1515 3862 1641 3926 eodem?

415 3951 492 4014 Hinc
522 3954 598 4015 adeo
621 3957 709 4015 etiam
731 3958 898 4033 systematis
920 3970 1026 4014 nomen
1054 3956 1169 4030 proprie
1193 3961 1222 4014 et
1243 3956 1336 4031 primo
1360 3956 1496 4014 contenit
1523 3951 1682 4011 intervallo
1712 3960 1741 4023 ,·

327 4045 524 4119 proportionis
547 4041 665 4119 duplae,
688 4041 784 4103 diviso
806 4059 858 4118 per
879 4058 936 4099 sua
958 4050 1070 4117 septem
1093 4043 1236 4101 concinna
1258 4051 1287 4101 et
1309 4043 1370 4099 suis
1393 4049 1459 4100 octo
1483 4041 1606 4100 vocibus
1629 4054 1680 4098 seu

330 4128 446 4189 chordis
470 4128 615 4207 descripto
638 4130 725 4206 inque
748 4131 948 4189 instrumentis
972 4145 1126 4204 expresso,
1150 4128 1269 4204 dequo
1293 4131 1366 4186 intra
1389 4147 1452 4205 cap.
1478 4131 1505 4187 9.

414 4216 449 4275 Ιιι
471 4219 508 4277 iis
532 4216 710 4295 intervallis,
741 4234 818 4293 quae
842 4225 978 4275 octavam
1000 4234 1052 4275 seu
1075 4216 1219 4292 diapason
1242 4224 1396 4293 superant,
1420 4220 1447 4273 in
1471 4213 1681 4291 multiplicibus

327 4302 447 4380 quidem
469 4312 607 4377 octavae,
633 4303 741 4382 duplex
764 4312 884 4377 octava,
908 4320 1012 4377 graece
1035 4310 1077 4372 ὄις
1100 4309 1148 4363 dra
1171 4324 1278 4376 raonis,
1303 4303 1359 4363 dici
1377 4303 1460 4375 solet,
1485 4304 1589 4379 triplex
1612 4300 1682 4359 tris-

331 4391 489 4468 diapasou,
520 4401 549 4452 et
580 4395 622 4452 sic
650 4400 870 4469 consequenter.
914 4390 949 4449 Iu
981 4393 1084 4451 ceteris
1116 4384 1194 4451 vero¹
1210 4393 1378 4467 exprimitur
1409 4390 1551 4467 diapason
1579 4388 1682 4464 ejusve

330 4476 483 4557 multiplex
506 4488 536 4538 et
558 4479 675 4539 additur
704 4496 842 4541 excessus
865 4478 920 4537 hoc
943 4485 1046 4555 pacto:
1074 4481 1177 4555 quinta
1205 4496 1295 4555 supra
1322 4486 1470 4550 octavam,
1501 4485 1553 4536 aut
1576 4485 1683 4534 octava

244 4581 246 4587 ·
328 4583 418 4645 supra
441 4569 582 4642 quintam,
605 4567 748 4645 diapason
772 4564 958 4642 epidiapente
985 4565 1033 4625 vel
1063 4571 1112 4626 δια
1134 4564 1287 4626 nemeina
1311 4575 1487 4626 deteximus.
1532 4561 1682 4622 Interdum

331 4663 362 4712 et
383 4671 506 4714 numero
527 4657 691 4731 pergimus,
715 4654 898 4731 appellantes
920 4671 1045 4727 nonam,
1070 4653 1227 4728 decimam,
1251 4653 1453 4711 duodecimam
1476 4661 1530 4710 etc.

416 4739 500 4801 Haec
529 4744 619 4819 igitur
646 4744 738 4812 sectio
764 4740 983 4801 intervallorum
1012 4757 1205 4800 consonornm
1237 4743 1264 4797 in
1296 4742 1439 4799 concinna
1468 4738 1609 4798 naturalis
1639 4742 1685 4795 est

329 4831 538 4906 quantitasque
560 4828 635 4889 baec
657 4838 686 4889 et
709 4833 846 4888 uumerus
868 4830 1077 4888 elementorum
1101 4831 1321 4900 concinnatum,
1351 4830 1476 4886 ternario
1498 4844 1555 4884 non
1579 4825 1682 4900 maj0r,

330 4915 478 4977 consola
499 4920 613 4980 aurium
636 4918 851 4976 assuefactione
873 4919 983 4987 nititur,
1008 4916 1059 4974 sed
1082 4917 1201 4974 auditus
1224 4916 1279 4974 hoe
1295 4915 1384 4973 habet
1407 4932 1443 4973 ex
1467 4916 1603 4991 instinctu
1628 4930 1684 4970 na-

329 5003 435 5081 turall3
463 5021 519 5064 uec
540 5014 666 5083 possum
688 5012 804 5081 praeter
825 5007 884 5063 ista
905 5004 952 5063 vel
977 5003 1037 5060 alia
1058 5003 1212 5061 intervalla
1240 5002 1286 5079 vel
1309 5002 1368 5060 alio
1390 5019 1510 5060 numero
1531 5018 1586 5079 ριο
1611 5017 1683 5059 con-

329 5093 422 5152 cinnis
444 5094 530 5166 sumi,
552 5095 582 5151 in
606 5109 682 5169 quse
705 5091 854 5151 dividatur
876 5090 1030 5168 quodlibet
1052 5106 1087 5148 ex
1111 5093 1255 5148 consonis.
1300 5089 1376 5148 Nam
1400 5093 1424 5147 si
1450 5089 1540 5147 velles
1556 5087 1683 5163 exempli

329 5182 426 5257 gratia
448 5178 542 5239 diesin
564 5180 733 5256 adjungere,
756 5183 881 5256 primum
903 5177 956 5237 illa
979 5184 1023 5236 est
1044 5179 1132 5235 etiam
1157 5178 1340 5235 dissonomm
1363 5179 1568 5235 concinnomm
1591 5176 1684 5234 sobo·

328 5269 390 5343 las3
414 5266 519 5327 ddnde
540 5271 565 5326 ai
588 5271 714 5327 maxime
736 5268 818 5325 illam
840 5273 952 5324 tantum
976 5259 1042 5323 ideo
1067 5264 1157 5323 velles
1180 5263 1348 5340 adjungere,
1376 5267 1446 5338 quia
1469 5272 1513 5323 est
1535 5279 1684 5321 consono-

329 5373 393 5416 rum
414 5355 549 5426 soboles,
573 5362 605 5413 at
626 5354 720 5412 solnm
742 5371 802 5413 non
823 5370 946 5430 posses;
977 5352 1103 5411 traheret
1126 5369 1153 5408 u.
1177 5369 1276 5411 secum
1292 5353 1398 5410 lemma
1419 5369 1471 5411 seu
1495 5353 1684 5410 semitonium

329 5448 440 5515 minua,
472 5442 551 5519 qnod
569 5449 687 5508 ¹tantum
710 5459 729 5500 a
751 5441 877 5500 dissonis
899 5442 999 5499 oritur.
1046 5440 1085 5497 Αι
1113 5450 1339 5499 consentaneum
1366 5447 1425 5511 est,
1455 5438 1588 5497 auditum
1610 5435 1684 5495 illud

330 5529 473 5591 asobole
497 5545 692 5589 consonorum
716 5529 894 5603 distinguere
918 5531 1011 5603 iisque
1035 5526 1170 5585 admissis
1189 5530 1272 5587 inter
1295 5526 1458 5586 canendum
1481 5530 1613 5602 interque
1634 5542 1684 5584 se-

331 5618 426 5682 cunda
448 5617 614 5689 intervella,
637 5616 694 5676 hoe
717 5633 771 5676 eeu
792 5618 923 5693 spurium
946 5614 1107 5691 repudiare.
1154 5614 1250 5690 Quare
1273 5616 1361 5675 etiam
1392 5615 1480 5675 diesis
1503 5617 1578 5673 inter
1600 5616 1683 5690 prin-

330 5705 439 5786 cipalis
460 5712 585 5765 octavae
608 5701 766 5763 intervalla
786 5721 845 5762 uon
868 5705 932 5761 erit
