3684 7259
755 1210 790 1268 de
806 1210 962 1269 Eumenia
1492 1220 1531 1281 gs
1572 1232 1575 1236 ·

183 1386 317 1449 dispositio
335 1387 386 1435 ista
403 1387 547 1436 harmonica
565 1386 615 1437 diei
632 1389 738 1455 poterit,
760 1390 859 1439 etiamsi
877 1387 962 1439 nullus
980 1394 1045 1439 esset
1061 1389 1126 1438 inira
1144 1391 1263 1457 spiritus,
1285 1392 1331 1454 qui
1347 1389 1532 1440 harmoniarum

181 1458 287 1506 istarmu
302 1461 394 1519 typum
411 1458 513 1506 haberet
529 1463 554 1507 et
571 1472 615 1520 per
633 1472 793 1524 consequens,
812 1461 857 1524 qui
874 1461 935 1509 istas
948 1461 1085 1523 superiores
1099 1460 1242 1509 harmonias
1255 1461 1454 1522 persentisceret;
1468 1466 1534 1510 esset

182 1533 267 1576 nmen
284 1527 451 1577 nihilominus
469 1530 581 1590 superior
598 1530 709 1595 spiritus,
726 1531 772 1595 qni
791 1528 884 1594 dirigit,
903 1529 1001 1578 ordinat
1020 1534 1045 1578 at
1062 1531 1109 1579 seit
1126 1530 1281 1579 harmoniam
1298 1530 1373 1579 istam
1392 1532 1532 1591 configure-

182 1597 261 1646 tionis
280 1598 437 1660 superiorum
455 1610 593 1660 corporum.
629 1599 706 1649 Vides
724 1614 789 1660 ergo,
807 1613 884 1664 quem
902 1613 918 1647 a
935 1612 1011 1663 scopo
1028 1601 1135 1663 aberres,
1154 1600 1212 1648 dum
1231 1599 1305 1663 dicis,
1324 1601 1534 1661 configurationes

183 1668 328 1730 superiores
346 1665 507 1733 planetarum
532 1682 583 1718 non
608 1682 661 1730 esse
684 1670 843 1719 harmonicas
860 1668 978 1719 dicendas
1003 1683 1048 1719 uec
1066 1670 1218 1719 harmoniam
1241 1671 1269 1718 in
1291 1671 1353 1731 ipsis
1379 1684 1431 1718 esse
1454 1668 1533 1718 ullam

183 1738 240 1785 sine
256 1739 341 1786 anim
358 1736 544 1801 contemplante
569 1745 594 1787 et
611 1745 773 1802 comparante
796 1744 821 1789 st
838 1754 867 1789 eo
885 1740 941 1801 ipso
959 1741 1032 1805 quasi
1048 1742 1210 1803 progignente
1227 1739 1383 1788 harmoniam
1404 1742 1432 1788 in
1457 1753 1533 1802 supe-

182 1809 277 1856 riorum
293 1808 457 1857 terminorum
475 1810 674 1870 couigurstioue.
709 1811 763 1859 imo
781 1812 932 1860 conuerium
951 1815 1036 1860 verum
1053 1815 1103 1870 eet,
1118 1807 1220 1859 ‘nullam
1242 1810 1275 1857 ah
1301 1810 1387 1857 anima
1404 1808 1533 1860 sublunari

182 1877 341 1927 harmoniam
358 1879 488 1944 cognosci,
506 1881 653 1945 persentiri,
670 1878 778 1942 intelligi
795 1894 881 1945 posse,
898 1881 949 1929 nisi
967 1879 1189 1943 deprehenderetur
1207 1892 1232 1927 et
1249 1884 1312 1927 esest
1333 1880 1359 1926 iu
1377 1883 1532 1942 superiorum

183 1950 378 2009 configuratione
396 1950 534 2011 antitypiea
550 1950 690 2016 hermonis,
717 1955 776 2012 typo
793 1952 839 1999 isti
856 1950 1001 2004 harmoniae
1023 1952 1053 1999 in
1074 1952 1160 1999 anima
1180 1950 1311 1997 sublunari
1329 1950 1532 2011 correspondens.

182 2016 333 2067 lieoessaria
349 2032 407 2079 ergo
426 2024 464 2068 est
475 2018 508 2068 sd
526 2022 661 2069 mantiam
678 2021 823 2070 hermoniae
840 2022 868 2069 in
885 2022 993 2069 materia
1009 2022 1094 2069 anima
1112 2022 1164 2069 sive
1182 2020 1292 2085 spiritus,
1311 2032 1361 2069 nou
1380 2033 1532 2080 cognossem

182 2088 343 2137 harmoniam
359 2090 387 2137 in
404 2089 466 2153 alio,
483 2088 528 2137 sed
547 2091 699 2149 harmoniam
715 2091 831 2140 meuriss
849 2090 1023 2157 introducens,
1042 2092 1172 2139 materiem
1191 2089 1332 2138 harmonice
1351 2089 1487 2150 disponens
1506 2095 1531 2138 et

182 2159 315 2207 mandam
332 2159 476 2208 harmonica
494 2159 644 2222 dispositam
661 2174 762 2210 servans
782 2167 807 2209 et
824 2160 935 2221 dirigam
953 2161 1088 2210 secuudum
1106 2173 1192 2209 omnes
1210 2160 1393 2208 harmoniarum
1416 2161 1466 2207 sibl
1484 2160 1532 2208 lm·

183 2226 456 2292 plautstarumrideas:
479 2242 580 2279 neeesse
597 2232 658 2280 item
676 2231 709 2279 ad
727 2232 861 2279 essentiam
878 2231 1022 2281 harmoniae
1039 2245 1057 2279 a
1074 2231 1180 2279 materis
1196 2231 1351 2290 abstractas,
1377 2231 1441 2290 sive,
1461 2235 1488 2277 ut
1506 2235 1534 2279 tu

184 2298 316 2364 appelles,
334 2299 515 2364 archetypicae,
533 2302 630 2368 anima,
648 2315 698 2351 non
720 2306 817 2349 tentum
830 2314 993 2362 cognoscens,
1018 2301 1062 2351 sed
1078 2301 1221 2365 possidens,
1247 2312 1296 2347 uon
1320 2300 1488 2362 contemplans
1506 2301 1533 2348 in

182 2369 249 2428 alio,
274 2369 365 2419 sedin
382 2383 410 2418 se
427 2371 484 2431 ipsa
501 2371 583 2419 sciens
602 2377 627 2419 et
644 2372 780 2422 secundum
798 2385 854 2420 sam
871 2373 1002 2419 maurium
1020 2385 1107 2436 suani,
1126 2376 1248 2435 tauquam
1266 2369 1400 2418 secuudum
1418 2370 1533 2438 archety-

182 2452 254 2503 pum,
273 2438 410 2501 disponens
428 2446 453 2488 et
470 2439 601 2490 ordinans:
620 2442 685 2490 uude
702 2447 773 2504 patet
790 2443 894 2507 iterum,
914 2442 1025 2500 animam
1042 2439 1214 2490 sublunarium
1231 2439 1266 2488 ad
1283 2454 1332 2488 esse
1349 2440 1533 2487 harmoniarum

181 2510 210 2558 iu
229 2510 425 2570 configuratione
442 2514 467 2557 et
486 2510 674 2562 coordinatione
696 2525 826 2573 corporum
843 2512 999 2574 superiorum
1017 2525 1066 2560 uon
1084 2512 1185 2576 requiri.
1215 2510 1273 2557 Alia
1291 2522 1347 2558 vero
1361 2516 1398 2558 est
1409 2511 1533 2576 quaestio,

268 2580 352 2640 egitur
373 2580 405 2631 de
428 2582 454 2628 vi
476 2587 501 2629 et
522 2582 637 2631 eliensis
661 2582 859 2631 harmonicorum
884 2583 1109 2642 configurationum
1134 2582 1161 2629 in
1188 2580 1332 2641 corporibus
1357 2580 1534 2641 superioribus,

182 2649 314 2714 quomodo
342 2651 439 2699 seilicet
462 2664 507 2699 eae
532 2658 609 2712 agant
624 2653 651 2701 in
669 2651 787 2701 inferiora
804 2658 829 2701 et
846 2649 909 2717 quid
928 2652 959 2700 sd
977 2651 1042 2701 hauc
1060 2652 1228 2714 operationem
1247 2649 1431 2712 producendam
1448 2650 1534 2712 requi·

182 2725 262 2770 ratur.
296 2719 356 2769 Hie
374 2721 495 2786 concedo,
513 2734 564 2770 nou
581 2721 694 2772 sufficere
711 2724 868 2784 superiorum
884 2722 1048 2787 harmoniam,
1067 2722 1117 2770 nisi
1134 2720 1238 2771 accedat
1255 2720 1282 2767 in
1293 2718 1471 2768 sublunaribus
1489 2733 1533 2768 su·

183 2791 278 2851 pastori
295 2790 490 2853 correspondens
507 2791 646 2855 hermonis,
666 2806 731 2853 quae
748 2805 805 2846 esse
821 2794 975 2841 abstractum
993 2792 1070 2842 habet
1086 2794 1113 2840 in
1131 2792 1222 2853 spiritu
1233 2790 1372 2856 sublunari,
1391 2804 1422 2838 es
1441 2802 1492 2849 qua
1510 2796 1535 2838 et

183 2863 257 2921 esim
274 2861 301 2908 vi
317 2862 425 2923 percipit
439 2863 575 2924 superioris
593 2864 797 2929 conigerationis
815 2865 939 2912 adonem
956 2867 981 2910 et
999 2876 1029 2911 ea
1045 2865 1103 2926 ipsa
1120 2862 1216 2910 ratione
1235 2860 1382 2908 admonetur
1402 2863 1455 2921 ejus
1472 2874 1537 2922 ops-

182 2931 336 2990 rationisin
353 2932 483 2980 materiam
501 2945 585 2996 suam,
610 2946 687 2993 quam
704 2934 778 2982 istius
796 2934 942 2982 hermoniae
958 2933 1025 2981 ratio
1042 2926 1160 2994 requirit.¹
1192 2929 1370 2993 Quantitativa
1390 2932 1457 2978 enlm
1476 2932 1533 2978 her-

183 3002 273 3052 monis
289 3002 414 3051 musaeu
432 3001 577 3050 barmoniae
595 3001 760 3063 qualitativas
777 3003 879 3052 indicat

243 3113 248 3129 ι
276 3086 336 3137 Jem
353 3093 452 3151 tempus
469 3095 521 3151 est,
546 3090 576 3138 de
600 3090 731 3139 harmonia
748 3082 901 3151 qualitativa
925 3092 1012 3152 paucis
1035 3092 1111 3139 etism
1129 3103 1215 3154 agera,
1239 3101 1315 3148 quam
1337 3094 1364 3135 tu
1382 3085 1422 3135 vel
1438 3084 1535 3134 nullam
1595 3138 1598 3143 ,

184 3157 304 3207 ooneadb
322 3156 362 3207 vel
380 3159 493 3220 adquam
510 3161 624 3221 negligis.
660 3160 716 3209 Non
734 3163 808 3224 euim,
827 3167 855 3208 nt
872 3166 901 3209 tu
919 3162 1061 3209 aslstimare
1079 3160 1178 3226 videris,
1196 3160 1282 3207 anima
1293 3156 1434 3206 sublunaris
1451 3170 1535 3221 quan·

184 3228 291 3277 titativa
308 3233 408 3278 uotum
425 3229 558 3281 hermenia
575 3230 608 3279 ad
626 3231 750 3291 agendum
769 3232 956 3297 exstimulatur3
980 3232 1042 3291 quid
1059 3236 1143 3279 autem
1162 3228 1321 3278 exstimulata
1342 3241 1414 3287 agere
1437 3227 1534 3292 debeat,

184 3314 215 3347 es
235 3298 343 3347 fortuita
359 3300 480 3347 materiae
498 3305 564 3349 certo
583 3301 656 3350 modo
675 3301 811 3363 dispositae
829 3304 971 3363 praesentia
987 3302 1063 3365 petit,
1082 3301 1126 3349 sed
1143 3297 1219 3349 simul
1237 3295 1400 3358 qualitativas
1417 3294 1536 3356 intelllgit

183 3369 341 3432 harmonias,
360 3370 461 3429 qulbus,
479 3369 540 3430 quid
561 3371 589 3419 in
607 3371 655 3419 hac
671 3368 711 3419 vel
727 3373 779 3420 ista
797 3373 968 3431 quantitatum
987 3371 1150 3434 dispositione
1167 3382 1239 3431 egere
1258 3368 1356 3430 debeat,
1375 3366 1535 3421 admonetur.

184 3442 247 3488 itare
265 3436 387 3499 intelligit
406 3438 517 3488 ordinem
535 3442 668 3501 spirituum
686 3441 848 3505 superiorum,
866 3440 992 3507 iutelligit,
1011 3455 1087 3502 quam
1099 3438 1248 3501 qualitatum
1265 3437 1418 3486 harmoniam
1437 3436 1479 3485 hic
1497 3433 1537 3484 vel

186 3511 235 3557 iste
254 3509 360 3571 spiritus
377 3510 406 3558 in
423 3508 527 3558 bouvel
545 3512 594 3559 isto
613 3512 767 3573 superiorum
785 3525 916 3573 corporum
935 3513 1078 3572 concinnet,
1099 3509 1218 3571 intelligit
1235 3508 1387 3557 morentiae
1404 3506 1537 3569 spirituum

189 3576 330 3628 scandum
346 3573 458 3628 redense
475 3578 682 3639 qualitativarum
700 3582 894 3643 harmoniarum,
910 3582 1073 3645 unde-novit,
1091 3579 1155 3629 aliae
1173 3594 1226 3629 esse
1243 3579 1313 3628 ideas
1330 3574 1537 3637 qualitativarum

185 3647 377 3699 bumoniarum
394 3651 423 3697 iu
439 3649 515 3715 Jove,
539 3649 605 3700 alias
622 3653 649 3700 in
666 3646 794 3702 Mercurio
810 3656 870 3714 etc,
892 3652 952 3701 hino
969 3653 1045 3700 ctiam
1064 3653 1122 3712 seit,
1145 3650 1224 3699 eliam
1242 3648 1393 3712 operationis
1413 3647 1536 3695 rationem

185 3741 241 3780 esse
256 3730 285 3776 iu
302 3727 339 3792 A
359 3728 449 3777 lierda
461 3743 517 3777 oum
528 3730 599 3797 Jove,
617 3729 695 3781 eliam
712 3733 739 3781 iu
756 3731 793 3796 A
815 3729 932 3779 lfarourii
949 3745 1005 3780 cnm
1022 3730 1094 3796 Jove,
1112 3728 1190 3778 uliam
1206 3730 1234 3777 in
1255 3726 1291 3792 A
1309 3727 1397 3775 hiartis
1415 3728 1440 3773 et
1455 3724 1537 3773 Vene-

185 3813 232 3861 ris.
270 3808 314 3858 Sic
331 3806 394 3856 ordo
413 3812 439 3854 et
456 3813 538 3856 motus¹
554 3810 708 3871 superiorum
726 3812 753 3859 in
771 3810 897 3874 operando
916 3816 1003 3871 regunt
1022 3810 1133 3860 ordinem
1151 3812 1287 3858 et·motum
1305 3805 1458 3869 operationis
1476 3804 1537 3852 sub·
1596 3857 1606 3875 ο

184 3878 315 3929 Ιιιωὶιιπι
333 3881 358 3926 et
375 3874 522 3926 inferiorum
540 3881 727 3941 operationibus
745 3887 871 3945 praesunt,
889 3882 939 3942 ipsi
957 3895 1056 3943 quoque
1074 3882 1101 3928 in
1119 3895 1166 3929 suu
1182 3880 1283 3939 regione
1301 3889 1351 3924 uon
1366 3874 1458 3923 frustra
1476 3887 1536 3936 ops·

186 3955 271 3999 rantes
291 3954 316 3997 et
334 3945 486 4007 qualitatum
505 3947 619 3997 efficaces
638 3951 780 3999 harmonias
787 3951 954 4016 possidentes,
974 3950 1185 4011 quemadmodum
1202 3948 1332 3998 inferiores
1351 3945 1454 4008 spiritus
1472 3947 1537 4004 qua·

184 4019 288 4069 linium
306 4018 449 4066 hsrmomss
467 4017 498 4065 sd
516 4032 575 4067 suos
593 4026 618 4067 et
635 4023 717 4069 varios
729 4035 790 4069 usus
801 4020 932 4082 possident
949 4020 1068 4071 eficscas.
1097 4019 1217 4085 Quaeres,
1236 4030 1299 4079 quas
1317 4029 1374 4075 ergo
1388 4012 1538 4076 qualitatum

184 4091 298 4139 rationes
315 4085 454 4150 superiores
471 4088 574 4149 spiritus
591 4091 738 4151 possideant
763 4096 788 4139 ct
805 4092 831 4138 lu
848 4092 979 4139 materiam
1003 4105 1075 4139 suum
1092 4090 1269 4139 introducenti
1305 4086 1358 4134 iias
1382 4099 1413 4133 es
1432 4083 1535 4133 inferio·

185 4161 256 4209 ribus
272 4156 420 4209 inferiorum
439 4158 571 4222 spirituum
590 4161 777 4222 operationibus
796 4160 875 4223 disee,
901 4165 927 4209 at
943 4162 997 4224 ipse
1013 4165 1066 4223 jam
1091 4160 1118 4207 in
1135 4157 1219 4209 Tertio
1237 4156 1432 4220 interveniente,
1454 4167 1534 4215 quen·

186 4243 263 4291 quam
281 4226 405 4288 mutilate,
424 4227 539 4289 docuisti,
567 4242 631 4289 quae
649 4233 715 4279 euim
739 4236 763 4279 tc
781 4232 845 4278 ratio
864 4232 944 4291 coigit
970 4236 1022 4279 tam
1039 4232 1112 4279 ilrma
1129 4235 1154 4279 et
1171 4233 1273 4292 potens,
1297 4231 1325 4274 ut
1349 4226 1488 4274 siceitatem
1513 4227 1538 4270 et

185 4299 363 4364 frigiditatem,
388 4300 576 4359 potentissimas
594 4299 742 4365 qualitates,
765 4315 778 4348 e
801 4301 953 4361 qualitatum
974 4314 1077 4350 numero
1101 4300 1217 4361 ejeceris?
1251 4296 1415 4365 Experieutia
1438 4292 1543 4352 medlea

185 4373 306 4433 testatur,
326 4366 387 4428 qnid
406 4365 522 4416 caliditas
540 4376 567 4417 at
583 4368 707 4431 frigiditas
725 4374 752 4419 in
771 4371 926 4420 concitandis
946 4377 971 4418 et
987 4372 1048 4420 item
1066 4370 1194 4419 medendis
1212 4368 1305 4417 morbis
1328 4378 1413 4429 pugna
1435 4377 1481 4411 sua
1498 4361 1537 4411 'sf-

186 4443 259 4490 scsra
277 4444 366 4499 queat;
391 4436 492 4485 affunde
510 4440 735 4501 aquamfrigidam
753 4440 871 4490 candenti
887 4440 967 4503 lapidi
985 4446 1010 4489 et
1027 4441 1138 4506 videbis,
1162 4453 1223 4488 num
1246 4439 1347 4488 siccitas
1369 4440 1394 4484 et
1412 4432 1537 4494 frigiditas

186 4516 285 4560 tantm
309 4509 360 4558 sint
376 4507 538 4569 privationes.
567 4508 704 4559 Hebentne
720 4512 873 4574 privationes
890 4511 956 4560 hane
974 4512 1037 4572 vim,
1063 4515 1092 4559 ut
1116 4511 1236 4573 positivae
1255 4506 1391 4569 qualitates
1414 4500 1538 4565 expellere

187 4585 296 4643 queant,
318 4577 387 4639 qnod
404 4584 489 4626 tamen
506 4578 570 4628 facit
586 4580 711 4641 frigiditas
728 4582 755 4629 in
774 4595 842 4645 uaso,
860 4580 967 4643 pedibus
985 4587 1010 4628 et
1027 4582 1112 4642 genis,
1136 4577 1186 4630 imo
1205 4587 1278 4642 saepe
1301 4584 1355 4625 toto
1374 4585 1474 4635 corpore
1492 4584 1539 4634 per

187 4650 258 4714 alpes
277 4649 322 4699 diu
339 4650 366 4695 in
383 4648 485 4696 nivibus
503 4648 702 4699 ambulantium?
739 4649 865 4712 Gompone
882 4650 985 4699 herbam
998 4663 1093 4699 summe
1108 4648 1216 4699 calidam
1230 4655 1255 4697 st
1265 4649 1357 4697 siccam
1374 4658 1431 4693 eum
1443 4654 1538 4691 summe

186 4720 293 4771 humida
310 4723 335 4768 et
352 4717 530 4785 frigidaserta
547 4721 721 4782 proportione,
740 4728 764 4769 et
781 4722 885 4783 impone
902 4717 993 4785 ulceri,
1012 4735 1028 4769 a
1047 4734 1122 4769 cansa
1139 4718 1230 4769 biliosa
1247 4716 1370 4781 profecto,
1397 4720 1422 4762 et
1439 4710 1537 4760 videbis

187 4791 249 4853 quid
267 4788 392 4839 effecturis
409 4789 454 4837 sis.
490 4786 540 4837 (lnr
563 4789 652 4854 ebullit
674 4789 733 4840 hilis
759 4792 786 4839 in
812 4803 913 4853 corpore
936 4785 1044 4839 hu'mano
1067 4792 1146 4840 siiusa
1168 4796 1269 4853 repente
1286 4785 1390 4851 frigida,
1415 4784 1442 4831 in
1460 4782 1538 4829 nimia

185 4874 270 4923 aquae
288 4859 482 4920 ingurgitatione
500 4865 629 4909 eminente
648 4874 750 4923 corpore
761 4856 895 4910 nnivesioi
926 4858 1140 4923 corrumpuntur
1157 4861 1221 4909 vitra
1233 4857 1355 4908 ferventia
1372 4854 1454 4901 eflusa
1471 4864 1539 4912 squa

188 4930 297 4994 frigidai
332 4928 366 4977 Et
383 4942 506 4988 quaenam
523 4929 621 4991 reliqua
638 4936 703 4979 esset
721 4932 884 4980 contrarietas
902 4932 928 4979 tu
947 4932 1033 4996 rebus,
1057 4932 1079 4979 si
1096 4932 1144 4981 has
1163 4931 1227 4979 duae
1246 4924 1381 4988 qualitates
1399 4919 1538 4972 cathcbcee

187 5004 299 5050 omnium
317 4999 515 5061 antipathiamm
533 5006 557 5048 et
575 5002 771 5062 sympathiumm
793 5016 843 5050 nna
863 5015 923 5049 cum
947 5000 1050 5061 reliquie
1077 5001 1175 5051 duabus
1198 5011 1289 5046 causeo
1312 5010 1325 5043 a
1348 4999 1439 5043 natura
1457 4995 1539 5040 retum

186 5072 299 5134 positiva
314 5066 482 5117 tollerentur?
517 5070 588 5119 Unde
610 5080 680 5119 tuum
699 5072 808 5120 medium
833 5077 857 5120 et
874 5085 983 5133 aequum
1007 5071 1131 5134 prodiret,
1157 5071 1206 5118 nisi
1231 5073 1295 5116 esset
1319 5067 1407 5113 berum
1431 5076 1464 5123 qu
1504 5119 1513 5136 .·

186 5140 341 5203 qualitatum
367 5139 581 5201 mnumpsratiet
604 5144 653 5190 ime
679 5140 775 5190 nullum
798 5143 827 5190 in
845 5156 927 5190 rerum
951 5148 1042 5190 natura
1061 5140 1159 5190 daretur
1176 5142 1409 5200 temperamentum.
1450 5134 1483 5182 Vl
1509 5189 1512 5194 Ι

188 5212 258 5273 qnod
274 5214 431 5275 minente,
450 5212 541 5270 quibus
559 5216 646 5274 contra
664 5217 689 5260 te
705 5226 798 5278 pugno,
816 5213 905 5259 saltem
923 5213 1040 5261 innuam:
1058 5218 1086 5260 tu
1101 5208 1209 5258 ulterius
1224 5206 1348 5270 perpende
1367 5210 1399 5270 et,
1417 5204 1460 5252 si‘
1486 5271 1490 5276 Ι

171 5287 270 5332 ‘everte
289 5296 328 5331 sa
344 5299 349 5316 ι
365 5278 406 5346 hd
423 5281 497 5328 duem
515 5295 629 5346 propero,
646 5282 691 5330 ubi
708 5284 810 5331 unicum
828 5282 911 5329 adhuc
928 5295 1054 5333 monuero.
1091 5279 1201 5328 Nimium
1219 5277 1338 5326 audacter
1359 5279 1387 5323 tu
1404 5288 1451 5335 geu
1500 5327 1509 5342 ,
1532 5283 1544 5344 j

189 5368 230 5402 cas
247 5354 359 5401 adona
377 5350 500 5398 deideasti
523 5357 621 5414 praeter
643 5357 668 5401 et
686 5358 771 5401 conus
788 5352 836 5401 Dei
854 5352 970 5415 verbum,
984 5352 1059 5405 ¹ratio
1078 5349 1178 5409 quidem
1197 5349 1296 5396 curiosa
1317 5347 1355 5395 ita
1379 5346 1427 5394 tibi
1446 5321 1539 5396 ansilla

188 5424 263 5472 bomo
282 5422 316 5471 sd
333 5421 469 5482 imaginem
489 5421 538 5474 nsi
556 5426 581 5469 et
598 5424 730 5484 praecipue
747 5425 833 5471 anima
855 5425 909 5483 ejus
928 5418 1029 5469 condita
1052 5424 1103 5484 est,
1130 5426 1155 5467 et
1172 5416 1380 5479 quemadmodum
1403 5415 1540 5464 inanima

188 5494 300 5542 hominis
317 5483 448 5552 archatni
465 5496 523 5539 sust
539 5491 724 5540 harmoniarum
743 5484 868 5553 omnium,
888 5492 925 5539 sio
942 5496 967 5538 st
983 5492 1010 5537 in
1029 5490 1098 5548 Deo,
1125 5488 1193 5550 quod
1211 5493 1295 5538 antem
1311 5487 1411 5535 inDeo
1430 5491 1481 5535 est.
1503 5484 1541 5531 est

189 5563 259 5624 ilaus
275 5564 344 5624 ipse:
362 5574 422 5622 ergo
441 5560 585 5611 hermoniae
603 5566 628 5610 st
644 5565 808 5621 geometricae
825 5563 935 5610 rationes
948 5560 1002 5608 Dee
1020 5564 1079 5607 sunt
1090 5565 1237 5608 coaeternae
1253 5566 1278 5608 et
1291 5560 1357 5608 Deus
1372 5558 1434 5619 lpse.
1463 5553 1539 5604 Plau·

191 5631 275 5682 sibilis
294 5632 397 5694 quidem
414 5632 487 5687 ratio.
506 5645 556 5692 qua
573 5638 599 5680 et
615 5644 661 5692 ego
679 5639 761 5680 motus
779 5631 839 5681 olim
858 5628 968 5696 ejusdem
986 5642 1053 5677 eram
1071 5630 1210 5678 renuntias
1228 5633 1253 5677 et
1264 5630 1330 5678 hanc
1347 5630 1469 5689 insignem
1487 5635 1540 5674 esse

190 5705 344 5765 saplutiam
361 5702 502 5767 wahan,
521 5716 573 5763 qua
589 5704 676 5758 qmnia
692 5701 807 5752 deiicere
824 5707 952 5764 poteram:
969 5700 1069 5761 inipso
1087 5700 1163 5767 enim,
1181 5699 1236 5751 Deo
1253 5699 1349 5749 scilcet
1367 5699 1458 5761 (inquit
1469 5698 1539 5760 Apo-

243 5795 466 5852 nvmomv·
1365 5781 1383 5846 a

1583 4949 1679 5194 a
