<?xml version="1.0" encoding="UTF-8"?>
<!DOCTYPE html PUBLIC "-//W3C//DTD XHTML 1.0 Transitional//EN"
    "http://www.w3.org/TR/xhtml1/DTD/xhtml1-transitional.dtd">
<html xmlns="http://www.w3.org/1999/xhtml" xml:lang="en" lang="en">
 <head>
  <title>
</title>
<meta http-equiv="Content-Type" content="text/html;charset=utf-8" />
  <meta name='ocr-system' content='tesseract 3.04.00' />
  <meta name='ocr-capabilities' content='ocr_page ocr_carea ocr_par ocr_line ocrx_word'/>
</head>
<body>
  <div class='ocr_page' id='page_1' title='image "./joanniskepleria09frisgoog_0252.png"; bbox 0 0 3684 7259; ppageno 0'>
   <div class='ocr_carea' id='block_1_1' title="bbox 498 1183 2372 1260">
    <p class='ocr_par' dir='ltr' id='par_1_1' title="bbox 498 1183 2372 1260">
     <span class='ocr_line' id='line_1_1' title="bbox 498 1183 2372 1260; baseline -0.002 -8"><span class='ocrx_word' id='word_1_1' title='bbox 498 1193 625 1252; x_wconf 74' lang='lat'><strong>288</strong></span> <span class='ocrx_word' id='word_1_2' title='bbox 1327 1190 1411 1245; x_wconf 86' lang='lat' dir='ltr'><strong>De</strong></span> <span class='ocrx_word' id='word_1_3' title='bbox 1446 1183 1981 1260; x_wconf 57' lang='lat' dir='ltr'><strong>Configumtionibffi</strong></span> <span class='ocrx_word' id='word_1_4' title='bbox 2217 1193 2372 1250; x_wconf 75' lang='lat' dir='ltr'><strong>uicis.</strong></span> 
     </span>
    </p>
   </div>
   <div class='ocr_carea' id='block_1_2' title="bbox 625 1362 3204 1895">
    <p class='ocr_par' dir='ltr' id='par_1_2' title="bbox 801 1362 3204 1440">
     <span class='ocr_line' id='line_1_2' title="bbox 801 1362 3204 1440; baseline 0.002 -21"><span class='ocrx_word' id='word_1_5' title='bbox 801 1364 896 1411; x_wconf 57' lang='lat' dir='ltr'><strong>Vis·</strong></span> <span class='ocrx_word' id='word_1_6' title='bbox 925 1362 993 1405; x_wconf 66' lang='lat'><strong>³*-</strong></span> <span class='ocrx_word' id='word_1_7' title='bbox 1219 1365 1232 1382; x_wconf 88' lang='lat'><em>&#39;</em></span> <span class='ocrx_word' id='word_1_8' title='bbox 1268 1380 1455 1421; x_wconf 85' lang='lat' dir='ltr'><strong>eorum</strong></span> <span class='ocrx_word' id='word_1_9' title='bbox 1482 1383 1633 1436; x_wconf 82' lang='lat' dir='ltr'><strong>quae</strong></span> <span class='ocrx_word' id='word_1_10' title='bbox 1683 1370 1841 1438; x_wconf 67' lang='lat' dir='ltr'><strong>fiant.</strong></span> <span class='ocrx_word' id='word_1_11' title='bbox 1916 1369 2255 1437; x_wconf 68' lang='lat' dir='ltr'><strong>Congu-nunt-</strong></span> <span class='ocrx_word' id='word_1_12' title='bbox 2281 1369 2422 1423; x_wconf 87' lang='lat' dir='ltr'><strong>enim</strong></span> <span class='ocrx_word' id='word_1_13' title='bbox 2469 1370 2646 1425; x_wconf 85' lang='lat' dir='ltr'><strong>latera</strong></span> <span class='ocrx_word' id='word_1_14' title='bbox 2694 1386 2792 1426; x_wconf 81' lang='lat' dir='ltr'><strong>seu</strong></span> <span class='ocrx_word' id='word_1_15' title='bbox 2826 1370 3066 1440; x_wconf 80' lang='lat' dir='ltr'><strong>parietes</strong></span> <span class='ocrx_word' id='word_1_16' title='bbox 3103 1368 3204 1425; x_wconf 88' lang='lat' dir='ltr'><strong>do·</strong></span> 
     </span>
    </p>

    <p class='ocr_par' dir='ltr' id='par_1_3' title="bbox 1058 1448 3203 1519">
     <span class='ocr_line' id='line_1_3' title="bbox 1058 1448 3203 1519; baseline 0.004 -25"><span class='ocrx_word' id='word_1_17' title='bbox 1058 1459 1114 1519; x_wconf 52' lang='lat' dir='ltr'><strong>ff</strong></span> <span class='ocrx_word' id='word_1_18' title='bbox 1262 1460 1399 1509; x_wconf 84' lang='lat' dir='ltr'><strong>mus,</strong></span> <span class='ocrx_word' id='word_1_19' title='bbox 1437 1453 1501 1500; x_wconf 89' lang='lat' dir='ltr'><strong>ut</strong></span> <span class='ocrx_word' id='word_1_20' title='bbox 1535 1448 1607 1501; x_wconf 89' lang='lat' dir='ltr'><strong>sit</strong></span> <span class='ocrx_word' id='word_1_21' title='bbox 1643 1448 1859 1512; x_wconf 80' lang='lat' dir='ltr'><strong>domus,</strong></span> <span class='ocrx_word' id='word_1_22' title='bbox 1905 1463 2014 1502; x_wconf 83' lang='lat' dir='ltr'><strong>non</strong></span> <span class='ocrx_word' id='word_1_23' title='bbox 2055 1456 2119 1502; x_wconf 92' lang='grc' dir='ltr'><strong>ιιι</strong></span> <span class='ocrx_word' id='word_1_24' title='bbox 2154 1448 2369 1501; x_wconf 84' lang='lat' dir='ltr'><strong>demum</strong></span> <span class='ocrx_word' id='word_1_25' title='bbox 2406 1454 2461 1500; x_wconf 87' lang='lat' dir='ltr'><strong>et</strong></span> <span class='ocrx_word' id='word_1_26' title='bbox 2492 1457 2759 1519; x_wconf 83' lang='lat' dir='ltr'><strong>perpetuo</strong></span> <span class='ocrx_word' id='word_1_27' title='bbox 2798 1448 3014 1519; x_wconf 78' lang='lat' dir='ltr'><strong>quidem</strong></span> <span class='ocrx_word' id='word_1_28' title='bbox 3053 1450 3203 1503; x_wconf 88' lang='lat' dir='ltr'><strong>aedi-</strong></span> 
     </span>
    </p>

    <p class='ocr_par' dir='ltr' id='par_1_4' title="bbox 709 1523 3203 1599">
     <span class='ocr_line' id='line_1_4' title="bbox 709 1523 3203 1599; baseline -0.002 -16"><span class='ocrx_word' id='word_1_29' title='bbox 709 1527 978 1599; x_wconf 54' lang='lat' dir='ltr'><strong>f‘ss³&#39;T““</strong></span> <span class='ocrx_word' id='word_1_30' title='bbox 1022 1523 1058 1583; x_wconf 57' lang='lat' dir='ltr'><em>j</em></span> <span class='ocrx_word' id='word_1_31' title='bbox 1265 1524 1474 1580; x_wconf 83' lang='lat' dir='ltr'><strong>ficetur.</strong></span> <span class='ocrx_word' id='word_1_32' title='bbox 1547 1528 1612 1595; x_wconf 72' lang='lat'><strong>4)</strong></span> <span class='ocrx_word' id='word_1_33' title='bbox 1645 1527 1694 1582; x_wconf 83' lang='lat' dir='ltr'>A</span> <span class='ocrx_word' id='word_1_34' title='bbox 1727 1528 2052 1598; x_wconf 68' lang='lat' dir='ltr'><strong>cognatione</strong></span> <span class='ocrx_word' id='word_1_35' title='bbox 2088 1529 2506 1597; x_wconf 66' lang='lat' dir='ltr'><strong>congruentiae,</strong></span> <span class='ocrx_word' id='word_1_36' title='bbox 2555 1539 2619 1582; x_wconf 92' lang='lat' dir='ltr'><strong>ut</strong></span> <span class='ocrx_word' id='word_1_37' title='bbox 2651 1544 2876 1597; x_wconf 82' lang='lat' dir='ltr'><strong>causae,</strong></span> <span class='ocrx_word' id='word_1_38' title='bbox 2913 1543 3038 1583; x_wconf 88' lang='lat' dir='ltr'><strong>cum</strong></span> <span class='ocrx_word' id='word_1_39' title='bbox 3076 1544 3203 1583; x_wconf 81' lang='lat' dir='ltr'><strong>eon-</strong></span> 
     </span>
    </p>

    <p class='ocr_par' dir='ltr' id='par_1_5' title="bbox 625 1595 3204 1895">
     <span class='ocr_line' id='line_1_5' title="bbox 645 1601 3204 1679; baseline 0.003 -25"><span class='ocrx_word' id='word_1_40' title='bbox 645 1619 701 1679; x_wconf 28' lang='grc' dir='ltr'><strong>μζ,</strong></span> <span class='ocrx_word' id='word_1_41' title='bbox 853 1607 877 1679; x_wconf 54' lang='grc' dir='ltr'><strong>,ε’</strong></span> <span class='ocrx_word' id='word_1_42' title='bbox 926 1659 938 1675; x_wconf 41' lang='lat'><strong>¹</strong></span> <span class='ocrx_word' id='word_1_43' title='bbox 974 1659 982 1671; x_wconf 87' lang='lat'><strong>..</strong></span> <span class='ocrx_word' id='word_1_44' title='bbox 1266 1601 1700 1671; x_wconf 62' lang='lat' dir='ltr'><strong>figuratioaffius.</strong></span> <span class='ocrx_word' id='word_1_45' title='bbox 1774 1606 1915 1660; x_wconf 82' lang='lat' dir='ltr'><strong>Sunt</strong></span> <span class='ocrx_word' id='word_1_46' title='bbox 1950 1611 2091 1665; x_wconf 84' lang='lat' dir='ltr'><strong>enim</strong></span> <span class='ocrx_word' id='word_1_47' title='bbox 2123 1627 2225 1667; x_wconf 78' lang='lat' dir='ltr'><strong>eae</strong></span> <span class='ocrx_word' id='word_1_48' title='bbox 2261 1608 2463 1678; x_wconf 78' lang='lat' dir='ltr'><strong>anguli,</strong></span> <span class='ocrx_word' id='word_1_49' title='bbox 2497 1615 2557 1662; x_wconf 89' lang='lat' dir='ltr'><strong>at</strong></span> <span class='ocrx_word' id='word_1_50' title='bbox 2590 1607 2948 1676; x_wconf 86' lang='lat' dir='ltr'><strong>congruentia</strong></span> <span class='ocrx_word' id='word_1_51' title='bbox 2983 1623 3204 1677; x_wconf 86' lang='lat' dir='ltr'><strong>quoque</strong></span> 
     </span>
     <span class='ocr_line' id='line_1_6' title="bbox 625 1667 2182 1895; baseline 0.012 -168"><span class='ocrx_word' id='word_1_52' title='bbox 625 1688 641 1727; x_wconf 57' lang='lat' dir='ltr'>f</span> <span class='ocrx_word' id='word_1_53' title='bbox 669 1675 681 1687; x_wconf 87' lang='grc'><strong>’“</strong></span> <span class='ocrx_word' id='word_1_54' title='bbox 705 1675 741 1687; x_wconf 79' lang='grc'><strong>“”</strong></span> <span class='ocrx_word' id='word_1_55' title='bbox 833 1683 898 1739; x_wconf 88' lang='lat'><strong>&#39;4</strong></span> <span class='ocrx_word' id='word_1_56' title='bbox 938 1699 958 1727; x_wconf 56' lang='grc' dir='ltr'><strong>ι</strong></span> <span class='ocrx_word' id='word_1_57' title='bbox 986 1703 1002 1763; x_wconf 50' lang='grc' dir='ltr'><strong>,ζ</strong></span> <span class='ocrx_word' id='word_1_58' title='bbox 1026 1691 1074 1758; x_wconf 68' lang='grc' dir='ltr'><strong>·ῗ“</strong></span> <span class='ocrx_word' id='word_1_59' title='bbox 1094 1667 1170 1895; x_wconf 31' lang='grc' dir='ltr'><strong>’λ</strong></span> <span class='ocrx_word' id='word_1_60' title='bbox 1268 1680 1413 1735; x_wconf 80' lang='lat' dir='ltr'><strong>inest</strong></span> <span class='ocrx_word' id='word_1_61' title='bbox 1444 1682 1635 1751; x_wconf 71' lang='lat' dir='ltr'><strong>figuris</strong></span> <span class='ocrx_word' id='word_1_62' title='bbox 1671 1694 1901 1755; x_wconf 80' lang='lat' dir='ltr'><strong>propter</strong></span> <span class='ocrx_word' id='word_1_63' title='bbox 1934 1691 2182 1759; x_wconf 86' lang='lat' dir='ltr'><strong>angulos.</strong></span> 
     </span>
    </p>
   </div>
   <div class='ocr_carea' id='block_1_3' title="bbox 1270 1826 3202 2087">
    <p class='ocr_par' dir='ltr' id='par_1_6' title="bbox 1270 1826 3202 2087">
     <span class='ocr_line' id='line_1_7' title="bbox 1441 1826 3202 1909; baseline 0.001 -23"><span class='ocrx_word' id='word_1_64' title='bbox 1441 1826 1744 1891; x_wconf 85' lang='lat' dir='ltr'><strong>Hactenus</strong></span> <span class='ocrx_word' id='word_1_65' title='bbox 1800 1832 2037 1895; x_wconf 86' lang='lat' dir='ltr'><strong>fuerunt</strong></span> <span class='ocrx_word' id='word_1_66' title='bbox 2099 1838 2252 1893; x_wconf 77' lang='lat' dir='ltr'><strong>inter</strong></span> <span class='ocrx_word' id='word_1_67' title='bbox 2294 1850 2359 1893; x_wconf 87' lang='lat' dir='ltr'><strong>se</strong></span> <span class='ocrx_word' id='word_1_68' title='bbox 2420 1834 2726 1909; x_wconf 85' lang='lat' dir='ltr'><strong>oppositae</strong></span> <span class='ocrx_word' id='word_1_69' title='bbox 2777 1830 3202 1890; x_wconf 68' lang='lat' dir='ltr'><strong>consonantiae</strong></span> 
     </span>
     <span class='ocr_line' id='line_1_8' title="bbox 1272 1915 3199 1999; baseline 0 -25"><span class='ocrx_word' id='word_1_70' title='bbox 1272 1921 1332 1974; x_wconf 81' lang='lat' dir='ltr'><strong>et</strong></span> <span class='ocrx_word' id='word_1_71' title='bbox 1396 1915 1927 1996; x_wconf 80' lang='lat' dir='ltr'><strong>configurationes3</strong></span> <span class='ocrx_word' id='word_1_72' title='bbox 1991 1924 2055 1979; x_wconf 88' lang='lat' dir='ltr'><strong>in</strong></span> <span class='ocrx_word' id='word_1_73' title='bbox 2109 1922 2382 1999; x_wconf 81' lang='lat' dir='ltr'><strong>sequenti</strong></span> <span class='ocrx_word' id='word_1_74' title='bbox 2449 1918 2550 1978; x_wconf 85' lang='lat' dir='ltr'><strong>flet</strong></span> <span class='ocrx_word' id='word_1_75' title='bbox 2613 1920 2907 1995; x_wconf 85' lang='lat' dir='ltr'><strong>oppositio</strong></span> <span class='ocrx_word' id='word_1_76' title='bbox 2966 1916 3087 1976; x_wconf 88' lang='lat' dir='ltr'><strong>alia</strong></span> <span class='ocrx_word' id='word_1_77' title='bbox 3141 1918 3199 1974; x_wconf 88' lang='lat' dir='ltr'><strong>in</strong></span> 
     </span>
     <span class='ocr_line' id='line_1_9' title="bbox 1270 2002 2990 2087; baseline 0 -25"><span class='ocrx_word' id='word_1_78' title='bbox 1270 2002 1415 2062; x_wconf 89' lang='lat' dir='ltr'><strong>solis</strong></span> <span class='ocrx_word' id='word_1_79' title='bbox 1462 2005 2025 2082; x_wconf 74' lang='lat' dir='ltr'><strong>configurationibus</strong></span> <span class='ocrx_word' id='word_1_80' title='bbox 2071 2010 2487 2087; x_wconf 79' lang='lat' dir='ltr'><strong>congruentiae</strong></span> <span class='ocrx_word' id='word_1_81' title='bbox 2533 2014 2593 2066; x_wconf 90' lang='lat' dir='ltr'><strong>et</strong></span> <span class='ocrx_word' id='word_1_82' title='bbox 2636 2006 2990 2067; x_wconf 82' lang='lat' dir='ltr'><strong>scibilitatis.</strong></span> 
     </span>
    </p>
   </div>
   <div class='ocr_carea' id='block_1_4' title="bbox 605 1683 1138 2191">
    <p class='ocr_par' dir='ltr' id='par_1_7' title="bbox 605 1683 1138 2191">
     <span class='ocr_line' id='line_1_10' title="bbox 605 1683 1138 2191; baseline 0 5068"><span class='ocrx_word' id='word_1_83' title='bbox 605 1683 1138 2191; x_wconf 95' lang='lat' dir='ltr'><strong> </strong></span> 
     </span>
    </p>
   </div>
   <div class='ocr_carea' id='block_1_5' title="bbox 488 2265 3234 3060">
    <p class='ocr_par' dir='ltr' id='par_1_8' title="bbox 497 2265 3234 2448">
     <span class='ocr_line' id='line_1_11' title="bbox 671 2265 3203 2350; baseline -0.001 -23"><span class='ocrx_word' id='word_1_84' title='bbox 671 2269 1116 2346; x_wconf 87' lang='lat' dir='ltr'><strong>Propositio</strong></span> <span class='ocrx_word' id='word_1_85' title='bbox 1162 2267 1267 2325; x_wconf 88' lang='lat' dir='ltr'><strong>IV.</strong></span> <span class='ocrx_word' id='word_1_86' title='bbox 1362 2265 1454 2325; x_wconf 85' lang='lat' dir='ltr'><strong>Ad</strong></span> <span class='ocrx_word' id='word_1_87' title='bbox 1486 2268 2011 2346; x_wconf 76' lang='lat' dir='ltr'><strong>configurationum</strong></span> <span class='ocrx_word' id='word_1_88' title='bbox 2043 2272 2361 2334; x_wconf 83' lang='lat' dir='ltr'><strong>efficaciam</strong></span> <span class='ocrx_word' id='word_1_89' title='bbox 2406 2270 2538 2350; x_wconf 87' lang='lat' dir='ltr'><strong>plus</strong></span> <span class='ocrx_word' id='word_1_90' title='bbox 2583 2275 2779 2347; x_wconf 85' lang='lat' dir='ltr'><strong>potest</strong></span> <span class='ocrx_word' id='word_1_91' title='bbox 2823 2267 3203 2343; x_wconf 75' lang='lat' dir='ltr'><strong>congruentia</strong></span> 
     </span>
     <span class='ocr_line' id='line_1_12' title="bbox 497 2356 3234 2448; baseline -0.001 -33"><span class='ocrx_word' id='word_1_92' title='bbox 497 2357 845 2434; x_wconf 83' lang='lat' dir='ltr'><strong>figurarum,</strong></span> <span class='ocrx_word' id='word_1_93' title='bbox 894 2374 1067 2433; x_wconf 90' lang='lat' dir='ltr'><strong>quam</strong></span> <span class='ocrx_word' id='word_1_94' title='bbox 1114 2356 1416 2414; x_wconf 88' lang='lat' dir='ltr'><strong>scibilitas.</strong></span> <span class='ocrx_word' id='word_1_95' title='bbox 3039 2435 3052 2448; x_wconf 35' lang='grc' dir='ltr'><strong>ι</strong></span> <span class='ocrx_word' id='word_1_96' title='bbox 3228 2441 3234 2446; x_wconf 21' lang='lat'>¹</span> 
     </span>
    </p>

    <p class='ocr_par' dir='ltr' id='par_1_9' title="bbox 488 2436 3205 3060">
     <span class='ocr_line' id='line_1_13' title="bbox 669 2436 3193 2510; baseline -0.001 -17"><span class='ocrx_word' id='word_1_97' title='bbox 669 2439 940 2494; x_wconf 81' lang='lat' dir='ltr'><strong>Probatur</strong></span> <span class='ocrx_word' id='word_1_98' title='bbox 975 2455 1008 2492; x_wconf 93' lang='lat' dir='ltr'><strong>a</strong></span> <span class='ocrx_word' id='word_1_99' title='bbox 1043 2438 1351 2502; x_wconf 81' lang='lat' dir='ltr'><strong>conditione</strong></span> <span class='ocrx_word' id='word_1_100' title='bbox 1387 2436 1599 2492; x_wconf 90' lang='lat' dir='ltr'><strong>animae</strong></span> <span class='ocrx_word' id='word_1_101' title='bbox 1634 2438 1943 2496; x_wconf 90' lang='lat' dir='ltr'><strong>sublunaris</strong></span> <span class='ocrx_word' id='word_1_102' title='bbox 1979 2442 2411 2510; x_wconf 81' lang='lat' dir='ltr'><strong>facultatumque</strong></span> <span class='ocrx_word' id='word_1_103' title='bbox 2464 2440 2622 2493; x_wconf 79' lang='lat' dir='ltr'><strong>otiam</strong></span> <span class='ocrx_word' id='word_1_104' title='bbox 2658 2437 2929 2492; x_wconf 86' lang='lat' dir='ltr'><strong>humanae</strong></span> <span class='ocrx_word' id='word_1_105' title='bbox 2964 2450 3193 2501; x_wconf 84' lang='lat' dir='ltr'><strong>ammae,</strong></span> 
     </span>
     <span class='ocr_line' id='line_1_14' title="bbox 496 2514 3205 2589; baseline -0.003 -17"><span class='ocrx_word' id='word_1_106' title='bbox 496 2533 636 2589; x_wconf 85' lang='lat' dir='ltr'><strong>quae</strong></span> <span class='ocrx_word' id='word_1_107' title='bbox 680 2517 987 2586; x_wconf 84' lang='lat' dir='ltr'><strong>percipiunt</strong></span> <span class='ocrx_word' id='word_1_108' title='bbox 1035 2520 1307 2586; x_wconf 73' lang='lat' dir='ltr'><strong>aspectae.</strong></span> <span class='ocrx_word' id='word_1_109' title='bbox 1380 2514 1499 2571; x_wconf 84' lang='lat' dir='ltr'><strong>Hae</strong></span> <span class='ocrx_word' id='word_1_110' title='bbox 1545 2517 1715 2587; x_wconf 88' lang='lat' dir='ltr'><strong>igitur</strong></span> <span class='ocrx_word' id='word_1_111' title='bbox 1754 2535 1940 2575; x_wconf 89' lang='lat' dir='ltr'><strong>omnes</strong></span> <span class='ocrx_word' id='word_1_112' title='bbox 1978 2529 2105 2577; x_wconf 85' lang='lat' dir='ltr'><strong>sunt</strong></span> <span class='ocrx_word' id='word_1_113' title='bbox 2138 2519 2420 2575; x_wconf 88' lang='lat' dir='ltr'><strong>inferiores</strong></span> <span class='ocrx_word' id='word_1_114' title='bbox 2473 2515 2735 2571; x_wconf 79' lang='lat' dir='ltr'><strong>facultate</strong></span> <span class='ocrx_word' id='word_1_115' title='bbox 2773 2515 3112 2569; x_wconf 85' lang='lat' dir='ltr'><strong>discurrente</strong></span> <span class='ocrx_word' id='word_1_116' title='bbox 3149 2520 3205 2566; x_wconf 90' lang='lat' dir='ltr'><strong>et</strong></span> 
     </span>
     <span class='ocr_line' id='line_1_15' title="bbox 496 2591 3203 2670; baseline -0.002 -20"><span class='ocrx_word' id='word_1_117' title='bbox 496 2596 809 2665; x_wconf 86' lang='lat' dir='ltr'><strong>intellectu,</strong></span> <span class='ocrx_word' id='word_1_118' title='bbox 860 2602 917 2649; x_wconf 89' lang='lat' dir='ltr'><strong>et</strong></span> <span class='ocrx_word' id='word_1_119' title='bbox 952 2594 1291 2663; x_wconf 89' lang='lat' dir='ltr'><strong>cognatiores</strong></span> <span class='ocrx_word' id='word_1_120' title='bbox 1334 2592 1583 2649; x_wconf 79' lang='lat' dir='ltr'><strong>facultati</strong></span> <span class='ocrx_word' id='word_1_121' title='bbox 1620 2597 1912 2655; x_wconf 80' lang='lat' dir='ltr'><strong>sensitivae</strong></span> <span class='ocrx_word' id='word_1_122' title='bbox 1963 2608 2019 2657; x_wconf 82' lang='lat' dir='ltr'><strong>et</strong></span> <span class='ocrx_word' id='word_1_123' title='bbox 2052 2599 2361 2670; x_wconf 83' lang='lat' dir='ltr'><strong>praefectae</strong></span> <span class='ocrx_word' id='word_1_124' title='bbox 2414 2595 2665 2664; x_wconf 89' lang='lat' dir='ltr'><strong>operibus</strong></span> <span class='ocrx_word' id='word_1_125' title='bbox 2703 2592 3018 2657; x_wconf 89' lang='lat' dir='ltr'><strong>sensilibus,</strong></span> <span class='ocrx_word' id='word_1_126' title='bbox 3073 2591 3203 2660; x_wconf 90' lang='lat' dir='ltr'><strong>quin</strong></span> 
     </span>
     <span class='ocr_line' id='line_1_16' title="bbox 492 2666 3202 2746; baseline -0.003 -16"><span class='ocrx_word' id='word_1_127' title='bbox 492 2675 655 2730; x_wconf 87' lang='lat' dir='ltr'><strong>etiam</strong></span> <span class='ocrx_word' id='word_1_128' title='bbox 690 2673 979 2729; x_wconf 89' lang='lat' dir='ltr'><strong>instinctus</strong></span> <span class='ocrx_word' id='word_1_129' title='bbox 1014 2671 1179 2741; x_wconf 91' lang='lat' dir='ltr'><strong>illius,</strong></span> <span class='ocrx_word' id='word_1_130' title='bbox 1219 2679 1280 2725; x_wconf 91' lang='lat' dir='ltr'><strong>ut</strong></span> <span class='ocrx_word' id='word_1_131' title='bbox 1315 2688 1432 2742; x_wconf 87' lang='lat' dir='ltr'><strong>cap.</strong></span> <span class='ocrx_word' id='word_1_132' title='bbox 1474 2674 1523 2729; x_wconf 85' lang='lat'><strong>3.</strong></span> <span class='ocrx_word' id='word_1_133' title='bbox 1563 2666 1816 2746; x_wconf 79' lang='lat' dir='ltr'><strong>diximu‘s,</strong></span> <span class='ocrx_word' id='word_1_134' title='bbox 1852 2686 2007 2735; x_wconf 84' lang='lat' dir='ltr'><strong>tanto</strong></span> <span class='ocrx_word' id='word_1_135' title='bbox 2034 2687 2121 2734; x_wconf 89' lang='lat' dir='ltr'><strong>est</strong></span> <span class='ocrx_word' id='word_1_136' title='bbox 2144 2677 2390 2733; x_wconf 78' lang='lat' dir='ltr'><strong>obtusior</strong></span> <span class='ocrx_word' id='word_1_137' title='bbox 2419 2675 2680 2729; x_wconf 86' lang='lat' dir='ltr'><strong>instinctu</strong></span> <span class='ocrx_word' id='word_1_138' title='bbox 2705 2674 2959 2739; x_wconf 86' lang='lat' dir='ltr'><strong>humano,</strong></span> <span class='ocrx_word' id='word_1_139' title='bbox 2998 2676 3202 2740; x_wconf 83' lang='lat' dir='ltr'><strong>quanto</strong></span> 
     </span>
     <span class='ocr_line' id='line_1_17' title="bbox 488 2746 3202 2825; baseline -0.003 -18"><span class='ocrx_word' id='word_1_140' title='bbox 488 2751 678 2807; x_wconf 87' lang='lat' dir='ltr'><strong>rudius</strong></span> <span class='ocrx_word' id='word_1_141' title='bbox 730 2758 815 2806; x_wconf 89' lang='lat' dir='ltr'><strong>est</strong></span> <span class='ocrx_word' id='word_1_142' title='bbox 861 2765 1059 2822; x_wconf 89' lang='lat' dir='ltr'><strong>corpus</strong></span> <span class='ocrx_word' id='word_1_143' title='bbox 1106 2752 1309 2806; x_wconf 91' lang='lat' dir='ltr'><strong>Terrae</strong></span> <span class='ocrx_word' id='word_1_144' title='bbox 1357 2769 1585 2823; x_wconf 89' lang='lat' dir='ltr'><strong>corpore</strong></span> <span class='ocrx_word' id='word_1_145' title='bbox 1630 2755 1884 2811; x_wconf 88' lang='lat' dir='ltr'><strong>hominis.</strong></span> <span class='ocrx_word' id='word_1_146' title='bbox 1956 2758 2129 2825; x_wconf 86' lang='lat' dir='ltr'><strong>Atqui</strong></span> <span class='ocrx_word' id='word_1_147' title='bbox 2179 2754 2343 2811; x_wconf 86' lang='lat' dir='ltr'><strong>etiam</strong></span> <span class='ocrx_word' id='word_1_148' title='bbox 2398 2753 2750 2823; x_wconf 81' lang='lat' dir='ltr'><strong>congruentia</strong></span> <span class='ocrx_word' id='word_1_149' title='bbox 2803 2757 2888 2805; x_wconf 90' lang='lat' dir='ltr'><strong>est</strong></span> <span class='ocrx_word' id='word_1_150' title='bbox 2924 2746 3202 2819; x_wconf 76' lang='lat' dir='ltr'><strong>posterius</strong></span> 
     </span>
     <span class='ocr_line' id='line_1_18' title="bbox 488 2828 3202 2905; baseline -0.003 -19"><span class='ocrx_word' id='word_1_151' title='bbox 488 2830 694 2902; x_wconf 89' lang='lat' dir='ltr'><strong>aliquid</strong></span> <span class='ocrx_word' id='word_1_152' title='bbox 730 2830 1024 2885; x_wconf 89' lang='lat' dir='ltr'><strong>scibilitate</strong></span> <span class='ocrx_word' id='word_1_153' title='bbox 1062 2841 1115 2886; x_wconf 89' lang='lat' dir='ltr'><strong>et</strong></span> <span class='ocrx_word' id='word_1_154' title='bbox 1154 2833 1309 2900; x_wconf 85' lang='lat' dir='ltr'><strong>quasi</strong></span> <span class='ocrx_word' id='word_1_155' title='bbox 1346 2839 1656 2902; x_wconf 85' lang='lat' dir='ltr'><strong>porrectum</strong></span> <span class='ocrx_word' id='word_1_156' title='bbox 1693 2835 1840 2891; x_wconf 87' lang='lat' dir='ltr'><strong>foras</strong></span> <span class='ocrx_word' id='word_1_157' title='bbox 1892 2838 1948 2891; x_wconf 91' lang='lat' dir='ltr'><strong>in</strong></span> <span class='ocrx_word' id='word_1_158' title='bbox 1983 2836 2203 2905; x_wconf 86' lang='lat' dir='ltr'><strong>aliquod</strong></span> <span class='ocrx_word' id='word_1_159' title='bbox 2243 2849 2408 2904; x_wconf 88' lang='lat' dir='ltr'><strong>opus,</strong></span> <span class='ocrx_word' id='word_1_160' title='bbox 2457 2832 2604 2900; x_wconf 87' lang='lat' dir='ltr'><strong>quod</strong></span> <span class='ocrx_word' id='word_1_161' title='bbox 2647 2830 2815 2886; x_wconf 87' lang='lat' dir='ltr'><strong>habet</strong></span> <span class='ocrx_word' id='word_1_162' title='bbox 2857 2828 3034 2882; x_wconf 90' lang='lat' dir='ltr'><strong>ideam</strong></span> <span class='ocrx_word' id='word_1_163' title='bbox 3072 2839 3202 2893; x_wconf 89' lang='lat' dir='ltr'><strong>ope-</strong></span> 
     </span>
     <span class='ocr_line' id='line_1_19' title="bbox 489 2906 3198 2988; baseline -0.003 -24"><span class='ocrx_word' id='word_1_164' title='bbox 489 2927 610 2964; x_wconf 89' lang='lat' dir='ltr'><strong>rum</strong></span> <span class='ocrx_word' id='word_1_165' title='bbox 647 2909 940 2963; x_wconf 86' lang='lat' dir='ltr'><strong>sensilium.</strong></span> <span class='ocrx_word' id='word_1_166' title='bbox 1016 2910 1122 2964; x_wconf 90' lang='lat' dir='ltr'><strong>Par</strong></span> <span class='ocrx_word' id='word_1_167' title='bbox 1157 2911 1322 2980; x_wconf 90' lang='lat' dir='ltr'><strong>igitur</strong></span> <span class='ocrx_word' id='word_1_168' title='bbox 1356 2919 1440 2966; x_wconf 90' lang='lat' dir='ltr'><strong>est</strong></span> <span class='ocrx_word' id='word_1_169' title='bbox 1476 2911 1637 2980; x_wconf 86' lang='lat' dir='ltr'><strong>credi,</strong></span> <span class='ocrx_word' id='word_1_170' title='bbox 1674 2913 1967 2971; x_wconf 83' lang='lat' dir='ltr'><strong>facultates</strong></span> <span class='ocrx_word' id='word_1_171' title='bbox 2002 2915 2102 2970; x_wconf 86' lang='lat' dir='ltr'><strong>has</strong></span> <span class='ocrx_word' id='word_1_172' title='bbox 2140 2913 2401 2968; x_wconf 90' lang='lat' dir='ltr'><strong>animales</strong></span> <span class='ocrx_word' id='word_1_173' title='bbox 2431 2910 2784 2981; x_wconf 79' lang='lat' dir='ltr'><strong>congruentia</strong></span> <span class='ocrx_word' id='word_1_174' title='bbox 2811 2906 2995 2977; x_wconf 85' lang='lat' dir='ltr'><strong>potius</strong></span> <span class='ocrx_word' id='word_1_175' title='bbox 3035 2919 3198 2988; x_wconf 86' lang='lat' dir='ltr'><strong>quam</strong></span> 
     </span>
     <span class='ocr_line' id='line_1_20' title="bbox 490 2986 1670 3060; baseline 0.004 -18"><span class='ocrx_word' id='word_1_176' title='bbox 490 2986 781 3042; x_wconf 88' lang='lat' dir='ltr'><strong>scibilitate</strong></span> <span class='ocrx_word' id='word_1_177' title='bbox 817 2986 1115 3055; x_wconf 86' lang='lat' dir='ltr'><strong>figurarum</strong></span> <span class='ocrx_word' id='word_1_178' title='bbox 1158 2989 1358 3043; x_wconf 83' lang='lat' dir='ltr'><strong>moveri</strong></span> <span class='ocrx_word' id='word_1_179' title='bbox 1397 2988 1670 3060; x_wconf 76' lang='lat' dir='ltr'><strong>efficique.</strong></span> 
     </span>
    </p>
   </div>
   <div class='ocr_carea' id='block_1_6' title="bbox 489 3060 3196 3320">
    <p class='ocr_par' dir='ltr' id='par_1_10' title="bbox 489 3060 3196 3316">
     <span class='ocr_line' id='line_1_21' title="bbox 663 3060 3196 3144; baseline -0.002 -23"><span class='ocrx_word' id='word_1_180' title='bbox 663 3060 1124 3139; x_wconf 80' lang='lat' dir='ltr'><strong>opponebantur</strong></span> <span class='ocrx_word' id='word_1_181' title='bbox 1188 3066 1519 3142; x_wconf 80' lang='lat' dir='ltr'><strong>congruitas</strong></span> <span class='ocrx_word' id='word_1_182' title='bbox 1586 3076 1646 3127; x_wconf 87' lang='lat' dir='ltr'><strong>et</strong></span> <span class='ocrx_word' id='word_1_183' title='bbox 1710 3070 1957 3129; x_wconf 88' lang='lat' dir='ltr'><strong>scientia</strong></span> <span class='ocrx_word' id='word_1_184' title='bbox 2016 3072 2074 3128; x_wconf 91' lang='lat' dir='ltr'><strong>in</strong></span> <span class='ocrx_word' id='word_1_185' title='bbox 2139 3069 2344 3130; x_wconf 88' lang='lat' dir='ltr'><strong>eodem</strong></span> <span class='ocrx_word' id='word_1_186' title='bbox 2380 3083 2601 3144; x_wconf 80' lang='lat' dir='ltr'><strong>genere</strong></span> <span class='ocrx_word' id='word_1_187' title='bbox 2647 3062 3196 3140; x_wconf 84' lang='lat' dir='ltr'><strong>configurationum.</strong></span> 
     </span>
     <span class='ocr_line' id='line_1_22' title="bbox 491 3148 3196 3250; baseline -0.001 -40"><span class='ocrx_word' id='word_1_188' title='bbox 491 3148 631 3210; x_wconf 82' lang='lat' dir='ltr'><strong>Jam</strong></span> <span class='ocrx_word' id='word_1_189' title='bbox 692 3158 1059 3226; x_wconf 87' lang='lat' dir='ltr'><strong>opponentur</strong></span> <span class='ocrx_word' id='word_1_190' title='bbox 1117 3150 1336 3227; x_wconf 85' lang='lat' dir='ltr'><strong>figurae</strong></span> <span class='ocrx_word' id='word_1_191' title='bbox 1395 3150 1545 3213; x_wconf 85' lang='lat' dir='ltr'><strong>duae</strong></span> <span class='ocrx_word' id='word_1_192' title='bbox 1611 3157 1759 3215; x_wconf 87' lang='lat' dir='ltr'><strong>inter</strong></span> <span class='ocrx_word' id='word_1_193' title='bbox 1797 3174 1894 3232; x_wconf 91' lang='lat' dir='ltr'><strong>se,</strong></span> <span class='ocrx_word' id='word_1_194' title='bbox 1974 3160 2222 3250; x_wconf 80' lang='lat' dir='ltr'><strong>primum</strong></span> <span class='ocrx_word' id='word_1_195' title='bbox 2290 3172 2469 3217; x_wconf 90' lang='lat' dir='ltr'><strong>causa</strong></span> <span class='ocrx_word' id='word_1_196' title='bbox 2525 3152 2710 3213; x_wconf 88' lang='lat' dir='ltr'><strong>solius</strong></span> <span class='ocrx_word' id='word_1_197' title='bbox 2763 3150 3196 3227; x_wconf 84' lang='lat' dir='ltr'><strong>congruentiae,</strong></span> 
     </span>
     <span class='ocr_line' id='line_1_23' title="bbox 489 3238 1506 3320; baseline 0.002 -24"><span class='ocrx_word' id='word_1_198' title='bbox 489 3246 699 3315; x_wconf 90' lang='lat' dir='ltr'><strong>postea</strong></span> <span class='ocrx_word' id='word_1_199' title='bbox 744 3254 924 3297; x_wconf 88' lang='lat' dir='ltr'><strong>causa</strong></span> <span class='ocrx_word' id='word_1_200' title='bbox 967 3238 1506 3320; x_wconf 81' lang='lat' dir='ltr'><strong>configurationum.</strong></span> 
     </span>
    </p>
   </div>
   <div class='ocr_carea' id='block_1_7' title="bbox 486 3320 3201 3806">
    <p class='ocr_par' dir='ltr' id='par_1_11' title="bbox 494 3320 3196 3489">
     <span class='ocr_line' id='line_1_24' title="bbox 661 3320 3196 3408; baseline -0.001 -25"><span class='ocrx_word' id='word_1_201' title='bbox 661 3325 992 3401; x_wconf 88' lang='lat' dir='ltr'><strong>Propositio</strong></span> <span class='ocrx_word' id='word_1_202' title='bbox 1040 3325 1115 3385; x_wconf 87' lang='lat' dir='ltr'><strong>V.</strong></span> <span class='ocrx_word' id='word_1_203' title='bbox 1204 3326 1602 3405; x_wconf 77' lang='lat' dir='ltr'><strong>congruentia</strong></span> <span class='ocrx_word' id='word_1_204' title='bbox 1645 3337 1735 3390; x_wconf 92' lang='lat' dir='ltr'><strong>est</strong></span> <span class='ocrx_word' id='word_1_205' title='bbox 1777 3326 2103 3408; x_wconf 82' lang='lat' dir='ltr'><strong>proprietas</strong></span> <span class='ocrx_word' id='word_1_206' title='bbox 2147 3331 2336 3408; x_wconf 87' lang='lat' dir='ltr'><strong>magis</strong></span> <span class='ocrx_word' id='word_1_207' title='bbox 2380 3330 2602 3407; x_wconf 86' lang='lat' dir='ltr'><strong>figurae</strong></span> <span class='ocrx_word' id='word_1_208' title='bbox 2639 3320 3196 3398; x_wconf 77' lang='lat' dir='ltr'><strong>circumferentialis,</strong></span> 
     </span>
     <span class='ocr_line' id='line_1_25' title="bbox 494 3412 1007 3489; baseline 0.002 -19"><span class='ocrx_word' id='word_1_209' title='bbox 494 3429 671 3489; x_wconf 86' lang='lat' dir='ltr'><strong>quam</strong></span> <span class='ocrx_word' id='word_1_210' title='bbox 719 3412 1007 3471; x_wconf 88' lang='lat' dir='ltr'><strong>centralis.</strong></span> 
     </span>
    </p>

    <p class='ocr_par' dir='ltr' id='par_1_12' title="bbox 486 3492 3201 3806">
     <span class='ocr_line' id='line_1_26' title="bbox 665 3492 3201 3569; baseline 0 -22"><span class='ocrx_word' id='word_1_211' title='bbox 665 3494 847 3549; x_wconf 83' lang='lat' dir='ltr'><strong>Habet</strong></span> <span class='ocrx_word' id='word_1_212' title='bbox 883 3493 1024 3549; x_wconf 91' lang='lat' dir='ltr'><strong>enim</strong></span> <span class='ocrx_word' id='word_1_213' title='bbox 1061 3496 1329 3565; x_wconf 90' lang='lat' dir='ltr'><strong>potiorem</strong></span> <span class='ocrx_word' id='word_1_214' title='bbox 1368 3496 1549 3554; x_wconf 91' lang='lat' dir='ltr'><strong>locum</strong></span> <span class='ocrx_word' id='word_1_215' title='bbox 1586 3498 1641 3553; x_wconf 89' lang='lat' dir='ltr'><strong>in</strong></span> <span class='ocrx_word' id='word_1_216' title='bbox 1677 3498 1774 3554; x_wconf 90' lang='lat' dir='ltr'><strong>illa</strong></span> <span class='ocrx_word' id='word_1_217' title='bbox 1807 3499 2011 3569; x_wconf 86' lang='lat' dir='ltr'><strong>figura,</strong></span> <span class='ocrx_word' id='word_1_218' title='bbox 2049 3515 2190 3569; x_wconf 88' lang='lat' dir='ltr'><strong>quae</strong></span> <span class='ocrx_word' id='word_1_219' title='bbox 2223 3507 2410 3569; x_wconf 89' lang='lat' dir='ltr'><strong>potest</strong></span> <span class='ocrx_word' id='word_1_220' title='bbox 2443 3498 2560 3553; x_wconf 86' lang='lat' dir='ltr'><strong>fieri</strong></span> <span class='ocrx_word' id='word_1_221' title='bbox 2597 3504 2739 3564; x_wconf 90' lang='lat' dir='ltr'><strong>tota,</strong></span> <span class='ocrx_word' id='word_1_222' title='bbox 2775 3494 2984 3549; x_wconf 88' lang='lat' dir='ltr'><strong>ratione</strong></span> <span class='ocrx_word' id='word_1_223' title='bbox 3020 3492 3128 3548; x_wconf 88' lang='lat' dir='ltr'><strong>loci</strong></span> <span class='ocrx_word' id='word_1_224' title='bbox 3166 3508 3201 3547; x_wconf 90' lang='lat' dir='ltr'><strong>a</strong></span> 
     </span>
     <span class='ocr_line' id='line_1_27' title="bbox 491 3572 3198 3647; baseline -0.001 -20"><span class='ocrx_word' id='word_1_225' title='bbox 491 3590 599 3645; x_wconf 89' lang='lat' dir='ltr'><strong>quo</strong></span> <span class='ocrx_word' id='word_1_226' title='bbox 639 3572 1042 3643; x_wconf 85' lang='lat' dir='ltr'><strong>denominatur,</strong></span> <span class='ocrx_word' id='word_1_227' title='bbox 1099 3576 1225 3645; x_wconf 88' lang='lat' dir='ltr'><strong>quia</strong></span> <span class='ocrx_word' id='word_1_228' title='bbox 1262 3578 1616 3644; x_wconf 88' lang='lat' dir='ltr'><strong>congruentia</strong></span> <span class='ocrx_word' id='word_1_229' title='bbox 1665 3585 1751 3633; x_wconf 90' lang='lat' dir='ltr'><strong>est</strong></span> <span class='ocrx_word' id='word_1_230' title='bbox 1787 3578 2082 3647; x_wconf 88' lang='lat' dir='ltr'><strong>figurarum</strong></span> <span class='ocrx_word' id='word_1_231' title='bbox 2127 3586 2388 3647; x_wconf 88' lang='lat' dir='ltr'><strong>totarum,</strong></span> <span class='ocrx_word' id='word_1_232' title='bbox 2444 3585 2506 3634; x_wconf 86' lang='lat' dir='ltr'><strong>ut</strong></span> <span class='ocrx_word' id='word_1_233' title='bbox 2555 3595 2622 3632; x_wconf 87' lang='lat' dir='ltr'><strong>ex</strong></span> <span class='ocrx_word' id='word_1_234' title='bbox 2666 3576 2803 3630; x_wconf 91' lang='lat' dir='ltr'><strong>libro</strong></span> <span class='ocrx_word' id='word_1_235' title='bbox 2840 3573 2911 3626; x_wconf 94' lang='lat'><strong>11.</strong></span> <span class='ocrx_word' id='word_1_236' title='bbox 2950 3579 3198 3642; x_wconf 90' lang='lat' dir='ltr'><strong>apparet</strong></span> 
     </span>
     <span class='ocr_line' id='line_1_28' title="bbox 488 3651 3199 3740; baseline -0.001 -35"><span class='ocrx_word' id='word_1_237' title='bbox 488 3653 563 3705; x_wconf 86' lang='lat' dir='ltr'><strong>At</strong></span> <span class='ocrx_word' id='word_1_238' title='bbox 600 3651 666 3705; x_wconf 94' lang='lat' dir='ltr'><strong>de</strong></span> <span class='ocrx_word' id='word_1_239' title='bbox 705 3653 928 3706; x_wconf 89' lang='lat' dir='ltr'><strong>centrali</strong></span> <span class='ocrx_word' id='word_1_240' title='bbox 968 3669 1075 3706; x_wconf 91' lang='lat' dir='ltr'><strong>non</strong></span> <span class='ocrx_word' id='word_1_241' title='bbox 1113 3654 1241 3740; x_wconf 91' lang='lat' dir='ltr'><strong>plus</strong></span> <span class='ocrx_word' id='word_1_242' title='bbox 1273 3671 1381 3708; x_wconf 89' lang='lat' dir='ltr'><strong>uno</strong></span> <span class='ocrx_word' id='word_1_243' title='bbox 1418 3656 1617 3724; x_wconf 89' lang='lat' dir='ltr'><strong>angulo</strong></span> <span class='ocrx_word' id='word_1_244' title='bbox 1663 3657 1717 3711; x_wconf 90' lang='lat' dir='ltr'><strong>in</strong></span> <span class='ocrx_word' id='word_1_245' title='bbox 1755 3666 1946 3712; x_wconf 88' lang='lat' dir='ltr'><strong>centro</strong></span> <span class='ocrx_word' id='word_1_246' title='bbox 1993 3666 2140 3714; x_wconf 87' lang='lat' dir='ltr'><strong>stare</strong></span> <span class='ocrx_word' id='word_1_247' title='bbox 2188 3666 2403 3729; x_wconf 86' lang='lat' dir='ltr'><strong>potest,</strong></span> <span class='ocrx_word' id='word_1_248' title='bbox 2457 3673 2554 3727; x_wconf 87' lang='lat' dir='ltr'><strong>per</strong></span> <span class='ocrx_word' id='word_1_249' title='bbox 2601 3655 2707 3710; x_wconf 84' lang='lat' dir='ltr'><strong>def.</strong></span> <span class='ocrx_word' id='word_1_250' title='bbox 2752 3656 2801 3708; x_wconf 88' lang='lat'><strong>1.</strong></span> <span class='ocrx_word' id='word_1_251' title='bbox 2872 3653 2933 3706; x_wconf 93' lang='lat' dir='ltr'><strong>In</strong></span> <span class='ocrx_word' id='word_1_252' title='bbox 2973 3652 3199 3707; x_wconf 90' lang='lat' dir='ltr'><strong>circum·</strong></span> 
     </span>
     <span class='ocr_line' id='line_1_29' title="bbox 486 3721 2303 3806; baseline 0.004 -21"><span class='ocrx_word' id='word_1_253' title='bbox 486 3730 716 3786; x_wconf 82' lang='lat' dir='ltr'><strong>ferentia</strong></span> <span class='ocrx_word' id='word_1_254' title='bbox 751 3746 878 3785; x_wconf 86' lang='lat' dir='ltr'><strong>vero</strong></span> <span class='ocrx_word' id='word_1_255' title='bbox 918 3739 1100 3799; x_wconf 89' lang='lat' dir='ltr'><strong>potest</strong></span> <span class='ocrx_word' id='word_1_256' title='bbox 1136 3721 1258 3787; x_wconf 72' lang='lat' dir='ltr'><strong>esse</strong></span> <span class='ocrx_word' id='word_1_257' title='bbox 1292 3739 1413 3787; x_wconf 90' lang='lat' dir='ltr'><strong>tota</strong></span> <span class='ocrx_word' id='word_1_258' title='bbox 1450 3735 1991 3793; x_wconf 88' lang='lat' dir='ltr'><strong>circumferentialis.</strong></span> <span class='ocrx_word' id='word_1_259' title='bbox 2032 3753 2160 3806; x_wconf 89' lang='lat' dir='ltr'><strong>ergo</strong></span> <span class='ocrx_word' id='word_1_260' title='bbox 2200 3745 2303 3793; x_wconf 89' lang='lat' dir='ltr'><strong>etc.</strong></span> 
     </span>
    </p>
   </div>
   <div class='ocr_carea' id='block_1_8' title="bbox 490 3805 3196 3971">
    <p class='ocr_par' dir='ltr' id='par_1_13' title="bbox 490 3805 3196 3971">
     <span class='ocr_line' id='line_1_30' title="bbox 661 3805 3196 3936; baseline -0 -72"><span class='ocrx_word' id='word_1_261' title='bbox 661 3806 1106 3882; x_wconf 89' lang='lat' dir='ltr'><strong>Propositio</strong></span> <span class='ocrx_word' id='word_1_262' title='bbox 1154 3807 1257 3866; x_wconf 92' lang='lat' dir='ltr'><strong>VI.</strong></span> <span class='ocrx_word' id='word_1_263' title='bbox 1348 3808 1433 3866; x_wconf 87' lang='lat' dir='ltr'><strong>Ex</strong></span> <span class='ocrx_word' id='word_1_264' title='bbox 1481 3808 1709 3871; x_wconf 87' lang='lat' dir='ltr'><strong>duabus</strong></span> <span class='ocrx_word' id='word_1_265' title='bbox 1754 3813 1985 3888; x_wconf 83' lang='lat' dir='ltr'><strong>figuris,</strong></span> <span class='ocrx_word' id='word_1_266' title='bbox 2045 3831 2192 3890; x_wconf 86' lang='lat' dir='ltr'><strong>quas</strong></span> <span class='ocrx_word' id='word_1_267' title='bbox 2239 3814 2350 3872; x_wconf 88' lang='lat' dir='ltr'><strong>sibi</strong></span> <span class='ocrx_word' id='word_1_268' title='bbox 2398 3809 2660 3871; x_wconf 82' lang='lat' dir='ltr'><strong>vindicat</strong></span> <span class='ocrx_word' id='word_1_269' title='bbox 2704 3815 2978 3936; x_wconf 85' lang='lat' dir='ltr'><strong>aspectus</strong></span> <span class='ocrx_word' id='word_1_270' title='bbox 3025 3805 3196 3881; x_wconf 89' lang='lat' dir='ltr'><strong>quis·</strong></span> 
     </span>
     <span class='ocr_line' id='line_1_31' title="bbox 490 3890 1904 3971; baseline 0.002 -17"><span class='ocrx_word' id='word_1_271' title='bbox 490 3910 639 3970; x_wconf 84' lang='lat' dir='ltr'><strong>que,</strong></span> <span class='ocrx_word' id='word_1_272' title='bbox 686 3897 880 3971; x_wconf 89' lang='lat' dir='ltr'><strong>potior</strong></span> <span class='ocrx_word' id='word_1_273' title='bbox 926 3904 1016 3953; x_wconf 90' lang='lat' dir='ltr'><strong>est</strong></span> <span class='ocrx_word' id='word_1_274' title='bbox 1061 3890 1597 3957; x_wconf 78' lang='lat' dir='ltr'><strong>circumferentialis</strong></span> <span class='ocrx_word' id='word_1_275' title='bbox 1644 3901 1904 3959; x_wconf 88' lang='lat' dir='ltr'><strong>centrali.</strong></span> 
     </span>
    </p>
   </div>
   <div class='ocr_carea' id='block_1_9' title="bbox 1267 3990 3201 4146">
    <p class='ocr_par' dir='ltr' id='par_1_14' title="bbox 1267 3990 3201 4146">
     <span class='ocr_line' id='line_1_32' title="bbox 1440 3990 3197 4067; baseline -0.003 -18"><span class='ocrx_word' id='word_1_276' title='bbox 1440 3996 1544 4050; x_wconf 88' lang='lat' dir='ltr'><strong>Est</strong></span> <span class='ocrx_word' id='word_1_277' title='bbox 1577 3999 1720 4053; x_wconf 89' lang='lat' dir='ltr'><strong>enim</strong></span> <span class='ocrx_word' id='word_1_278' title='bbox 1757 4000 2111 4066; x_wconf 89' lang='lat' dir='ltr'><strong>congruentia</strong></span> <span class='ocrx_word' id='word_1_279' title='bbox 2145 3998 2327 4067; x_wconf 83' lang='lat' dir='ltr'><strong>potior</strong></span> <span class='ocrx_word' id='word_1_280' title='bbox 2369 3998 2424 4052; x_wconf 91' lang='lat' dir='ltr'><strong>in</strong></span> <span class='ocrx_word' id='word_1_281' title='bbox 2465 3998 2568 4051; x_wconf 91' lang='lat' dir='ltr'><strong>hoc</strong></span> <span class='ocrx_word' id='word_1_282' title='bbox 2604 3995 2820 4063; x_wconf 90' lang='lat' dir='ltr'><strong>negotio</strong></span> <span class='ocrx_word' id='word_1_283' title='bbox 2868 3990 3197 4058; x_wconf 86' lang='lat' dir='ltr'><strong>scibilitatis,</strong></span> 
     </span>
     <span class='ocr_line' id='line_1_33' title="bbox 1267 4070 3201 4146; baseline -0.004 -15"><span class='ocrx_word' id='word_1_284' title='bbox 1267 4088 1365 4142; x_wconf 86' lang='lat' dir='ltr'><strong>per</strong></span> <span class='ocrx_word' id='word_1_285' title='bbox 1398 4091 1552 4146; x_wconf 88' lang='lat' dir='ltr'><strong>prop.</strong></span> <span class='ocrx_word' id='word_1_286' title='bbox 1590 4080 1641 4133; x_wconf 79' lang='grc'><strong>4.</strong></span> <span class='ocrx_word' id='word_1_287' title='bbox 1715 4082 1787 4133; x_wconf 88' lang='lat' dir='ltr'><strong>At</strong></span> <span class='ocrx_word' id='word_1_288' title='bbox 1822 4078 1918 4132; x_wconf 90' lang='lat' dir='ltr'><strong>illa</strong></span> <span class='ocrx_word' id='word_1_289' title='bbox 1953 4076 2133 4144; x_wconf 87' lang='lat' dir='ltr'><strong>potior</strong></span> <span class='ocrx_word' id='word_1_290' title='bbox 2171 4085 2254 4131; x_wconf 88' lang='lat' dir='ltr'><strong>est</strong></span> <span class='ocrx_word' id='word_1_291' title='bbox 2288 4079 2343 4132; x_wconf 91' lang='lat' dir='ltr'><strong>in</strong></span> <span class='ocrx_word' id='word_1_292' title='bbox 2379 4077 2553 4144; x_wconf 86' lang='lat' dir='ltr'><strong>figura</strong></span> <span class='ocrx_word' id='word_1_293' title='bbox 2577 4070 3064 4130; x_wconf 82' lang='lat' dir='ltr'><strong>circumferentiali.</strong></span> <span class='ocrx_word' id='word_1_294' title='bbox 3100 4085 3201 4139; x_wconf 88' lang='lat' dir='ltr'><strong>per</strong></span> 
     </span>
    </p>
   </div>
   <div class='ocr_carea' id='block_1_10' title="bbox 707 4149 3198 4323">
    <p class='ocr_par' dir='ltr' id='par_1_15' title="bbox 707 4149 3198 4323">
     <span class='ocr_line' id='line_1_34' title="bbox 1265 4149 3198 4225; baseline -0.002 -19"><span class='ocrx_word' id='word_1_295' title='bbox 1265 4169 1421 4222; x_wconf 85' lang='lat' dir='ltr'><strong>prop.</strong></span> <span class='ocrx_word' id='word_1_296' title='bbox 1460 4156 1520 4221; x_wconf 87' lang='lat'><strong>5,</strong></span> <span class='ocrx_word' id='word_1_297' title='bbox 1579 4172 1747 4223; x_wconf 89' lang='lat' dir='ltr'><strong>quare</strong></span> <span class='ocrx_word' id='word_1_298' title='bbox 1785 4158 1839 4211; x_wconf 91' lang='lat' dir='ltr'><strong>iu</strong></span> <span class='ocrx_word' id='word_1_299' title='bbox 1878 4171 1993 4224; x_wconf 85' lang='lat' dir='ltr'><strong>quo</strong></span> <span class='ocrx_word' id='word_1_300' title='bbox 2020 4153 2077 4207; x_wconf 89' lang='lat' dir='ltr'><strong>id</strong></span> <span class='ocrx_word' id='word_1_301' title='bbox 2114 4155 2260 4224; x_wconf 90' lang='lat' dir='ltr'><strong>quod</strong></span> <span class='ocrx_word' id='word_1_302' title='bbox 2299 4155 2604 4225; x_wconf 86' lang='lat' dir='ltr'><strong>praepollet</strong></span> <span class='ocrx_word' id='word_1_303' title='bbox 2639 4153 2763 4222; x_wconf 81' lang='lat' dir='ltr'><strong>plus</strong></span> <span class='ocrx_word' id='word_1_304' title='bbox 2799 4153 2971 4219; x_wconf 88' lang='lat' dir='ltr'><strong>inest,</strong></span> <span class='ocrx_word' id='word_1_305' title='bbox 3023 4149 3079 4204; x_wconf 92' lang='lat' dir='ltr'><strong>id</strong></span> <span class='ocrx_word' id='word_1_306' title='bbox 3117 4150 3198 4220; x_wconf 90' lang='lat' dir='ltr'><strong>ip·</strong></span> 
     </span>
     <span class='ocr_line' id='line_1_35' title="bbox 707 4160 3196 4323; baseline 0 -38"><span class='ocrx_word' id='word_1_307' title='bbox 707 4160 1170 4323; x_wconf 30' lang='lat' dir='ltr'><strong>DN</strong></span> <span class='ocrx_word' id='word_1_308' title='bbox 1267 4247 1385 4286; x_wconf 87' lang='lat' dir='ltr'><strong>sum</strong></span> <span class='ocrx_word' id='word_1_309' title='bbox 1412 4233 1574 4287; x_wconf 87' lang='lat' dir='ltr'><strong>etiam</strong></span> <span class='ocrx_word' id='word_1_310' title='bbox 1594 4235 1938 4305; x_wconf 85' lang='lat' dir='ltr'><strong>praepollere</strong></span> <span class='ocrx_word' id='word_1_311' title='bbox 1964 4236 2109 4299; x_wconf 61' lang='lat' dir='ltr'><strong>facit,</strong></span> <span class='ocrx_word' id='word_1_312' title='bbox 2155 4234 2694 4291; x_wconf 86' lang='lat' dir='ltr'><strong>circumferentialem</strong></span> <span class='ocrx_word' id='word_1_313' title='bbox 2720 4231 2927 4287; x_wconf 87' lang='lat' dir='ltr'><strong>scilicet</strong></span> <span class='ocrx_word' id='word_1_314' title='bbox 2943 4229 3196 4300; x_wconf 72' lang='lat' dir='ltr'><strong>figuram.</strong></span> 
     </span>
    </p>
   </div>
   <div class='ocr_carea' id='block_1_11' title="bbox 774 4046 967 4098">
    <p class='ocr_par' dir='ltr' id='par_1_16' title="bbox 774 4046 967 4098">
     <span class='ocr_line' id='line_1_36' title="bbox 774 4046 967 4098; baseline 0.016 -11"><span class='ocrx_word' id='word_1_315' title='bbox 774 4046 967 4098; x_wconf 54' lang='lat' dir='ltr'><strong>1³13.st</strong></span> 
     </span>
    </p>
   </div>
   <div class='ocr_carea' id='block_1_12' title="bbox 1439 4306 3284 4382">
    <p class='ocr_par' dir='ltr' id='par_1_17' title="bbox 1439 4306 3284 4382">
     <span class='ocr_line' id='line_1_37' title="bbox 1439 4306 3284 4382; baseline -0.003 -16"><span class='ocrx_word' id='word_1_316' title='bbox 1439 4312 1588 4366; x_wconf 86' lang='lat' dir='ltr'><strong>Idem</strong></span> <span class='ocrx_word' id='word_1_317' title='bbox 1626 4314 1788 4368; x_wconf 88' lang='lat' dir='ltr'><strong>etiam</strong></span> <span class='ocrx_word' id='word_1_318' title='bbox 1825 4314 1907 4369; x_wconf 89' lang='lat' dir='ltr'><strong>sic</strong></span> <span class='ocrx_word' id='word_1_319' title='bbox 1943 4314 2207 4382; x_wconf 89' lang='lat' dir='ltr'><strong>probatur</strong></span> <span class='ocrx_word' id='word_1_320' title='bbox 2251 4330 2319 4369; x_wconf 86' lang='lat' dir='ltr'><strong>ex</strong></span> <span class='ocrx_word' id='word_1_321' title='bbox 2357 4314 2563 4368; x_wconf 88' lang='lat' dir='ltr'><strong>intimis</strong></span> <span class='ocrx_word' id='word_1_322' title='bbox 2596 4312 2808 4366; x_wconf 86' lang='lat' dir='ltr'><strong>animae</strong></span> <span class='ocrx_word' id='word_1_323' title='bbox 2843 4306 3193 4377; x_wconf 88' lang='lat' dir='ltr'><strong>proprietati·</strong></span> <span class='ocrx_word' id='word_1_324' title='bbox 3274 4312 3284 4325; x_wconf 90' lang='grc'><strong>’</strong></span> 
     </span>
    </p>
   </div>
   <div class='ocr_carea' id='block_1_13' title="bbox 1088 4385 3200 5544">
    <p class='ocr_par' dir='ltr' id='par_1_18' title="bbox 1088 4385 3200 5544">
     <span class='ocr_line' id='line_1_38' title="bbox 1267 4385 3198 4461; baseline -0.01 -4"><span class='ocrx_word' id='word_1_325' title='bbox 1267 4391 1387 4456; x_wconf 60' lang='grc' dir='ltr'><strong>ΜΒ,</strong></span> <span class='ocrx_word' id='word_1_326' title='bbox 1426 4408 1541 4461; x_wconf 88' lang='lat' dir='ltr'><strong>cap.</strong></span> <span class='ocrx_word' id='word_1_327' title='bbox 1578 4393 1627 4449; x_wconf 88' lang='grc'><strong>3.</strong></span> <span class='ocrx_word' id='word_1_328' title='bbox 1666 4394 1844 4448; x_wconf 85' lang='lat' dir='ltr'><strong>tactis.</strong></span> <span class='ocrx_word' id='word_1_329' title='bbox 1921 4393 2053 4448; x_wconf 79' lang='lat' dir='ltr'><strong>Cum</strong></span> <span class='ocrx_word' id='word_1_330' title='bbox 2099 4392 2239 4446; x_wconf 85' lang='lat' dir='ltr'><strong>enim</strong></span> <span class='ocrx_word' id='word_1_331' title='bbox 2275 4393 2456 4448; x_wconf 89' lang='lat' dir='ltr'><strong>anima</strong></span> <span class='ocrx_word' id='word_1_332' title='bbox 2490 4390 2583 4455; x_wconf 88' lang='lat' dir='ltr'><strong>sit,</strong></span> <span class='ocrx_word' id='word_1_333' title='bbox 2629 4403 2770 4458; x_wconf 88' lang='lat' dir='ltr'><strong>quae</strong></span> <span class='ocrx_word' id='word_1_334' title='bbox 2814 4385 3198 4455; x_wconf 86' lang='lat' dir='ltr'><strong>configuratio·</strong></span> 
     </span>
     <span class='ocr_line' id='line_1_39' title="bbox 1266 4462 3196 4554; baseline -0.003 -34"><span class='ocrx_word' id='word_1_335' title='bbox 1266 4484 1394 4521; x_wconf 89' lang='lat' dir='ltr'><strong>num</strong></span> <span class='ocrx_word' id='word_1_336' title='bbox 1427 4467 1720 4526; x_wconf 87' lang='lat' dir='ltr'><strong>harmoniis</strong></span> <span class='ocrx_word' id='word_1_337' title='bbox 1763 4487 1924 4527; x_wconf 87' lang='lat' dir='ltr'><strong>suum</strong></span> <span class='ocrx_word' id='word_1_338' title='bbox 1969 4470 2224 4526; x_wconf 86' lang='lat' dir='ltr'><strong>conciliat</strong></span> <span class='ocrx_word' id='word_1_339' title='bbox 2269 4488 2381 4527; x_wconf 74' lang='lat' dir='ltr'><strong>esee</strong></span> <span class='ocrx_word' id='word_1_340' title='bbox 2430 4468 2683 4537; x_wconf 87' lang='lat' dir='ltr'><strong>formale,</strong></span> <span class='ocrx_word' id='word_1_341' title='bbox 2739 4473 2886 4521; x_wconf 87' lang='lat' dir='ltr'><strong>certe</strong></span> <span class='ocrx_word' id='word_1_342' title='bbox 2943 4480 3051 4531; x_wconf 90' lang='lat' dir='ltr'><strong>quo</strong></span> <span class='ocrx_word' id='word_1_343' title='bbox 3088 4462 3196 4554; x_wconf 70' lang='lat' dir='ltr'><strong>dis-</strong></span> 
     </span>
     <span class='ocr_line' id='line_1_40' title="bbox 1266 4542 3196 4617; baseline -0.004 -16"><span class='ocrx_word' id='word_1_344' title='bbox 1266 4547 1485 4604; x_wconf 83' lang='lat' dir='ltr'><strong>crimine</strong></span> <span class='ocrx_word' id='word_1_345' title='bbox 1524 4551 1702 4606; x_wconf 88' lang='lat' dir='ltr'><strong>anima</strong></span> <span class='ocrx_word' id='word_1_346' title='bbox 1737 4551 1821 4607; x_wconf 86' lang='lat' dir='ltr'><strong>vel</strong></span> <span class='ocrx_word' id='word_1_347' title='bbox 1859 4548 2092 4606; x_wconf 88' lang='lat' dir='ltr'><strong>circulus</strong></span> <span class='ocrx_word' id='word_1_348' title='bbox 2129 4555 2213 4603; x_wconf 87' lang='lat' dir='ltr'><strong>est</strong></span> <span class='ocrx_word' id='word_1_349' title='bbox 2247 4549 2330 4602; x_wconf 82' lang='lat' dir='ltr'><strong>vel</strong></span> <span class='ocrx_word' id='word_1_350' title='bbox 2368 4556 2660 4617; x_wconf 88' lang='lat' dir='ltr'><strong>punctum,</strong></span> <span class='ocrx_word' id='word_1_351' title='bbox 2707 4554 2952 4601; x_wconf 84' lang='lat' dir='ltr'><strong>centrum</strong></span> <span class='ocrx_word' id='word_1_352' title='bbox 2990 4542 3196 4609; x_wconf 76' lang='lat' dir='ltr'><strong>circuli,</strong></span> 
     </span>
     <span class='ocr_line' id='line_1_41' title="bbox 1267 4621 3196 4695; baseline -0.004 -14"><span class='ocrx_word' id='word_1_353' title='bbox 1267 4627 1455 4682; x_wconf 88' lang='lat' dir='ltr'><strong>eodem</strong></span> <span class='ocrx_word' id='word_1_354' title='bbox 1494 4628 1799 4684; x_wconf 85' lang='lat' dir='ltr'><strong>discrimine</strong></span> <span class='ocrx_word' id='word_1_355' title='bbox 1836 4629 1998 4685; x_wconf 84' lang='lat' dir='ltr'><strong>otiam</strong></span> <span class='ocrx_word' id='word_1_356' title='bbox 2034 4626 2325 4683; x_wconf 81' lang='lat' dir='ltr'><strong>familiares</strong></span> <span class='ocrx_word' id='word_1_357' title='bbox 2374 4626 2452 4681; x_wconf 86' lang='lat' dir='ltr'><strong>illi</strong></span> <span class='ocrx_word' id='word_1_358' title='bbox 2490 4633 2652 4680; x_wconf 90' lang='lat' dir='ltr'><strong>erunt</strong></span> <span class='ocrx_word' id='word_1_359' title='bbox 2683 4624 2919 4695; x_wconf 85' lang='lat' dir='ltr'><strong>figurae,</strong></span> <span class='ocrx_word' id='word_1_360' title='bbox 2969 4621 3196 4677; x_wconf 88' lang='lat' dir='ltr'><strong>circum-</strong></span> 
     </span>
     <span class='ocr_line' id='line_1_42' title="bbox 1266 4701 3197 4769; baseline -0.003 -11"><span class='ocrx_word' id='word_1_361' title='bbox 1266 4703 1561 4760; x_wconf 85' lang='lat' dir='ltr'><strong>ferentialis</strong></span> <span class='ocrx_word' id='word_1_362' title='bbox 1598 4717 1654 4761; x_wconf 88' lang='lat' dir='ltr'><strong>et</strong></span> <span class='ocrx_word' id='word_1_363' title='bbox 1689 4708 1961 4763; x_wconf 76' lang='lat' dir='ltr'><strong>centralis.</strong></span> <span class='ocrx_word' id='word_1_364' title='bbox 2035 4706 2156 4760; x_wconf 87' lang='lat' dir='ltr'><strong>Etsi</strong></span> <span class='ocrx_word' id='word_1_365' title='bbox 2194 4720 2320 4759; x_wconf 85' lang='lat' dir='ltr'><strong>vero</strong></span> <span class='ocrx_word' id='word_1_366' title='bbox 2371 4705 2544 4759; x_wconf 90' lang='lat' dir='ltr'><strong>omnis</strong></span> <span class='ocrx_word' id='word_1_367' title='bbox 2581 4704 2760 4758; x_wconf 90' lang='lat' dir='ltr'><strong>anima</strong></span> <span class='ocrx_word' id='word_1_368' title='bbox 2799 4701 2988 4757; x_wconf 87' lang='lat' dir='ltr'><strong>circuli</strong></span> <span class='ocrx_word' id='word_1_369' title='bbox 3026 4715 3197 4769; x_wconf 86' lang='lat' dir='ltr'><strong>quan-</strong></span> 
     </span>
     <span class='ocr_line' id='line_1_43' title="bbox 1269 4783 3197 4854; baseline -0.002 -18"><span class='ocrx_word' id='word_1_370' title='bbox 1269 4783 1391 4837; x_wconf 85' lang='lat' dir='ltr'><strong>dam</strong></span> <span class='ocrx_word' id='word_1_371' title='bbox 1427 4783 1602 4838; x_wconf 87' lang='lat' dir='ltr'><strong>ideam</strong></span> <span class='ocrx_word' id='word_1_372' title='bbox 1640 4786 1794 4854; x_wconf 90' lang='lat' dir='ltr'><strong>gerit,</strong></span> <span class='ocrx_word' id='word_1_373' title='bbox 1831 4785 2093 4841; x_wconf 85' lang='lat' dir='ltr'><strong>abstracti</strong></span> <span class='ocrx_word' id='word_1_374' title='bbox 2129 4784 2346 4852; x_wconf 88' lang='lat' dir='ltr'><strong>quidem</strong></span> <span class='ocrx_word' id='word_1_375' title='bbox 2384 4783 2528 4837; x_wconf 89' lang='lat' dir='ltr'><strong>illius</strong></span> <span class='ocrx_word' id='word_1_376' title='bbox 2563 4799 2675 4837; x_wconf 88' lang='lat' dir='ltr'><strong>non</strong></span> <span class='ocrx_word' id='word_1_377' title='bbox 2711 4788 2921 4836; x_wconf 89' lang='lat' dir='ltr'><strong>tantum</strong></span> <span class='ocrx_word' id='word_1_378' title='bbox 2958 4797 2991 4835; x_wconf 91' lang='lat' dir='ltr'><strong>a</strong></span> <span class='ocrx_word' id='word_1_379' title='bbox 3026 4787 3197 4832; x_wconf 87' lang='lat' dir='ltr'><strong>mate-</strong></span> 
     </span>
     <span class='ocr_line' id='line_1_44' title="bbox 1268 4861 3197 4934; baseline 0.001 -20"><span class='ocrx_word' id='word_1_380' title='bbox 1268 4861 1366 4931; x_wconf 87' lang='lat' dir='ltr'><strong>ria,</strong></span> <span class='ocrx_word' id='word_1_381' title='bbox 1405 4862 1500 4916; x_wconf 87' lang='lat' dir='ltr'><strong>sed</strong></span> <span class='ocrx_word' id='word_1_382' title='bbox 1540 4863 1699 4917; x_wconf 82' lang='lat' dir='ltr'><strong>etiam</strong></span> <span class='ocrx_word' id='word_1_383' title='bbox 1736 4879 1769 4917; x_wconf 91' lang='lat' dir='ltr'><strong>a</strong></span> <span class='ocrx_word' id='word_1_384' title='bbox 1802 4865 2176 4934; x_wconf 83' lang='lat' dir='ltr'><strong>magnitudine</strong></span> <span class='ocrx_word' id='word_1_385' title='bbox 2212 4863 2623 4934; x_wconf 86' lang='lat' dir='ltr'><strong>quodammodo,</strong></span> <span class='ocrx_word' id='word_1_386' title='bbox 2661 4869 2723 4918; x_wconf 85' lang='lat' dir='ltr'><strong>ut</strong></span> <span class='ocrx_word' id='word_1_387' title='bbox 2761 4862 2964 4916; x_wconf 88' lang='lat' dir='ltr'><strong>dictum</strong></span> <span class='ocrx_word' id='word_1_388' title='bbox 3001 4876 3121 4929; x_wconf 88' lang='lat' dir='ltr'><strong>cap.</strong></span> <span class='ocrx_word' id='word_1_389' title='bbox 3147 4861 3197 4926; x_wconf 83' lang='lat'><strong>3,</strong></span> 
     </span>
     <span class='ocr_line' id='line_1_45' title="bbox 1276 4939 3198 5011; baseline -0.001 -17"><span class='ocrx_word' id='word_1_390' title='bbox 1276 4956 1452 5007; x_wconf 90' lang='lat' dir='ltr'><strong>eoque</strong></span> <span class='ocrx_word' id='word_1_391' title='bbox 1487 4942 1721 4997; x_wconf 87' lang='lat' dir='ltr'><strong>circulus</strong></span> <span class='ocrx_word' id='word_1_392' title='bbox 1758 4950 1816 4996; x_wconf 86' lang='lat' dir='ltr'><strong>et</strong></span> <span class='ocrx_word' id='word_1_393' title='bbox 1852 4952 2095 4997; x_wconf 88' lang='lat' dir='ltr'><strong>centrum</strong></span> <span class='ocrx_word' id='word_1_394' title='bbox 2117 4944 2218 4998; x_wconf 90' lang='lat' dir='ltr'><strong>·hic</strong></span> <span class='ocrx_word' id='word_1_395' title='bbox 2242 4944 2356 4998; x_wconf 83' lang='lat' dir='ltr'><strong>fere</strong></span> <span class='ocrx_word' id='word_1_396' title='bbox 2379 4942 2693 4996; x_wconf 87' lang='lat' dir='ltr'><strong>coincidunt</strong></span> <span class='ocrx_word' id='word_1_397' title='bbox 2725 4942 2952 5011; x_wconf 87' lang='lat' dir='ltr'><strong>ipsaque</strong></span> <span class='ocrx_word' id='word_1_398' title='bbox 2985 4939 3071 4992; x_wconf 81' lang='lat' dir='ltr'><strong>vel</strong></span> <span class='ocrx_word' id='word_1_399' title='bbox 3095 4939 3198 4993; x_wconf 81' lang='lat' dir='ltr'><strong>cir-</strong></span> 
     </span>
     <span class='ocr_line' id='line_1_46' title="bbox 1276 5017 3198 5090; baseline -0.002 -17"><span class='ocrx_word' id='word_1_400' title='bbox 1276 5019 1432 5074; x_wconf 88' lang='lat' dir='ltr'><strong>culus</strong></span> <span class='ocrx_word' id='word_1_401' title='bbox 1467 5020 1813 5089; x_wconf 89' lang='lat' dir='ltr'><strong>potentialis,</strong></span> <span class='ocrx_word' id='word_1_402' title='bbox 1866 5020 1949 5074; x_wconf 80' lang='lat' dir='ltr'><strong>vel</strong></span> <span class='ocrx_word' id='word_1_403' title='bbox 1987 5030 2244 5088; x_wconf 88' lang='lat' dir='ltr'><strong>puuctum</strong></span> <span class='ocrx_word' id='word_1_404' title='bbox 2288 5021 2463 5090; x_wconf 90' lang='lat' dir='ltr'><strong>plagis</strong></span> <span class='ocrx_word' id='word_1_405' title='bbox 2500 5021 2812 5076; x_wconf 89' lang='lat' dir='ltr'><strong>distinctum</strong></span> <span class='ocrx_word' id='word_1_406' title='bbox 2861 5026 2918 5073; x_wconf 86' lang='lat' dir='ltr'><strong>et</strong></span> <span class='ocrx_word' id='word_1_407' title='bbox 2953 5017 3031 5071; x_wconf 88' lang='lat' dir='ltr'><strong>sic</strong></span> <span class='ocrx_word' id='word_1_408' title='bbox 3065 5032 3198 5085; x_wconf 87' lang='lat' dir='ltr'><strong>quo-</strong></span> 
     </span>
     <span class='ocr_line' id='line_1_47' title="bbox 1275 5097 3200 5178; baseline -0.001 -27"><span class='ocrx_word' id='word_1_409' title='bbox 1275 5097 1559 5152; x_wconf 81' lang='lat' dir='ltr'><strong>dammodo</strong></span> <span class='ocrx_word' id='word_1_410' title='bbox 1621 5099 1999 5167; x_wconf 83' lang='lat' dir='ltr'><strong>qualitativum</strong></span> <span class='ocrx_word' id='word_1_411' title='bbox 2061 5101 2164 5155; x_wconf 90' lang='lat' dir='ltr'><strong>dici</strong></span> <span class='ocrx_word' id='word_1_412' title='bbox 2226 5108 2433 5171; x_wconf 79' lang='lat' dir='ltr'><strong>potest3</strong></span> <span class='ocrx_word' id='word_1_413' title='bbox 2500 5108 2680 5155; x_wconf 86' lang='lat' dir='ltr'><strong>tamen</strong></span> <span class='ocrx_word' id='word_1_414' title='bbox 2747 5098 3032 5154; x_wconf 82' lang='lat' dir='ltr'><strong>discrimen</strong></span> <span class='ocrx_word' id='word_1_415' title='bbox 3091 5097 3200 5178; x_wconf 82' lang='lat' dir='ltr'><strong>hoc</strong></span> 
     </span>
     <span class='ocr_line' id='line_1_48' title="bbox 1271 5174 3197 5247; baseline 0.001 -20"><span class='ocrx_word' id='word_1_416' title='bbox 1271 5174 1483 5230; x_wconf 85' lang='lat' dir='ltr'><strong>videtur</strong></span> <span class='ocrx_word' id='word_1_417' title='bbox 1534 5177 1955 5244; x_wconf 82' lang='lat' dir='ltr'><strong>observandum,</strong></span> <span class='ocrx_word' id='word_1_418' title='bbox 2013 5179 2158 5247; x_wconf 89' lang='lat' dir='ltr'><strong>quod</strong></span> <span class='ocrx_word' id='word_1_419' title='bbox 2206 5179 2344 5233; x_wconf 89' lang='lat' dir='ltr'><strong>aliae</strong></span> <span class='ocrx_word' id='word_1_420' title='bbox 2399 5179 2689 5234; x_wconf 88' lang='lat' dir='ltr'><strong>facultates</strong></span> <span class='ocrx_word' id='word_1_421' title='bbox 2743 5178 2950 5234; x_wconf 83' lang='lat' dir='ltr'><strong>animae</strong></span> <span class='ocrx_word' id='word_1_422' title='bbox 3012 5175 3197 5245; x_wconf 85' lang='lat' dir='ltr'><strong>potius</strong></span> 
     </span>
     <span class='ocr_line' id='line_1_49' title="bbox 1088 5252 3193 5544; baseline 0.001 -239"><span class='ocrx_word' id='word_1_423' title='bbox 1088 5267 1181 5544; x_wconf 48' lang='grc' dir='ltr'><strong>Ξ)</strong></span> <span class='ocrx_word' id='word_1_424' title='bbox 1269 5260 1331 5306; x_wconf 86' lang='grc' dir='ltr'><strong>ιιι</strong></span> <span class='ocrx_word' id='word_1_425' title='bbox 1381 5252 1617 5309; x_wconf 81' lang='lat' dir='ltr'><strong>circulus</strong></span> <span class='ocrx_word' id='word_1_426' title='bbox 1662 5256 2091 5312; x_wconf 83' lang='lat' dir='ltr'><strong>considerandae</strong></span> <span class='ocrx_word' id='word_1_427' title='bbox 2147 5266 2303 5323; x_wconf 90' lang='lat' dir='ltr'><strong>sunt,</strong></span> <span class='ocrx_word' id='word_1_428' title='bbox 2363 5258 2501 5314; x_wconf 88' lang='lat' dir='ltr'><strong>aliae</strong></span> <span class='ocrx_word' id='word_1_429' title='bbox 2560 5258 2746 5327; x_wconf 86' lang='lat' dir='ltr'><strong>potius</strong></span> <span class='ocrx_word' id='word_1_430' title='bbox 2808 5265 2868 5311; x_wconf 90' lang='lat' dir='ltr'><strong>ut</strong></span> <span class='ocrx_word' id='word_1_431' title='bbox 2916 5266 3193 5328; x_wconf 84' lang='lat' dir='ltr'><strong>punctum.</strong></span> 
     </span>
    </p>
   </div>
   <div class='ocr_carea' id='block_1_14' title="bbox 617 4893 1179 5440">
    <p class='ocr_par' dir='ltr' id='par_1_19' title="bbox 617 4893 1179 5440">
     <span class='ocr_line' id='line_1_50' title="bbox 617 4893 1179 5440; baseline 0 1819"><span class='ocrx_word' id='word_1_432' title='bbox 617 4893 1179 5440; x_wconf 95' lang='lat' dir='ltr'><strong> </strong></span> 
     </span>
    </p>
   </div>
   <div class='ocr_carea' id='block_1_15' title="bbox 649 5330 3219 5727">
    <p class='ocr_par' dir='ltr' id='par_1_20' title="bbox 649 5330 3219 5720">
     <span class='ocr_line' id='line_1_51' title="bbox 1268 5330 3219 5407; baseline 0.004 -24"><span class='ocrx_word' id='word_1_433' title='bbox 1268 5330 1732 5396; x_wconf 84' lang='lat' dir='ltr'><strong>Quemadmodum</strong></span> <span class='ocrx_word' id='word_1_434' title='bbox 1786 5337 1930 5389; x_wconf 88' lang='lat' dir='ltr'><strong>enim</strong></span> <span class='ocrx_word' id='word_1_435' title='bbox 1990 5336 2223 5392; x_wconf 90' lang='lat' dir='ltr'><strong>circulus</strong></span> <span class='ocrx_word' id='word_1_436' title='bbox 2281 5336 2398 5391; x_wconf 88' lang='lat' dir='ltr'><strong>sine</strong></span> <span class='ocrx_word' id='word_1_437' title='bbox 2457 5344 2643 5392; x_wconf 89' lang='lat' dir='ltr'><strong>centro</strong></span> <span class='ocrx_word' id='word_1_438' title='bbox 2705 5339 2928 5407; x_wconf 89' lang='lat' dir='ltr'><strong>cogitari</strong></span> <span class='ocrx_word' id='word_1_439' title='bbox 2987 5340 3219 5406; x_wconf 62' lang='lat' dir='ltr'><strong>nequit,-</strong></span> 
     </span>
     <span class='ocr_line' id='line_1_52' title="bbox 1266 5410 3197 5486; baseline 0.006 -24"><span class='ocrx_word' id='word_1_440' title='bbox 1266 5427 1422 5468; x_wconf 87' lang='lat' dir='ltr'><strong>omne</strong></span> <span class='ocrx_word' id='word_1_441' title='bbox 1477 5410 1707 5465; x_wconf 86' lang='lat' dir='ltr'><strong>vicissim</strong></span> <span class='ocrx_word' id='word_1_442' title='bbox 1756 5422 2018 5482; x_wconf 88' lang='lat' dir='ltr'><strong>puuctum</strong></span> <span class='ocrx_word' id='word_1_443' title='bbox 2073 5416 2216 5469; x_wconf 89' lang='lat' dir='ltr'><strong>circa</strong></span> <span class='ocrx_word' id='word_1_444' title='bbox 2265 5431 2325 5470; x_wconf 88' lang='lat' dir='ltr'><strong>se</strong></span> <span class='ocrx_word' id='word_1_445' title='bbox 2382 5417 2549 5472; x_wconf 88' lang='lat' dir='ltr'><strong>habet</strong></span> <span class='ocrx_word' id='word_1_446' title='bbox 2588 5419 2860 5486; x_wconf 88' lang='lat' dir='ltr'><strong>regionem</strong></span> <span class='ocrx_word' id='word_1_447' title='bbox 2908 5418 3197 5474; x_wconf 79' lang='lat' dir='ltr'><strong>scribendo</strong></span> 
     </span>
     <span class='ocr_line' id='line_1_53' title="bbox 744 5487 3196 5587; baseline 0.007 -50"><span class='ocrx_word' id='word_1_448' title='bbox 744 5544 780 5557; x_wconf 41' lang='lat' dir='ltr'><em>f</em></span> <span class='ocrx_word' id='word_1_449' title='bbox 1067 5559 1071 5564; x_wconf 17' lang='grc' dir='ltr'><strong>μ</strong></span> <span class='ocrx_word' id='word_1_450' title='bbox 1265 5487 1493 5557; x_wconf 88' lang='lat' dir='ltr'><strong>circulo,</strong></span> <span class='ocrx_word' id='word_1_451' title='bbox 1558 5491 1639 5544; x_wconf 87' lang='lat' dir='ltr'><strong>sic</strong></span> <span class='ocrx_word' id='word_1_452' title='bbox 1689 5492 1743 5546; x_wconf 90' lang='lat' dir='ltr'><strong>in</strong></span> <span class='ocrx_word' id='word_1_453' title='bbox 1790 5493 1970 5548; x_wconf 84' lang='lat' dir='ltr'><strong>anima</strong></span> <span class='ocrx_word' id='word_1_454' title='bbox 2005 5508 2223 5587; x_wconf 77' lang='lat' dir='ltr'><strong>quoque</strong></span> <span class='ocrx_word' id='word_1_455' title='bbox 2285 5497 2565 5564; x_wconf 87' lang='lat' dir='ltr'><strong>operatio</strong></span> <span class='ocrx_word' id='word_1_456' title='bbox 2585 5498 2736 5552; x_wconf 84' lang='lat' dir='ltr'><strong>nulla</strong></span> <span class='ocrx_word' id='word_1_457' title='bbox 2781 5506 2865 5552; x_wconf 88' lang='lat' dir='ltr'><strong>est</strong></span> <span class='ocrx_word' id='word_1_458' title='bbox 2923 5499 3040 5553; x_wconf 87' lang='lat' dir='ltr'><strong>sine</strong></span> <span class='ocrx_word' id='word_1_459' title='bbox 3099 5499 3196 5552; x_wconf 89' lang='lat' dir='ltr'><strong>im·</strong></span> 
     </span>
     <span class='ocr_line' id='line_1_54' title="bbox 649 5566 3196 5671; baseline 0.007 -55"><span class='ocrx_word' id='word_1_460' title='bbox 649 5577 712 5652; x_wconf 42' lang='grc' dir='ltr'><strong>,ι’</strong></span> <span class='ocrx_word' id='word_1_461' title='bbox 731 5569 743 5578; x_wconf 79' lang='grc'><strong>“</strong></span> <span class='ocrx_word' id='word_1_462' title='bbox 952 5598 1002 5616; x_wconf 48' lang='grc' dir='ltr'><strong>,κ</strong></span> <span class='ocrx_word' id='word_1_463' title='bbox 1261 5566 1542 5634; x_wconf 85' lang='lat' dir='ltr'><strong>pressione</strong></span> <span class='ocrx_word' id='word_1_464' title='bbox 1601 5568 1969 5639; x_wconf 78' lang='lat' dir='ltr'><strong>imaginativa,</strong></span> <span class='ocrx_word' id='word_1_465' title='bbox 2028 5573 2199 5627; x_wconf 90' lang='lat' dir='ltr'><strong>omnis</strong></span> <span class='ocrx_word' id='word_1_466' title='bbox 2252 5575 2486 5629; x_wconf 82' lang='lat' dir='ltr'><strong>vicissim</strong></span> <span class='ocrx_word' id='word_1_467' title='bbox 2544 5577 2756 5631; x_wconf 88' lang='lat' dir='ltr'><strong>interna</strong></span> <span class='ocrx_word' id='word_1_468' title='bbox 2802 5581 3048 5671; x_wconf 68' lang='lat' dir='ltr'><strong>receptio</strong></span> <span class='ocrx_word' id='word_1_469' title='bbox 3109 5582 3196 5635; x_wconf 76' lang='lat' dir='ltr'><strong>vel</strong></span> 
     </span>
     <span class='ocr_line' id='line_1_55' title="bbox 1260 5645 3195 5727; baseline 0.009 -26"><span class='ocrx_word' id='word_1_470' title='bbox 1260 5645 1539 5701; x_wconf 82' lang='lat' dir='ltr'><strong>meditatio</strong></span> <span class='ocrx_word' id='word_1_471' title='bbox 1576 5657 1663 5703; x_wconf 90' lang='lat' dir='ltr'><strong>est</strong></span> <span class='ocrx_word' id='word_1_472' title='bbox 1694 5658 1921 5720; x_wconf 89' lang='lat' dir='ltr'><strong>propter</strong></span> <span class='ocrx_word' id='word_1_473' title='bbox 1954 5658 2160 5705; x_wconf 89' lang='lat' dir='ltr'><strong>motum</strong></span> <span class='ocrx_word' id='word_1_474' title='bbox 2189 5660 2490 5727; x_wconf 82' lang='lat' dir='ltr'><strong>externum,</strong></span> <span class='ocrx_word' id='word_1_475' title='bbox 2529 5659 2702 5711; x_wconf 90' lang='lat' dir='ltr'><strong>omnis</strong></span> <span class='ocrx_word' id='word_1_476' title='bbox 2725 5660 2935 5715; x_wconf 87' lang='lat' dir='ltr'><strong>animae</strong></span> <span class='ocrx_word' id='word_1_477' title='bbox 2960 5663 3195 5720; x_wconf 87' lang='lat' dir='ltr'><strong>facultas</strong></span> 
     </span>
    </p>
   </div>
  </div>
 </body>
</html>
