3684 7259
630 1258 632 1263 Α
721 1217 805 1272 luber
821 1216 1039 1287 uuoapuavt
1083 1253 1086 1262 ,
1491 1220 1554 1281 249

207 1400 273 1459 beia
295 1399 419 1473 semina,
451 1401 498 1457 cui
528 1415 634 1458 nomen
662 1404 708 1457 est
735 1396 882 1456 residuum
907 1393 963 1477 (sc.
994 1405 1052 1456 tres
1085 1403 1207 1472 quartae
1230 1392 1346 1477 circuli)
1367 1395 1473 1471 juncta*
1493 1402 1556 1454 erat

209 1489 332 1563 patricio
357 1490 445 1562 (parti
470 1505 509 1546 sc.
535 1495 657 1561 quartae
681 1481 813 1566 circuli),
838 1487 921 1561 cujus
944 1483 1084 1544 nobilitas
1108 1486 1135 1541 in
1158 1486 1319 1558 geometria
1341 1493 1385 1542 est
1408 1501 1443 1543 ex
1464 1491 1572 1553 tetras,

207 1590 291 1649 gono.
337 1575 412 1632 Nam
446 1592 481 1631 cx
505 1573 560 1632 bac
590 1583 681 1631 matre
713 1568 823 1653 (tribua
852 1569 980 1654 quartis)
1004 1590 1056 1648 per
1077 1574 1294 1648 generationem
1324 1573 1465 1630 musicam
1488 1566 1556 1652 (per

206 1662 385 1720 additionem
416 1665 502 1718 unius
526 1659 682 1739 diapason)
710 1669 781 1719 nata
803 1669 959 1735 estpars,
991 1668 1049 1719 tres
1073 1668 1211 1731 octavae,
1242 1662 1303 1732 cui,
1337 1658 1421 1717 salvo
1444 1658 1556 1719 honora
1667 1658 1669 1662 ’

205 1749 362 1819 senatorio,
386 1749 455 1807 licet
475 1750 538 1825 jam
561 1749 666 1807 ducere
683 1748 771 1806 aliam
794 1747 950 1823 plebeiam,
974 1750 1021 1805 cui
1042 1764 1147 1821 nomen
1164 1750 1292 1824 quinque
1316 1755 1453 1819 octavae,
1472 1746 1557 1822 cujus

205 1848 285 1895 ortua
310 1837 413 1895 eadem
437 1845 483 1894 est
506 1836 649 1910 conditi03
682 1853 750 1893 nam
772 1843 865 1894 mater
887 1835 931 1893 illi
951 1853 1071 1910 quoquc
1102 1834 1265 1906 residuum,
1298 1835 1410 1893 scilicet
1432 1840 1557 1909 quatuor

205 1927 388 2001 quintarum,
422 1935 505 2000 pater
531 1927 688 2000 patricius,
723 1940 781 1981 una
810 1926 927 1997 quinta,
962 1924 1046 1997 cujus
1077 1922 1216 1980 nobilitas
1248 1925 1424 1995 geometrica
1453 1928 1556 1981 estex
1598 1955 1600 1959 ·

205 2012 435 2087 quinquangulo.
461 2011 643 2070 Duodecima
665 2027 735 2070 vero
748 2010 847 2068 circuli
869 2028 947 2086 pars,
972 2011 1026 2068 etsi
1047 2010 1095 2085 jus
1119 2012 1246 2068 civitatis
1270 2010 1359 2068 habet
1382 2012 1410 2066 in
1433 2010 1555 2080 musica,

205 2117 269 2158 cum
293 2102 357 2175 ejus
389 2100 528 2157 subtensa
558 2101 597 2155 sit
631 2101 659 2155 in
687 2100 848 2173 geometria
879 2095 1260 2174 praecipuae.uobilitatis,
1290 2104 1350 2155 tam
1373 2114 1427 2155 sua
1450 2099 1556 2155 virtute

204 2197 306 2264 partae
337 2183 394 2266 (ob
421 2182 655 2266 congruentiam)
688 2203 774 2260 quam
806 2204 824 2243 a
854 2186 1023 2261 parentibus
1057 2192 1196 2260 acceptae
1225 2180 1309 2265 (sunt
1341 2185 1556 2258 enimfigurae

204 2274 318 2334 nobiles
340 2276 532 2350 sexangulum
555 2282 585 2331 et
606 2273 797 2347 triangulum,
826 2289 861 2331 ex
885 2290 1008 2346 quarum
1030 2266 1154 2331 laterum
1177 2265 1373 2347 duplicatione
1398 2281 1442 2330 est
1464 2270 1557 2330 dode·

204 2379 348 2438 cagonus,
377 2365 572 2437 praestantior
598 2360 656 2418 illis
679 2361 717 2419 ob
740 2377 838 2418 aream
861 2358 1028 2437 affabilem),
1051 2352 1082 2418 at
1105 2362 1174 2433 quia
1196 2358 1271 2417 haec
1293 2377 1360 2435 pars
1384 2358 1558 2419 duodecima
1611 2357 1614 2363 ’

205 2467 326 2508 uxorem
349 2449 452 2521 babet,
476 2448 612 2507 undecim
636 2447 871 2522 duodecimarnm
893 2446 1060 2519 residuum,
1084 2448 1160 2521 quae
1185 2449 1213 2502 ln
1238 2450 1350 2505 musica
1371 2447 1505 2522 adeoque
1527 2452 1558 2506 et

205 2541 232 2593 in
257 2540 417 2612 geometria
439 2539 611 2611 peregrinae
635 2544 679 2594 est
695 2538 824 2609 originis,
849 2552 942 2611 genus
965 2533 1002 2593 ad
1019 2533 1254 2612 undecangulum
1277 2535 1411 2605 reserens,
1434 2535 1557 2612 liguram

204 2642 261 2683 non
292 2624 564 2693 demonstrabilem,
599 2639 694 2698 eoque
723 2624 851 2681 civitatis
881 2622 931 2697 jus
958 2621 1080 2697 adipisci
1103 2639 1161 2681 non
1191 2629 1304 2699 potest:
1333 2622 1447 2688 ¹nullum
1469 2624 1564 2697 igitur·

203 2714 325 2771 maritus
348 2714 378 2768 in
400 2713 511 2772 musica
539 2712 588 2785 jus
616 2711 705 2769 babet
728 2713 953 2785 septemviratus
987 2708 1026 2767 ad
1048 2708 1282 2771 constituendum
1304 2727 1455 2769 numerum
1479 2709 1558 2768 divi·

174 2853 178 2860 .
204 2804 319 2858 sionum
342 2798 541 2857 monochordi.
587 2798 696 2856 Contra
719 2799 747 2853 in
770 2797 1060 2872 meteorologiamos
1083 2803 1127 2855 est
1150 2797 1236 2855 alius.
1281 2797 1355 2856 Nam
1378 2800 1558 2873 utquisque
1635 2840 1638 2844 -

205 2891 267 2963 ipse
291 2888 399 2946 nobilis
423 2904 474 2945 seu
499 2896 563 2943 ortu
586 2903 637 2943 seu
654 2887 764 2943 meritis
787 2882 961 2966 (scibilitate
975 2902 1016 2943 sc.
1032 2892 1083 2943 aut
1099 2879 1315 2965 congruentia),
1340 2888 1381 2944 itu
1402 2885 1558 2961 plurimum
1640 2951 1643 2956 ⁸

207 2976 285 3033 valet
308 2976 490 3041 auctoritate,
515 2972 618 3048 reliqui
642 2971 768 3031 volitant
790 2972 872 3031 velut
890 2973 1027 3045 umbra03
1051 2973 1221 3030 seminarum
1237 2975 1312 3030 ratio
1328 2972 1556 3032 habeturnulla

204 3062 260 3121 Hic
283 3065 370 3138 igitur
393 3061 487 3119 ortilis
503 3060 550 3118 vel
567 3059 742 3135 sesquadrus
765 3067 794 3118 et
817 3059 997 3136 sequadrua,
1031 3058 1200 3134 posthabito
1217 3076 1276 3117 suo
1297 3059 1362 3135 jure
1385 3063 1413 3117 in
1437 3063 1557 3131 musica,

205 3153 274 3225 quia
297 3151 453 3206 subtensas
476 3148 586 3206 habent
609 3147 769 3221 ignobiles,
800 3157 868 3205 aunt
891 3147 927 3206 de
950 3147 1076 3223 populo,
1110 3147 1193 3222 cujus
1217 3153 1348 3221 potestas
1371 3147 1470 3219 nulla,
1500 3149 1557 3206 nisi

204 3256 255 3312 per
278 3238 442 3294 absentiam
466 3233 698 3309 magistratuum,
721 3244 842 3310 urgente
864 3234 941 3293 mole
964 3237 1156 3309 negotiorum.
1202 3233 1268 3292 Hoc
1291 3243 1344 3307 est,
1368 3237 1394 3293 si
1416 3235 1466 3294 diu
1484 3232 1558 3293 uulll

206 3328 303 3383 essent
326 3333 461 3400 aspectus
484 3325 620 3398 primarii,
646 3322 774 3381 lacerent
796 3323 927 3380 fortassis
950 3321 1061 3397 aliquid
1085 3324 1173 3382 etism
1196 3320 1226 3378 bi
1248 3330 1400 3398 aspectus,
1423 3340 1558 3398 praeser-

205 3415 257 3470 tim
279 3413 302 3469 si
328 3411 417 3469 Terra
439 3411 561 3469 humore
582 3408 671 3485 plena
693 3411 745 3482 sit,
780 3426 838 3484 quo
862 3427 931 3468 casu
954 3426 987 3467 sc
1018 3410 1111 3484 ipsam
1135 3417 1273 3467 exonerat
1296 3409 1472 3486 quaudoque
1495 3412 1558 3469 sine

206 3501 283 3558 omni
307 3499 568 3572 configurationum
591 3497 719 3556 stimulo.
767 3498 806 3554 At
828 3500 898 3572 qnia
919 3497 1090 3573 plerumque
1112 3503 1230 3572 praesto
1253 3505 1322 3555 sunt
1342 3500 1480 3574 primarii,
1503 3516 1559 3557 na-

206 3598 270 3645 tura
300 3586 466 3643 sublunaris
505 3587 542 3642 ab
576 3587 612 3641 iis
648 3585 770 3659 fatigata
806 3601 864 3642 non
902 3586 990 3646 sentit
1020 3582 1155 3642 stimulos
1182 3583 1236 3641 hos
1266 3587 1401 3644 minores.
1447 3584 1559 3644 Docilia
1651 3607 1654 3613 “

206 3690 275 3733 vero
300 3684 329 3733 et
353 3672 507 3743 tridecilis,
539 3690 574 3730 ex
597 3672 703 3729 illustri
727 3671 844 3747 quidem
867 3681 934 3730 sunt
958 3672 1084 3750 lamilia,
1114 3671 1267 3729 divisionis
1290 3673 1388 3732 circuli
1412 3673 1558 3745 denariae,

205 3778 281 3837 quae
305 3764 395 3818 utitur
419 3761 605 3836 proportione
621 3759 729 3827 divina,
753 3777 846 3833 genna
869 3768 966 3818 tamen
990 3776 1076 3817 auum
1099 3760 1183 3818 lactis
1199 3775 1258 3818 non
1274 3759 1455 3836 illustrarunt
1477 3761 1559 3840 (quia

206 3851 234 3905 in
258 3846 353 3905 solido
376 3864 433 3904 non
458 3847 623 3905 omnimode
639 3844 821 3924 congruunt),
844 3865 898 3906 nec
921 3849 1020 3923 capita
1034 3847 1253 3921 auntiamiliac‚
1277 3857 1307 3907 et
1329 3839 1353 3907 si
1378 3849 1447 3924 quid
1470 3851 1559 3909 etiam
1650 3881 1653 3884 ·

206 3943 331 4011 possunt
353 3931 565 4015 (congruentes
586 3935 771 4010 aliquatenus
795 3937 823 3991 in
846 3935 940 4011 plano
960 3937 1107 4009 etiamque
1139 3952 1204 3993 cum
1227 3934 1295 3993 aliis
1317 3938 1347 3993 in
1370 3932 1497 4017 solido),
1527 3935 1558 3993 id

208 4041 291 4080 cirine
316 4025 489 4098 praeripitur
511 4023 582 4096 ipsis
614 4023 652 4080 ab
676 4023 865 4098 optimatibus
895 4041 932 4081 ex
955 4021 1019 4080 aliis
1042 4021 1175 4094 familiis,
1205 4029 1258 4080 aut
1279 4024 1436 4081 offuscatur
1459 4019 1574 4082 eorum'

207 4113 300 4184 gloria
323 4109 476 4184 splendore
501 4109 612 4182 maj0ri.
647 4109 722 4167 Nam
744 4113 769 4167 si
792 4118 897 4168 natura
919 4127 971 4184 per
995 4113 1144 4186 aspectum
1169 4106 1323 4168 allisam
1344 4112 1400 4169 luit
1422 4113 1558 4179 exercite,

207 4199 297 4255 Terra
320 4199 391 4254 satis
414 4215 464 4271 per·
488 4196 568 4253 illum
593 4196 753 4261 exhausta,
776 4191 880 4272 parurn
903 4197 1075 4271 relinquitur
1097 4198 1229 4272 aspectui
1252 4200 1349 4256 vicino
1374 4195 1441 4256 36⁰
1464 4187 1575 4258 imas*

207 4285 327 4355 cilliori,
360 4283 439 4358 quod
472 4295 616 4358 operetur.
672 4284 837 4344 Semiaoxto
871 4285 996 4360 denique
1029 4281 1103 4343 30⁰
1136 4277 1274 4342 nobilitas
1306 4293 1350 4344 est
1382 4284 1559 4361 praecellens

208 4393 241 4430 ex
267 4372 466 4447 dodecagono,
491 4380 519 4428 et
543 4371 636 4429 scibili
661 4380 690 4428 ot
704 4389 834 4446 congruo
857 4374 970 4443 eximie,
994 4390 1048 4431 nec
1064 4373 1239 4430 connubium
1263 4374 1455 4448 peregrinum,
1479 4371 1559 4447 quod

208 4464 236 4516 iu
260 4463 372 4517 musica
394 4467 610 4534 praestruxerat
633 4459 676 4515 illi
700 4459 811 4517 aditum
835 4460 871 4516 ad
889 4459 1024 4531 honores,
1048 4463 1077 4516 ln
1100 4459 1311 4535 meteorologia
1335 4459 1480 4520 ullatenus
1503 4461 1559 4518 ob·

207 4555 274 4606 stat.
322 4540 394 4604 Post
416 4546 493 4603 hunc
516 4546 737 4618 dodecagonum
761 4564 837 4621 quae
861 4555 1023 4621 sequuntur
1044 4545 1166 4621 figurae,
1190 4557 1249 4604 tam
1273 4550 1300 4604 in
1325 4548 1416 4605 tribus
1441 4549 1558 4606 secretis

208 4635 342 4704 familiis,
374 4635 567 4705 tetragonica,
602 4636 760 4707 trigonica,
793 4636 1002 4709 pentagonica,
1039 4651 1127 4709 quam
1154 4638 1182 4691 in
1211 4637 1336 4693 mixtura
1359 4635 1558 4709 quindenaria,

206 4732 409 4799 praeterquam
445 4720 522 4794 quod
552 4738 652 4778 omnes
679 4722 740 4808 jam
771 4729 839 4780 sunt
867 4721 1030 4780 nobilitatis
1059 4722 1219 4793 inferioris,
1254 4720 1335 4780 nulla
1363 4725 1449 4781 etiam
1472 4722 1559 4798 plane

208 4811 318 4868 liabent
341 4810 445 4865 merita
467 4810 585 4882 propria
601 4806 848 4884 (congruentiae);
872 4812 971 4885 itaque
988 4810 1053 4885 lege
1070 4811 1198 4868 civitatis
1214 4808 1377 4867 inviolabili
1401 4810 1559 4869 bonoribus

209 4906 236 4956 et
261 4905 405 4973 potestate
430 4894 622 4953 constituendi
647 4904 783 4971 aspectus
805 4906 947 4956 arcentur.

295 4985 337 5040 Ex
354 4983 399 5041 bis
415 4988 537 5057 apparet
559 4983 598 5054 id,
623 4984 700 5058 quod
718 4986 744 5040 in
760 4986 976 5060 prolegomenis
994 4981 1215 5060 Ephemeridnm
1233 4981 1302 5053 dlxi,
1326 4985 1360 5040 ia
1382 4991 1557 5058 aspectuum

207 5074 417 5130 cmmtitutionc
439 5072 539 5127 volere
561 5088 669 5128 cousus
684 5071 818 5130 diversos
833 5087 1000 5147 commuue
1014 5086 1209 5143 concursum,
1233 5070 1431 5128 cincturam
1453 5071 1560 5130 babere

208 5160 349 5216 delectam
372 5176 486 5228 eorum,
511 5161 565 5231 qai
586 5158 725 5230 pluribus
739 5167 811 5217 auat
833 5163 972 5218 instructi
981 5157 1208 5234 praerogativis
1214 5202 1224 5233 ,
1246 5160 1442 5217 &acmanto
1459 5152 1559 5233 'quw
1626 5201 1628 5209 ,

208 5247 280 5304 ἀαπι
306 5248 385 5317 jura
415 5263 473 5301 csse
502 5249 677 5302 communio
706 5263 776 5303 cam
804 5247 975 5320 quadrato,
1015 5247 1148 5302 nimirum
1185 5237 1384 5303 affabilitatem
1414 5262 1500 5306 areae
1515 5244 1558 5303 in

210 5335 317 5407 ligura,
342 5332 493 5407 quaedum
516 5350 586 5390 cum
607 5333 718 5404 seatili,
754 5349 793 5392 sc.
818 5333 1004 5391 multifarium
1027 5333 1245 5407 congruentiam
1267 5334 1297 5389 in
1319 5331 1432 5407 planos
1450 5333 1560 5407 qaum

205 5422 321 5493 junctis
343 5423 435 5493 copiis
457 5422 629 5476 semicoctas
652 5417 868 5493 quodammodo
887 5422 1040 5493 potentior
1060 5418 1162 5477 euadit
1183 5422 1246 5495 ipso
1268 5420 1383 5496 amuli,
1414 5430 1559 5493 quatenus

209 5510 344 5564 nimimm
368 5510 464 5581 potior
488 5517 532 5564 est
555 5505 789 5578 dodecagonicae
823 5522 909 5564 areae
933 5507 1088 5565 affabilitas
1111 5506 1281 5565 affabilitate
1305 5506 1403 5566 lateris
1426 5488 1558 5583 bexagb-

209 5597 276 5667 nici,
300 5596 369 5668 quia
393 5594 471 5651 illam
495 5596 626 5667 sequitur
649 5594 800 5670 perfectior
834 5595 862 5649 in
885 5593 975 5669 plano
999 5594 1196 5669 congruentia.
1242 5586 1305 5653 usi
1329 5594 1385 5654 lroc
1407 5595 1481 5654 libro
1504 5594 1558 5654 IV.
1604 5617 1606 5628 ⁴

210 5685 397 5742 semisextum
420 5698 475 5757 ego
497 5682 581 5757 aequi
600 5682 677 5757 jussi
697 5681 840 5756 sextilem,
863 5680 916 5742 aed
938 5679 1041 5742 eodem
1063 5686 1092 5741 iu
1115 5680 1222 5759 gradu
