3684 7259
168 1282 170 1292 ,
269 1215 333 1280 ²18
474 1227 476 1232 ’
678 1214 720 1270 De
738 1212 1000 1283 configurationibus
1018 1198 1195 1271 llarmouisis.

268 1394 329 1454 lars
351 1407 514 1479 possumus,
538 1398 678 1468 quantum
701 1394 819 1470 quidem
841 1394 927 1452 nobis
949 1392 985 1452 de
1005 1395 1041 1452 iis
1064 1395 1233 1457 constiterit
1277 1391 1375 1455 Unum
1389 1357 1506 1460 anau
1526 1411 1617 1474 prae·

159 1553 163 1559 Ι
269 1470 440 1552 mittendum
463 1495 586 1553 causeo,
610 1479 845 1557 distmguaudum
868 1497 932 1540 esse
954 1482 1029 1539 inter
1051 1482 1162 1559 species
1185 1484 1263 1559 ipsas
1285 1471 1525 1554 mathematicas,
1558 1485 1617 1542 cir-

270 1567 367 1629 sulam
390 1574 420 1626 et
441 1583 539 1625 arcum
562 1567 640 1643 ejus,
673 1570 803 1652 interque
828 1570 1074 1645 comparationem
1104 1585 1219 1642 eurum,
1250 1573 1279 1628 et
1306 1568 1362 1628 huc
1384 1567 1479 1643 ideo,¹
1496 1571 1571 1647 qula
1592 1572 1618 1628 si

270 1656 420 1734 speclea
412 1672 494 1731 ipsae
523 1671 576 1714 ceu
605 1657 740 1713 termini
737 1654 937 1715 collocandae
967 1664 1033 1712 suut
1060 1659 1139 1713 intus
1168 1658 1197 1714 iu
1226 1658 1323 1715 anima
1353 1658 1417 1716 siue
1438 1651 1616 1734 receptione,

269 1741 362 1802 multo
385 1744 478 1816 magis
502 1741 666 1816 harmonia,
697 1760 773 1819 quae
797 1751 840 1801 est
863 1745 936 1802 inter
959 1742 1024 1800 illas
1047 1751 1158 1820 partes,
1187 1746 1216 1801 in
1239 1749 1335 1802 mente
1357 1735 1531 1804 collocanda
1552 1746 1617 1818 erit,

270 1835 305 1888 ιιι
323 1845 402 1888 nou
413 1829 521 1889 haheat
543 1832 698 1888 essentiam
731 1846 814 1888 suam
837 1838 918 1889 extra
942 1828 1038 1902 illam,
1073 1833 1266 1907 quippenam
1297 1830 1360 1906 ejus
1387 1833 1514 1891 essentia
1544 1848 1619 1891 con-

270 1918 355 1977 sistet
385 1918 414 1974 in
437 1919 553 1976 actione
575 1915 676 1993 aliqua
703 1919 808 1976 mentis
837 1919 913 1977 circa
935 1918 1047 1994 species
1070 1916 1144 1975 illas.
1190 1918 1227 1976 Et
1254 1916 1378 1977 circulus
1401 1917 1520 1994 quidem
1551 1935 1619 1978 cum

269 2004 395 2066 meatus
418 2005 461 2063 sic
483 2014 552 2063 suut
573 2005 602 2060 iu
625 2004 736 2078 anima,
770 2012 800 2063 ιιι
828 2007 899 2063 citra
922 2006 1149 2063 conhoversiam
1177 2007 1236 2063 sint
1265 2005 1353 2064 etiam
1382 2002 1415 2063 iu
1441 1995 1618 2082 sensilibus3

253 2089 309 2172 ,at
323 2090 491 2164 harmonia,
523 2107 598 2168 quas
622 2099 666 2150 est
694 2094 768 2150 inter
789 2092 928 2151 circulum
958 2091 1079 2167 ejusque
1102 2096 1228 2168 partem,
1261 2089 1358 2168 quoad
1387 2091 1509 2152 formala
1531 2082 1620 2158 suum

245 2178 351 2257 *nullo
375 2177 461 2237 modo
485 2187 530 2238 est
552 2185 634 2239 extra
657 2181 796 2251 animam,
824 2189 971 2256 utsupra
995 2180 1089 2256 patuit
1117 2179 1249 2256 exemplo
1272 2180 1394 2239 numeri
1439 2179 1510 2240 Jam
1530 2188 1619 2240 vste·

269 2266 335 2327 ium
357 2274 528 2342 argumenta
555 2273 622 2324 sunt
650 2267 807 2343 praecipue
836 2265 871 2326 de
902 2265 1056 2352 speciebus
1083 2267 1169 2342 ipsis,
1199 2283 1230 2326 re
1252 2266 1436 2343 simpliciori3
1464 2267 1621 2364 harmonia

271 2369 343 2414 vero
364 2370 411 2412 res
433 2360 478 2412 ast
499 2354 593 2429 magis
616 2355 786 2431 composita
892 2407 896 2416 ,

358 2440 395 2500 Et
424 2439 480 2500 hoc
507 2447 552 2501 est
582 2439 753 2499 discriminis
782 2443 856 2499 inter
885 2438 1090 2511 Aristotelem,
1126 2438 1292 2509 Platonem,
1322 2437 1460 2502 Proclum
1494 2457 1531 2500 ex
1559 2457 1621 2501 una

272 2525 364 2610 parte,
387 2528 519 2605 interque
542 2525 741 2587 Ptolemaeum
765 2546 800 2587 ex
823 2528 923 2586 altera.
969 2526 1016 2584 Illi
1041 2527 1117 2585 euim
1141 2526 1176 2586 de
1198 2543 1256 2586 essa
1270 2530 1436 2603 specierum
1459 2527 1619 2606 disputant,

271 2613 459 2694 Ptolemaeus
488 2615 524 2674 de
552 2632 611 2673 esse
636 2616 824 2676 harmonius.
869 2613 927 2673 Sed
950 2612 1111 2675 Ptolemaei
1140 2620 1251 2673 textum
1281 2631 1335 2673 nos
1365 2616 1395 2673 iu
1426 2616 1620 2692 appendicem

253 2689 363 2764 vtotius
385 2706 481 2780 operis
503 2702 685 2786 rejiciamus,
701 2719 737 2763 ne
759 2703 853 2772 uobis,
877 2700 956 2777 quod
978 2703 1060 2760 initio
1084 2702 1187 2778 capitis
1209 2702 1397 2778 verebamur,
1420 2704 1522 2762 turbas
1546 2722 1621 2764 cou-

271 2791 355 2865 oitet3
387 2791 453 2850 illos
483 2806 568 2863 reru,
598 2792 649 2868 qui
678 2791 894 2892 appositissime
923 2788 959 2848 ad
990 2797 1171 2918 praesentem
1197 2788 1427 2867 speculationem
1450 2789 1620 2869 loquuntur,

268 2877 331 2957 lusu
348 2878 515 2937 audiemus.

359 2965 395 3023 Et
417 2964 550 3024 Platonis
567 2963 692 3040 quidam
714 2963 750 3025 de
772 2963 859 3024 rebus
881 2912 1095 3023 mathematicis
1122 2963 1266 3023 sententia
1281 2962 1362 3023 haec
1385 2972 1621 3026 astruentem
1688 2984 1691 2991 ·

273 3052 430 3112 ltutuanam
453 3067 553 3112 omnes
575 3060 605 3112 et
626 3054 739 3144 species
761 3070 814 3111 ssu
835 3051 944 3128 ligurus
972 3059 1001 3109 et
1023 3052 1171 3111 axiomata
1196 3058 1226 3111 et
1248 3050 1448 3111 conclusiones
1473 3052 1621 3113 derebus

272 3139 305 3200 sa'
326 3142 392 3217 ipsa
414 3138 549 3199 edoctam
572 3155 652 3213 ease;
682 3157 747 3199 cum
770 3155 839 3198 seru
858 3137 1000 3197 rideatur
1022 3137 1144 3212 erudiri,
1176 3138 1207 3197 id
1227 3137 1299 3198 nihil
1323 3137 1404 3197 allud
1425 3137 1508 3220 esse,
1532 3158 1620 3217 quarn

152 3239 157 3249 '
272 3225 420 3288 admoneri
442 3245 495 3304 per
518 3227 727 3305 diagrammata
749 3226 868 3285 sensilia
889 3241 984 3285 rerum
1008 3243 1123 3298 samm,
1152 3242 1226 3303 quas
1249 3241 1347 3286 secum
1369 3229 1436 3305 ipsa
1458 3230 1539 3287 sciat.
1586 3228 1621 3287 ld

272 3316 414 3393 singulari
443 3315 564 3375 artificio
595 3322 793 3391 repraesentat
819 3316 848 3371 ιιι
872 3307 1013 3390 dialogis,
1035 3312 1199 3373 introducto
1221 3319 1332 3390 puero,
1353 3316 1427 3390 qui,
1459 3323 1621 3394 rogatusa

274 3405 429 3480 magistro,
453 3400 608 3480 respondet
631 3404 728 3462 omnia
750 3402 787 3461 ad
812 3411 921 3459 votum.

365 3488 538 3551 Aristoteles
561 3498 662 3552 contra
683 3491 713 3548 iu
736 3488 949 3566 Metaphysicls
972 3477 1166 3547 commentum
1189 3487 1246 3547 hoe
1268 3486 1398 3566 appellat
1422 3492 1505 3568 tofus
1523 3493 1621 3551 πλασ-

273 3584 402 3653 uaruoq,
426 3600 499 3655 προς
519 3600 571 3653 την
593 3573 733 3638 incessas
753 3579 956 3652 detruncaret,
982 3592 1036 3635 nec
1059 3577 1136 3636 enim
1163 3574 1236 3636 haec
1263 3575 1470 3637 mathematica
1499 3580 1621 3642 seorsim

274 3665 471 3726 aseusilibus
493 3679 618 3740 usquam
640 3668 814 3736 subsistere,
838 3679 891 3723 nec
913 3661 1001 3740 aliam
1025 3673 1088 3722 esse
1111 3662 1227 3722 illorum
1249 3653 1478 3738 subsistentiam,
1500 3680 1537 3724 us
1553 3669 1621 3745 qui-

273 3752 338 3814 dam
360 3754 390 3809 iu
412 3760 525 3825 ments,
554 3754 611 3811 nisi
639 3771 675 3814 ea
695 3755 823 3824 ratione,
854 3769 913 3827 qua
940 3756 1036 3810 cetera
1059 3750 1236 3810 universalia
1263 3757 1331 3809 sunt
1357 3754 1390 3812 in
1410 3758 1524 3824 mente,
1554 3770 1620 3812 cum

275 3841 419 3916 amantiae
442 3840 548 3916 ipsius,
577 3857 672 3900 rerum
694 3840 845 3900 sensilium
867 3837 1056 3915 singularium
1081 3840 1193 3913 species
1215 3854 1266 3915 per
1288 3836 1486 3900 definitionem
1510 3840 1621 3901 sorma-

274 3937 321 3988 tur
345 3930 373 3986 iu
396 3936 508 3998 monte,
542 3931 639 4005 itaque
670 3932 767 4005 priora
790 3925 906 4003 quidem
938 3944 1000 3985 esse
1023 3925 1179 3985 sensilibus
1206 3934 1236 3984 et
1257 3925 1385 3985 abstrahi
1415 3926 1620 4000 a'sehsilibus,

274 4021 306 4075 at
327 4031 387 4073 nou
409 4032 456 4088 re,
479 4014 530 4074 sed
562 4024 702 4092 conceptu
726 4017 839 4075 mentis.
884 4011 942 4074 Ubi
972 4012 1148 4086 notandum,
1182 4011 1260 4088 quod
1283 4005 1470 4087 Aristoteles,
1497 4010 1619 4092 'quoties

273 4103 333 4163 lare
362 4120 416 4162 usu
446 4105 527 4161 venit
555 4111 588 4162 ut
610 4106 739 4162 nominet
767 4116 906 4180 generum
929 4100 1198 4160 mathematicorum
1228 4115 1317 4159 unum
1345 4100 1464 4178 aliquod
1494 4103 1622 4180 exempli

273 4191 378 4269 gratia,
402 4207 516 4267 semper
538 4198 589 4250 ant
610 4199 750 4268 punctum
772 4191 911 4262 nominet,
935 4195 987 4246 aut
1008 4187 1124 4263 lineam,
1148 4195 1199 4247 aut
1218 4188 1408 4264 superficiem,
1431 4196 1482 4248 aut
1506 4206 1620 4268 corpus,

274 4284 327 4338 aut
348 4294 517 4351 numerum,
540 4293 617 4354 quae
639 4286 707 4338 sunt
729 4280 758 4337 lu
780 4275 1016 4355 praedicamento
1040 4275 1211 4352 quantitatis
1234 4289 1347 4335 summa
1368 4293 1491 4353 genera3
1524 4295 1621 4355 quau·

274 4363 389 4425 titutum
413 4381 493 4437 vero,
516 4368 545 4423 iu
569 4376 710 4443 quantum
733 4373 800 4426 sunt
822 4365 931 4439 figurae
955 4370 984 4422 et
1007 4365 1035 4420 in
1052 4374 1156 4439 quarta
1170 4365 1267 4440 specis
1283 4363 1433 4439 qualitatis
1457 4360 1525 4446 (nbi
1539 4363 1620 4426 allud

222 4520 224 4524 ,
275 4457 320 4514 est
342 4455 469 4530 ipsarum
492 4453 659 4529 materiale,
683 4456 847 4529 quantitas,
872 4450 951 4509 aliud
975 4451 1108 4521 formale,
1134 4446 1240 4532 ligura)
1269 4469 1320 4528 per
1341 4450 1395 4510 ha's
1417 4452 1535 4527 quidem
1559 4452 1621 4512 dis-

273 4542 441 4620 putationes
473 4542 505 4600 lit
527 4545 635 4601 mentio
663 4543 822 4612 rarissima,
854 4540 1047 4614 inquantum
1080 4538 1251 4611 relationes,
1282 4538 1368 4614 plane
1397 4538 1488 4599 nulla
1535 4540 1619 4600 Adeo

275 4626 393 4706 quidem
416 4630 504 4688 etiam
527 4629 722 4690 harmonicam
745 4629 902 4688 scientiam.
917 4628 1000 4701 ponit
1022 4625 1166 4703 speculari
1191 4627 1226 4686 de
1249 4625 1330 4684 nulla
1351 4643 1396 4698 rc,
1425 4629 1481 4686 nisi
1504 4627 1541 4687 ds
1564 4646 1621 4687 vo·

275 4716 357 4776 cibus
380 4715 474 4792 deque
497 4718 533 4775 iis
556 4734 612 4776 nou
637 4715 729 4790 aliter,
753 4717 809 4773 nisi
831 4715 859 4770 in
884 4722 1024 4790 quantum
1048 4713 1114 4772 illae
1138 4720 1205 4773 stunt
1226 4714 1330 4778 lineae
1353 4715 1496 4790 planant
1512 4717 1620 4792 optica.

274 4803 322 4863 De
340 4803 506 4863 intervallis
529 4821 598 4863 sero
621 4803 771 4876 linearum,
796 4817 870 4878 quae
893 4807 961 4860 sunt
982 4804 1129 4877 proportio
1151 4800 1266 4880 (relatio
1283 4802 1426 4873 nimirum,
1451 4810 1480 4861 et
1495 4819 1530 4861 ea
1554 4805 1621 4880 qui·

276 4890 342 4951 dem
365 4891 542 4967 qualitativa
565 4899 594 4952 et
616 4888 759 4970 figurata),
783 4909 819 4950 ne
842 4891 969 4948 somniat
991 4887 1107 4964 quidem
1130 4906 1257 4965 unquam
1277 4887 1456 4948 Aristoteles.
1501 4885 1621 4950 Nullum

275 4979 374 5056 itaque
398 4977 518 5038 dubium
543 4986 603 5053 est,
632 4982 700 5055 quin
725 4979 846 5038 ulterius
870 4993 1076 5053 progressums
1102 4976 1219 5034 luerit
1211 4995 1240 5035 ιιι
1263 4976 1318 5035 hac
1348 4969 1570 5081 speculatione,-
1597 4979 1621 5036 si

274 5066 488 5128 mathematicis
510 5065 745 5143 profundioribus
767 5065 815 5147 (de
836 5062 1026 5124 intellectuali
1054 5062 1209 5139 figurarum
1238 5062 1421 5140 possibilium
1453 5072 1482 5125 et
1510 5067 1623 5142 impos·

275 5154 402 5216 sibilium
426 5154 596 5228 differentia,
620 5171 679 5231 qua
702 5155 737 5214 dc
760 5171 813 5214 uus
836 5152 948 5229 egimus
973 5151 1048 5209 libro
1064 5148 1101 5230 Ι.)
1123 5152 1225 5211 luisset
1240 5152 1376 5210 imbutus.
1422 5151 1456 5210 lu
1480 5160 1622 5229 quantum

275 5241 363 5321 lg'ltur
385 5241 421 5301 de
443 5244 564 5301 summis
586 5243 758 5326 quantitatis
780 5240 935 5318 generibus
960 5237 1103 5315 disputat,
1136 5237 1220 5299 laoils
1245 5240 1350 5311 vincit,
1374 5240 1489 5300 nemine
1511 5255 1621 5318 repug-

276 5336 382 5405 usute3
406 5328 485 5406 qdod
507 5345 576 5390 vero
599 5331 627 5387 ln
651 5331 818 5389 universum
842 5330 932 5397 (etiam
951 5330 984 5383 de
1005 5328 1147 5399 speciebus
1165 5329 1311 5385 individuis
1329 5328 1506 5398 [formaliter],
1525 5336 1556 5384 ut
1574 5330 1623 5386 cir·

264 5419 350 5484 ¹culo,
377 5422 483 5488 trigono
504 5425 572 5490 etc)
592 5413 739 5476 concludit
763 5426 791 5476 et
815 5416 968 5474 Platonem
998 5414 1139 5473 stultitiae
1165 5415 1269 5492 huJus‚
1299 5429 1387 5488 quam
1409 5415 1472 5490 ipsa
1495 5413 1556 5471 -slhi
1581 5420 1625 5473 est

276 5504 463 5578 imaginatus,
487 5521 567 5564 resim
590 5508 718 5583 peragit,
752 5503 877 5579 denique
903 5501 981 5588 quod
1010 5505 1141 5579 picturae
1164 5499 1334 5560 Platonicae
1366 5500 1401 5559 de
1423 5517 1514 5577 puero
1539 5499 1624 5561 αὐτο·

280 5594 404 5668 dadeasqr
426 5592 489 5666 ipse
512 5593 797 5670 opponit‘picturam
821 5590 1012 5668 contrariam,
1041 5599 1166 5647 mentem
1189 5605 1332 5661 asserens¹
1348 5603 1379 5646 se
1403 5590 1467 5664 ipsa
1489 5605 1623 5659 uacuam,

277 5687 335 5736 uon
357 5684 470 5737 tautum
494 5678 676 5758 cognitionis·
693 5675 868 5739 ueteraa'et
889 5674 1158 5735 mathematicorum
1180 5671 1333 5753 generum,
1367 5672 1419 5734 sed
1445 5677 1534 5736 etiam
1555 5692 1625 5753 spa·
