3684 7259
175 1283 177 1288 ,
287 1206 350 1271 tls
650 1164 715 1261 'ue
732 1204 854 1290 uanum
871 1205 1046 1261 runem
1062 1157 1240 1261 monson.

286 1376 383 1445 Itaque
401 1377 488 1433 lector
505 1382 569 1445 post
586 1376 696 1444 duom,
715 1394 785 1449 qnae
802 1372 902 1435 desinit
918 1380 958 1435 sic
975 1378 1067 1447 mim„
1085 1376 1222 1445 adscribat
1239 1374 1303 1436 itta:
1329 1392 1418 1445 aqua
1435 1376 1459 1436 si
1476 1376 1584 1433 auferas
1601 1377 1636 1447 ⁴1⁶

285 1468 334 1515 stu
352 1454 425 1524 ”los
450 1463 537 1510 restat
560 1455 630 1524 ΨΜ,
661 1457 791 1513 diminuta
809 1467 887 1514 sexta
904 1458 1001 1525 mollis,
1020 1472 1090 1527 qnae
1109 1464 1152 1512 est
1169 1456 1240 1511 inter
1256 1458 1288 1534 dt
1304 1456 1346 1512 vel
1363 1474 1392 1514 ce
1411 1454 1459 1509 vel
1472 1472 1506 1511 cc
1523 1463 1636 1524 octavae

284 1532 378 1669 m
385 1533 521 1602 simplicia
545 1536 584 1590 Et
600 1536 629 1590 iu
646 1537 770 1606 subjecta
787 1537 889 1595 tabella
906 1539 1020 1609 primam
1037 1537 1135 1594 lineam
1151 1544 1287 1606 occupent
1304 1536 1368 1593 ista:
1393 1536 1447 1590 Pro
1465 1534 1499 1605 ὅ).
1517 1542 1561 1589 est
1579 1534 1637 1606 ²²1„

379 1628 420 1669 ns.

370 1700 415 1755 Ex
433 1701 532 1769 quibus
549 1710 638 1772 patet,
664 1704 692 1758 in
713 1711 861 1773 systemate
879 1702 998 1761 naturali
1015 1702 1119 1760 clavem
1134 1704 1155 1772 f
1167 1702 1323 1771 genuinam,
1343 1706 1374 1755 ut
1390 1699 1439 1755 illa
1455 1706 1498 1755 est
1515 1716 1551 1757 ex
1568 1702 1636 1757 meis

284 1778 423 1849 principiis
440 1780 572 1843 ordinata
590 1799 652 1839 cum
670 1784 689 1839 d
706 1782 781 1838 clare
799 1784 966 1839 constituere
984 1790 1089 1839 sertam
1108 1780 1216 1837 mollem
1234 1778 1404 1835 deiicientem
1431 1794 1480 1834 seu
1506 1778 1636 1836 adultam

283 1869 353 1912 narn
391 1858 457 1912 Cum
483 1859 565 1927 igitur
590 1860 661 1915 inter
687 1861 847 1929 perihslinm
864 1863 946 1918 Jovia'
968 1862 995 1916 in
1022 1861 1092 1916 clavi
1117 1859 1236 1930 genuina
1262 1859 1282 1914 d
1307 1857 1483 1915 coustitutum
1509 1856 1540 1931 'et
1564 1860 1637 1914 inter

283 1934 534 2014 apheliumlllartis
554 1938 590 1993 sit
615 1938 737 2007 perfecta
755 1946 833 1994 serta
851 1938 939 1997 mollis
957 1952 1042 2009 supra
1058 1938 1250 2012 disdiapason,
1270 1951 1324 1991 uon
1341 1950 1405 2004 vero
1424 1934 1569 2010 deficiens,
1587 1953 1637 2006 per

283 2014 549 2172 llil-iiim
550 2016 1176 2165 leitil„‘tlllllulilulul
1184 2031 1272 2162 edil
1280 2016 1637 2163 ‘attulissetis

206 2179 209 2193 '
284 2167 480 2236 quadamtenus
503 2170 531 2226 in
558 2172 629 2233 hauc
658 2172 760 2228 scalam
787 2175 929 2230 consentit
982 2170 1209 2229 Concordentiam
1245 2187 1309 2227 vero
1338 2171 1518 2230 universalem
1545 2189 1635 2244 neque

212 2262 217 2271 ’
284 2262 380 2315 puram
398 2265 487 2318 neque
505 2250 684 2308 adulterinam
701 2253 858 2321 ingreditur.
895 2254 964 2308 Nam
983 2252 1095 2322 Veneris
1114 2250 1260 2322 perihelina
1280 2249 1383 2305 obunet
1394 2250 1484 2305 locum
1503 2252 1635 2308 atensio·

284 2325 326 2386 u't
343 2325 434 2396 hujus.
452 2330 489 2384 ut
505 2330 577 2384 inter
594 2333 644 2400 ⁶ss
655 2338 698 2387 est
716 2330 891 2401 dissonantia,
910 2331 946 2386 ob
957 2331 1137 2386 vicinitatem.
1164 2330 1293 2385 Dissonat
1311 2330 1393 2399 igitur
1406 2332 1485 2386 Mars
1503 2330 1636 2392 nunnius

284 2400 469 2493 planetarum.
497 2425 534 2464 sc.
554 2428 570 2464 a
589 2410 700 2466 Veneris
718 2411 857 2480 perihelio.
892 2410 947 2468 Sed
966 2418 994 2466 et
1011 2427 1029 2467 a
1046 2410 1145 2466 ceteris
1162 2409 1277 2487 Veneris
1296 2409 1414 2466 mutibus
1433 2410 1568 2481 dissonat,
1595 2426 1636 2466 re

284 2488 428 2538 munstur
445 2501 472 2539 n.
491 2486 510 2541 ii
528 2504 582 2544 uno
601 2496 734 2544 commate
752 2489 855 2550 minus.
872 2489 954 2559 quam
972 2504 1021 2559 per
1037 2504 1119 2543 unam
1136 2487 1235 2543 diesin:
1262 2502 1346 2556 quare
1364 2494 1425 2543 curu
1442 2488 1513 2544 inter
1529 2489 1635 2558 perihe-

284 2556 350 2650 linm
368 2561 481 2619 Veneris
498 2573 526 2622 et
543 2567 680 2636 aphelinm
700 2568 796 2630 Martis
815 2568 851 2623 sit
868 2568 1039 2624 semitonium
1059 2574 1086 2622 et
1104 2556 1221 2630 comma,
1239 2565 1311 2621 inter
1328 2565 1411 2638 igitur
1429 2565 1566 2636 aphelium
1584 2567 1636 2622 Ve-

285 2649 357 2694 naria
376 2649 403 2696 et
420 2643 557 2712 aphelinm
569 2645 666 2701 Martis
684 2646 736 2700 erit
754 2646 926 2708 semitonium
944 2651 972 2703 et
984 2644 1065 2701 diesis
1078 2644 1266 2713 (dissimulatis
1280 2645 1404 2714 octavis),
1423 2644 1476 2701 hoc
1494 2653 1538 2701 est
1555 2655 1636 2703 tonus

284 2717 385 2788 minor,
405 2723 478 2791 qnod
496 2723 586 2780 adhuc
604 2725 742 2781 dissormm
761 2731 803 2780 est
813 2724 995 2781 intervallum.
1015 2724 1131 2779 Tantum
1149 2730 1240 2778 autern
1257 2713 1390 2798 inmollis
1411 2724 1517 2794 generis
1535 2724 1635 2780 scalam

284 2783 408 2866 aplselius
425 2802 521 2858 Martia
540 2804 687 2870 consentit,
711 2802 866 2858 nonedam
891 2804 920 2858 in
938 2801 1007 2859 duri.
1043 2800 1113 2857 Nam
1141 2817 1204 2857 cum
1221 2801 1346 2873 aphelius
1365 2800 1478 2857 Veneris
1497 2803 1634 2872 conspiret

227 2914 230 2920 .
284 2872 312 2926 in
329 2891 344 2929 c
361 2880 466 2944 generis
486 2881 553 2946 duri,
571 2880 668 2935 Martis
686 2895 750 2935 vero
768 2880 890 2949 aphelius
917 2879 1103 2948 (dissimulatis
1121 2878 1234 2949 octavis)
1253 2880 1288 2933 sit
1307 2879 1396 2934 iactus
1422 2874 1503 2935 altior'·
1521 2897 1602 2950 quam
1620 2899 1634 2938 a

284 2957 350 3006 tono
367 2957 483 3019 minore,
509 2962 662 3017 necessario
688 2960 770 3030 igitur
787 2961 912 3030 aphelius
928 2960 1025 3015 Martis
1051 2959 1081 3016 iu
1099 2958 1151 3015 hac
1176 2960 1302 3015 tensione
1319 2957 1425 3015 medius
1442 2960 1513 3016 inter
1529 2962 1545 3028 f
1560 2967 1588 3014 et
1603 2962 1632 3029 [ρ

276 3028 408 3105 ¹calleret,
437 3035 538 3093 faciem
557 3057 618 3097 cum
633 3058 653 3111 p
670 3041 765 3110 (quem
782 3041 809 3095 in
829 3040 880 3095 hac
897 3040 1022 3095 tensione
1040 3045 1156 3108 occupat
1175 3038 1299 3108 aphelins
1317 3038 1447 3109 Telluris)
1464 3039 1634 3103 intervallum
1689 3033 1695 3041 ’

283 3097 339 3180 ”le
358 3110 439 3183 plane
456 3117 655 3175 inconcinnum.
672 3124 768 3175 tonum
786 3134 823 3173 sc.
843 3120 978 3189 majorem,
998 3119 1042 3174 cui
1060 3117 1168 3173 ademta
1185 3117 1221 3173 sit
1239 3116 1329 3172 diesis.
1516 3119 1519 3125 '

371 3210 476 3272 Eodem
494 3215 573 3270 modo
591 3215 766 3284 probabitur,
794 3216 890 3271 lldurtis
917 3215 1055 3286 aphelimu
1080 3215 1161 3270 etiam
1184 3202 1336 3268 a'Telluris
1354 3212 1473 3268 motibus
1493 3211 1633 3273 dissidere.

237 3307 239 3309 ·
284 3283 354 3342 Nam
372 3291 436 3358 quia
453 3309 515 3347 cum
531 3294 664 3363 perihslio
682 3294 796 3350 Veneris
823 3294 994 3350 semitonium
1013 3299 1041 3349 et
1058 3308 1162 3349 comma
1178 3292 1257 3361 iacit,
1283 3309 1333 3363 per
1350 3292 1436 3361 dicta,
1458 3291 1486 3347 id
1504 3301 1548 3348 est
1567 3293 1634 3365 ¹⁴12„

284 3366 332 3422 aad
357 3369 481 3436 perihelii
505 3371 607 3427 Terrae
633 3382 661 3427 at
678 3372 792 3428 Veneris
819 3372 923 3428 faciunt
949 3379 1055 3430 sertam
1077 3372 1185 3428 mollem
1213 3373 1246 3437 li.
1263 3387 1313 3427 seu
1334 3372 1390 3441 ¹⁵i²⁴
1413 3387 1464 3442 per
1490 3387 1568 3442 prop.
1586 3372 1632 3428 27:

282 3444 382 3506 Muta
398 3447 481 3516 igitur
498 3450 622 3520 eplrelius
640 3467 702 3506 cum
719 3450 851 3521 parihello
863 3450 981 3520 Telluris
999 3450 1111 3521 (additis
1130 3449 1168 3506 illi
1187 3451 1303 3519 orarii)
1329 3450 1411 3506 iaciet
1432 3449 1485 3520 ul„
1504 3467 1554 3506 seu
1577 3450 1634 3519 'lm

284 3520 472 3581 inconcinnum
491 3529 676 3599 intervallum,
702 3529 803 3586 nedum
820 3529 1019 3599 harmonicum,
1046 3534 1121 3587 utet
1140 3531 1185 3600 Ἶ..
1220 3528 1273 3587 Est
1296 3546 1323 3583 n.
1340 3530 1479 3600 dissonum
1497 3537 1525 3584 et
1541 3530 1632 3586 moou-

285 3600 393 3677 uinnnm
410 3606 538 3676 quicquid
556 3614 599 3663 est
616 3615 687 3663 mter
704 3608 736 3676 li,
755 3613 783 3662 et
801 3607 847 3675 ll„
876 3616 907 3663 nt
931 3608 975 3664 hic
993 3610 1033 3675 ⁶17.
1071 3608 1124 3664 Sed
1149 3625 1200 3670 nec
1223 3606 1295 3663 ullus
1319 3608 1389 3664 alius
1408 3607 1525 3669 Telluris
1543 3616 1633 3676 motus

284 3682 449 3739 concordare
467 3692 559 3755 potest
577 3702 638 3743 cnm
656 3686 766 3757 aphelio
781 3688 888 3743 Martis.
923 3688 993 3741 Nam
1011 3704 1093 3757 snpra
1104 3687 1214 3755 dictum,
1233 3687 1348 3757 quadis
1366 3704 1427 3743 eum
1445 3686 1553 3756 apustio
1572 3686 1634 3742 Tal-

285 3758 352 3827 luris
370 3761 452 3819 iaciat
471 3764 525 3833 ¹⁶1„
544 3766 734 3821 inconcinnum
752 3766 941 3836 [dissimulatis
968 3766 1098 3835 acuum:
1120 3766 1261 3835 jamvero
1280 3783 1297 3821 a
1314 3767 1345 3836 ⁰1,
1365 3763 1407 3819 vel
1427 3763 1482 3833 Ἣ,
1500 3781 1588 3836 usque
1605 3765 1633 3821 in

162 3890 164 3893 ι
274 3837 342 3907 fil„
369 3843 459 3898 omnia
485 3852 549 3900 sunt
566 3846 672 3901 minora
688 3845 798 3900 minimo
816 3843 956 3902 intervallo
974 3844 1136 3901 harmonico.

289 3999 293 4010 ,
371 3949 616 4014 corollarium
639 3954 751 4014 XLIV.
797 3954 883 4013 Patet
905 3955 994 4029 igitur
1016 3970 1051 4012 er
1071 3952 1130 4020 hac
1151 3969 1235 4031 prop.
1250 3954 1301 4011 43.
1324 3950 1455 4013 daJova
1477 3958 1506 4013 et
1527 3952 1632 4030 Marte,

242 4105 245 4114 Ι
284 4044 316 4097 et
337 4054 373 4097 er
397 4040 447 4102 39.
469 4040 505 4101 de
528 4041 654 4101 Saturno
678 4051 707 4101 ct
728 4041 821 4114 Jove,
852 4048 881 4100 et
902 4057 939 4099 ex
963 4042 1012 4102 36.
1035 4039 1071 4101 de
1093 4038 1172 4099 Jove
1195 4049 1225 4099 et
1244 4037 1381 4111 dellure,
1410 4046 1440 4098 ct
1462 4057 1498 4100 er
1521 4042 1572 4099 32.
1597 4039 1633 4101 da

285 4123 429 4199 Sauene,
453 4144 503 4187 cur
524 4147 615 4207 supra
636 4143 700 4206 cap.
719 4129 747 4187 5.
762 4129 946 4206 planetarum
960 4135 1057 4188 motus
1073 4134 1216 4190 extremos
1240 4144 1335 4204 neque
1357 4144 1458 4187 omues
1482 4126 1520 4186 ad
1542 4146 1633 4187 unum
1665 4152 1667 4156 ⁷

286 4221 417 4290 systema
439 4214 571 4277 naturale
590 4220 646 4278 ssu
669 4215 778 4278 scalam
794 4217 936 4292 musicam
951 4216 1166 4293 perfectissime
1181 4212 1417 4286 accommodatos
1430 4231 1504 4293 esse,
1527 4232 1631 4293 neque,

286 4301 345 4376 qni·
360 4300 398 4359 ad
421 4312 551 4380 systema
572 4306 713 4372 tensionis
737 4302 869 4379 ejusdem
891 4302 1105 4363 accommodati
1128 4311 1219 4375 erant,
1254 4318 1354 4361 omnes
1376 4298 1442 4362 illos
1465 4300 1531 4361 loca
1553 4300 1631 4363 illius
1747 4360 1749 4364 ,

179 4406 183 4415 ·
285 4387 410 4456 naturali
434 4392 546 4450 ratione
576 4391 711 4463 divisisse
741 4409 792 4451 seu
821 4393 1036 4452 successionem
1069 4391 1275 4459 concinnatum
1304 4387 1524 4448 intervallorum
1553 4407 1631 4450 nuere
1715 4457 1717 4462 .

286 4460 449 4546 ¹ua'tutalem
472 4475 601 4540 eliacisae
624 4477 835 4558 deprehensum
857 4481 905 4539 sit.
950 4478 1028 4539 Nam
1054 4479 1164 4555 priores
1186 4483 1255 4537 sunt
1283 4487 1405 4549 causae,
1438 4476 1545 4552 quibus
1567 4480 1632 4544 sin-

285 4562 348 4639 guli
370 4562 508 4639 planetae
530 4566 661 4642 singulas
684 4573 754 4626 sunt
774 4568 853 4630 nauti
875 4566 1058 4639 harmonias,
1093 4564 1198 4641 quibus
1220 4572 1249 4624 et
1272 4580 1384 4624 omnes·
1402 4563 1539 4641 planetae
1562 4565 1632 4625 har-

161 4696 166 4705 .
284 4652 399 4716 munias
422 4653 612 4727 universales,
635 4644 742 4730 quibus
763 4653 889 4730 deuiwe
912 4663 943 4713 et
965 4652 1133 4712 harmoniae
1156 4650 1335 4711 universales
1358 4649 1416 4709 duo
1439 4667 1556 4727 genera,
1581 4651 1632 4711 du·

283 4752 350 4797 snm
375 4746 405 4798 et
426 4740 530 4800 molle:
554 4742 660 4817 quibus
683 4743 796 4819 positis,
808 4742 879 4826 ¹jum
893 4740 1049 4818 impeditur
1062 4733 1231 4799 omnimoda
1242 4737 1474 4799 accommodatio
1489 4738 1528 4799 ad
1543 4756 1633 4799 unum

193 4828 195 4831 ⁴
280 4826 419 4899 ,naturale
441 4837 580 4905 systema
626 4827 738 4904 Quodsi
760 4827 829 4888 illae
852 4845 959 4888 causae
975 4844 1033 4886 non
1048 4828 1275 4904 praecessissent
1297 4827 1491 4899 necessario,v
1509 4825 1631 4886 dubium

288 4912 484 4986 nullum-est,
517 4917 587 4991 quin
609 4912 663 4982 vel,
680 4933 771 4975 unum
793 4924 923 4993 systema
946 4931 1065 4991 unaque
1094 4913 1159 4989 ejus
1181 4915 1276 4972 tensio
1299 4910 1480 4991 planetarum
1504 4915 1633 4973 omnium

287 5007 384 5061 motus
406 5010 549 5062 extremos
572 5004 755 5078 complexum
778 5012 871 5078 esset}
905 5000 951 5061 vel
975 5004 999 5060 si
1029 5001 1144 5061 duobus
1175 4999 1383 5077 systematlbus
1407 5016 1481 5076 opus
1503 5001 1558 5060 init
1580 5019 1632 5079 pro
1672 5025 1675 5031 ’

287 5088 402 5148 dunum
426 5097 527 5149 cautus
550 5090 725 5165 generibus,
760 5089 832 5149 duro
855 5097 884 5149 et
906 5088 1004 5162 molli,
1039 5104 1097 5148 non
1120 5090 1149 5145 ln
1172 5086 1265 5148 altera
1287 5094 1399 5147 tautum
1421 5091 1536 5165 generis
1559 5088 1633 5163 duri,

286 5178 339 5237 aad
362 5180 450 5237 etiam
473 5180 502 5234 in
525 5177 639 5254 reliqua
668 5168 782 5254 generis
811 5177 908 5236 mollis
937 5178 1099 5253 ipsissimus
1126 5175 1197 5235 urdo
1227 5174 1324 5235 scalae
1356 5173 1499 5234 naturalis
1531 5176 1635 5242 inisset

288 5282 449 5343 expressus
494 5264 596 5325 Habes
623 5267 711 5342 igitur
739 5265 787 5325 hic
816 5263 894 5324 dicto
918 5282 981 5340 cap.
1007 5266 1035 5324 5.
1059 5266 1216 5343 promissas
1247 5277 1350 5322 causas
1374 5261 1562 5322 dissidiorum
1583 5281 1635 5342 per
1713 5256 1718 5266 ’

288 5353 416 5427 nnuma,
440 5361 470 5413 et
492 5353 626 5414 omnibus
649 5352 767 5430 quidem
789 5353 938 5413 concinnis
961 5353 1082 5413 minora

374 5475 590 5555 Propositio
613 5476 710 5540 XLV.
755 5475 803 5535 Ad
821 5449 1014 5535 ’communem
1044 5473 1185 5552 majorem
1208 5471 1332 5533 Veneris
1356 5480 1386 5531 et
1407 5469 1545 5531 Mercurii
1573 5471 1634 5537 dia-

293 5559 448 5640 dlapason,
477 5581 531 5625 nec
562 5581 620 5624 non
650 5564 687 5624 ad
700 5561 847 5623 'Mercurii
880 5566 968 5625 etiem
996 5565 1158 5641 propriam,
1189 5577 1277 5638 supra
1301 5554 1449 5640 prioribus
1471 5559 1635 5620 rationibus

291 5664 374 5732 prop.
402 5656 443 5715 12.
463 5660 493 5732 et
517 5652 566 5713 16.
589 5650 752 5726 stabilitio,
782 5649 921 5743 accedere
949 5650 1083 5725 oportuit
1113 5644 1300 5724 intervallum
1327 5642 1455 5726 modale
1480 5643 1634 5740 intervallo
