3684 7259
775 1207 1085 1287 sueva-ara
1535 1188 1608 1291 ni

245 1390 311 1445 edre
331 1399 360 1445 et
378 1391 476 1447 sociae
514 1391 732 1445 Consentaneum
748 1389 832 1460 igitur
848 1396 900 1458 est,
919 1390 1001 1445 etiam
1019 1388 1160 1460 physicam
1178 1391 1383 1462 inscriptionem
1400 1397 1425 1452 ci
1445 1406 1599 1470 competere

245 1484 296 1522 neo
314 1469 396 1537 plane
413 1468 602 1522 tetraedrieam
620 1484 671 1522 neo
688 1467 769 1537 plane
787 1467 1023 1537 dodecaedricam,
1042 1469 1091 1523 sed
1109 1470 1216 1536 generis
1235 1472 1401 1544 intermedii;
1430 1485 1461 1531 nt
1479 1478 1542 1546 quia
1560 1487 1600 1532 te·

245 1547 478 1616 uaedronplnnis
496 1548 648 1616 pertingere
666 1547 759 1601 debuit
777 1546 811 1602 ad
825 1545 1059 1614 summumorbis‚
1079 1547 1269 1603 dodecaedrou
1287 1567 1343 1605 non
1361 1555 1504 1624 attingere,
1523 1564 1599 1611 certo

246 1627 348 1695 spatie:
364 1627 422 1695 jam
440 1628 509 1681 haec
527 1625 652 1681 aculeata
669 1625 758 1696 figura
775 1624 908 1681 lateribus
926 1625 1040 1681 inversis
1058 1624 1129 1680 inter
1142 1628 1260 1696 spetiem
1277 1629 1464 1686 ieosiedricnm
1483 1640 1511 1688 et
1528 1635 1601 1688 inter

246 1704 320 1760 orbis
339 1706 461 1775 inscripti
479 1722 612 1760 summum
631 1714 692 1771 stet,
712 1705 834 1774 proxime
852 1705 922 1760 hane
940 1704 1121 1762 summitatem
1140 1706 1283 1774 attingens¹
1302 1708 1325 1761 si
1343 1717 1431 1763 tamen
1451 1711 1530 1765 etiam
1547 1712 1601 1782 ista

247 1782 337 1852 tignra
354 1785 551 1839 insacietatem
570 1784 734 1854 reliquarum
745 1784 863 1852 quinqne
873 1781 1050 1839 adsciscendo
1059 1782 1110 1837 init
1119 1784 1247 1853 legesque
1256 1786 1332 1856 istae,
1351 1788 1486 1844 amntibus
1496 1789 1600 1858 legibue

246 1860 362 1930 illarum,
381 1861 494 1917 tolerari
511 1872 666 1933 potuerunt
685 1863 743 1919 Imo
762 1863 827 1932 quid
845 1862 905 1917 dico
924 1862 1034 1916 tolerari
1052 1864 1219 1932 potnerunt?
1238 1865 1337 1932 quibus
1354 1864 1417 1921 illae
1435 1883 1528 1922 carere
1546 1884 1599 1921 non

245 1947 402 2009 potueruut.
440 1942 511 1997 Nam
530 1944 559 2008 si,
572 1942 740 1997 dodecaedro
760 1941 934 2010 competebat
950 1941 1092 2010 inscriptio
1111 1940 1188 2010 laxa,
1207 1958 1257 2024 nlec
1275 1943 1423 2014 attingens,
1443 1944 1509 2014 quid
1527 1945 1600 1999 aliud

246 2018 414 2075 indefinitam
432 2021 505 2076 illam
523 2022 663 2077 laxitatem
681 2021 754 2075 intra
772 2029 864 2076 emtas
882 2020 1041 2090 quantitatis
1059 2027 1146 2075 metes
1165 2026 1291 2077 coemere
1309 2025 1413 2092 potnit,
1433 2041 1515 2095 quam
1531 2024 1600 2078 baec

246 2098 408 2158 subsidiaria
425 2100 527 2170 figura,
555 2100 724 2162 dodecaedro
743 2108 771 2156 et
788 2100 925 2155 icosiedro
943 2108 1077 2168 cognata,
1103 2100 1279 2171 inscriptione
1303 2120 1353 2157 sne
1378 2104 1502 2172 proxime
1519 2104 1600 2159 attin-

248 2183 337 2246 gente,
356 2194 405 2232 nec
423 2178 485 2247 plue
504 2179 646 2235 deficiente
664 2180 698 2246 (si
716 2187 806 2233 tamen
824 2179 926 2249 deficit)
949 2195 1030 2248 quem
1048 2178 1203 2233 tetraedron
1222 2181 1330 2236 excedit
1348 2191 1375 2236 et
1401 2190 1539 2253 pertenet,
1567 2183 1601 2236 tle

247 2269 301 2323 qna
318 2257 468 2323 quantitate
483 2259 541 2326 jam
558 2259 585 2312 in
604 2260 729 2327 sequenti
746 2273 864 2327 egenum
954 2279 955 2285 ¹

336 2347 431 2409 Valde
461 2351 637 2409 versimilem
666 2350 761 2411 reddit
788 2350 865 2409 banc
893 2368 1012 2409 canaam
1041 2350 1135 2408 sebini
1159 2352 1295 2409 mansisti
1330 2349 1444 2410 duabus
1466 2354 1601 2426 cognatis

248 2432 350 2510 liguris
373 2433 423 2519 (ut
446 2437 558 2498 scilicet
579 2438 818 2498 determinaretur
846 2441 996 2514 proportio
1021 2438 1134 2496 orbium
1158 2436 1261 2497 Martis
1285 2447 1314 2497 et
1337 2438 1475 2512 Veneris,
1509 2452 1601 2514 quarn

247 2520 316 2581 illes
333 2523 512 2584 indefinitam
528 2525 725 2604 reliquerant),
748 2525 826 2602 quod
851 2527 998 2584 invenitur
1021 2524 1235 2585 semidiameter
1257 2526 1336 2585 urbis
1351 2526 1476 2586 Telluris
1492 2522 1601 2605 (1000)

247 2626 339 2687 prope
362 2611 520 2671 admodum
542 2613 638 2673 medio
667 2613 733 2672 loco
764 2612 990 2691 proportionalis
1020 2616 1094 2671 inter
1123 2613 1222 2671 orbem
1245 2612 1348 2671 Martis
1376 2613 1548 2691 peribelinm
1571 2621 1601 2673 et

249 2695 372 2757 Veneris
394 2700 558 2777 aplrelium:
581 2704 666 2778 quasi
689 2704 826 2778 spatium,
850 2699 930 2777 quod
953 2699 1074 2760 s'cbiuus
1090 2699 1219 2759 vindieat
1240 2703 1373 2778 cognatm
1393 2701 1503 2777 liguris,
1527 2704 1600 2760 inter

249 2782 316 2843 illas
333 2796 366 2845 nt
379 2797 448 2863 pote
463 2789 573 2847 similes
589 2788 845 2866 proportionaliter
859 2790 899 2847 eit
914 2786 1052 2849 divisum
1070 2795 1172 2860 (amini
1183 2796 1293 2857 emolere
1310 2795 1367 2844 sies
1380 2797 1426 2850 tib.
1438 2797 1468 2846 v.
1479 2794 1600 2855 r01.2i=2·t

337 2890 730 2970 PropositioXlsVlIl.
773 2892 929 2967 Inscriptio
958 2891 1117 2970 figurarum
1146 2890 1328 2976 regularium>
1345 2891 1504 2952 solidarum
1525 2898 1601 2954 inter

249 2981 336 3039 orbas
357 2970 536 3057 planetarios
567 2997 625 3039 non
647 2981 703 3038 tuit
723 2996 821 3039 mnae
848 2979 1010 3055 libertatis3
1041 2979 1256 3058 impediebatur
1283 2983 1360 3039 enirn
1383 2982 1460 3040 eirea
1479 2985 1600 3042 minima

250 3069 288 3126 ab
310 3067 470 3126 harmoniis
494 3070 568 3126 inter
589 3073 687 3129 metes
710 3076 854 3126 extremes
876 3068 1004 3126 statutis.
1363 3100 1365 3105 ·

236 3222 242 3240 Ι
335 3160 405 3213 Nam
423 3173 473 3226 per
490 3174 533 3211 ax.
554 3160 576 3211 i.
595 3165 624 3211 st
640 3158 665 3213 2.
683 3159 823 3229 proportio
841 3158 947 3215 orbium
965 3160 1101 3228 enjrrsqne
1117 3159 1221 3227 sigorae
1243 3160 1378 3229 non-ipen
1395 3173 1446 3228 per
1461 3173 1493 3213 se
1511 3159 1599 3228 ipsam

250 3236 405 3291 immediate
419 3235 516 3291 debuit
533 3236 655 3306 exprimi,
673 3235 722 3293 sed
734 3236 868 3306 perillam
880 3236 1052 3305 quaerendae
1064 3238 1140 3307 prins
1157 3235 1268 3293 inerant
1283 3239 1457 3307 motibusque
1474 3239 1602 3293 extremis

249 3316 494 3373 accommodandae
512 3316 677 3384 barmoniae,
694 3317 762 3385 ipsis
780 3317 886 3372 orbium
901 3317 1124 3386 proportionibus
1141 3317 1376 3375 familiarissimae
1414 3367 1417 3374 .
1598 3357 1601 3362 ·

323 3396 451 3464 ,Deinde
469 3404 501 3449 nt
516 3411 566 3464 per
584 3412 628 3450 ax.
649 3396 688 3451 rs
706 3395 749 3451 20.
767 3394 924 3449 barmoniae
942 3394 1238 3462 universalesdueram
1255 3411 1463 3465 germamenus
1480 3404 1601 3467 possent,

249 3471 375 3540 fermenti
392 3474 514 3530 nonnihil
533 3474 596 3548 addi
614 3475 734 3544 oportuit
751 3472 904 3548 bumoniis
916 3473 1084 3548 pinguiorem
1100 3474 1223 3544 bigaumr
1248 3467 1397 3542 nemoribus
1415 3490 1464 3543 per
1482 3475 1602 3532 rationes
1705 3499 1707 3503 >

250 3550 423 3621 posteriores.
443 3554 479 3608 Ut
495 3555 578 3625 igitur
595 3555 648 3609 ista
666 3563 738 3609 stare
754 3560 869 3623 possent
886 3553 996 3627 suisque
1014 3555 1132 3625 propriis
1151 3556 1200 3612 niti
1217 3554 1377 3626 rationibus,
1395 3547 1604 3622 requirebantur

251 3630 394 3684 intervalla
413 3632 571 3687 dissidentia
588 3633 710 3687 nonnihil
736 3630 837 3700 abiis,
866 3633 936 3701 quae
962 3641 1026 3690 sunt
1049 3649 1083 3687 ex
1109 3631 1285 3702 inscriptione
1309 3632 1431 3704 perlecta
1455 3625 1601 3700 figurarnin

251 3710 322 3763 inter
340 3711 437 3780 orbes,
463 3712 567 3780 legibus
587 3718 708 3766 motuum
734 3727 792 3780 cap.
812 3714 836 3768 3.
854 3701 1018 3782 explicatis.v
1045 3711 1078 3766 ld
1103 3703 1134 3767 ‘ut
1152 3693 1354 3780 comprobetb'i'
1370 3716 1399 3763 et
1416 3713 1602 3780 ut'appareut‘,

251 3796 382 3856 quantum
401 3790 546 3861 derogetur
573 3791 686 3859 singulis
704 3790 797 3858 figuris
824 3806 874 3859 per
892 3790 1046 3845 harmonias
1071 3790 1188 3859 propriis
1206 3790 1358 3845 rationibus
1377 3789 1524 3845 stabilitas:
1553 3806 1603 3857 age
1655 3805 1658 3811 ·
1720 3784 1723 3788 ’

252 3867 358 3920 exiliis
377 3879 548 3925 exstruamus
566 3869 709 3925 intervalla
725 3870 896 3939 planetarum
915 3870 1094 3945 aSoletnova
1112 3870 1199 3925 forma
1218 3869 1313 3925 calculi
1332 3875 1481 3922 necantes
1499 3873 1604 3921 tentata

252 3961 431 4015 aquoqunm,
959 4013 961 4017 ἱ

340 4031 431 4090 Erunt
454 4043 552 4093 antem
575 4036 772 4112 inquisitionis
803 4035 893 4111 bnjns
915 4036 971 4093 tria
999 4037 1113 4113 capita:
1141 4036 1268 4110 primam
1297 4049 1333 4094 ex
1363 4031 1506 4107 cujusque
1533 4026 1602 4104 pla·

252 4126 339 4179 netae
362 4123 490 4180 motibus
522 4124 596 4181 binis
630 4127 765 4183 extremis
784 4124 976 4199 ¹inquirentur
1002 4124 1119 4198 ejurat
1150 4121 1226 4181 Solis
1250 4118 1405 4179 intervalla
1428 4115 1529 4175 itidem
1550 4133 1603 4174 ex·

253 4215 355 4279 trema,
380 4225 414 4265 ex
438 4212 472 4267 iis
495 4209 592 4269 radius
617 4211 694 4268 erbis
717 4212 745 4268 in
769 4208 820 4268 illa
840 4219 1034 4269 extremorum
1056 4208 1276 4267 intervallorum
1299 4206 1479 4265 dimensione
1502 4204 1602 4278 cnjus·

254 4310 310 4370 qne
334 4294 468 4369 planetae
491 4300 618 4373 propria.
663 4297 814 4371 Secundo,
844 4316 879 4355 ex
902 4297 1005 4356 iisdem
1027 4296 1156 4355 metibus
1188 4296 1340 4365 extremis,
1370 4296 1399 4351 in
1421 4292 1602 4350 dimensione

255 4385 390 4441 omnibus
418 4384 535 4457 eadem,
575 4388 760 4462 inquirentes
783 4393 880 4445 metus
913 4384 1001 4444 medii
1036 4400 1195 4459 eorumque
1225 4384 1385 4461 proportio.
1435 4378 1535 4437 Tertio
1567 4394 1602 4435 er

254 4472 441 4547 proportione
463 4482 594 4532 motuum
617 4473 781 4532 mediorum
800 4473 863 4547 jam
885 4473 1034 4549 patefacte
1055 4473 1204 4547 proportio
1226 4471 1341 4529 orbium
1364 4486 1416 4528 seu
1441 4465 1602 4538 mediorum

255 4557 476 4618 intervallorum
498 4562 723 4636 investigabitur
751 4567 781 4619 et
809 4577 870 4618 una
892 4563 981 4621 etiam
1003 4568 1230 4636 extremorum„
1248 4557 1358 4633 illaque
1387 4553 1604 4631 cornperabitnr

256 4661 321 4703 enm
345 4649 581 4721 proportionibus
606 4648 784 4724 figuralibus.
1216 4695 1219 4702 .

346 4732 433 4807 Quod
455 4737 578 4811 primum
600 4738 717 4794 attinet:
749 4733 937 4809 repetendum
961 4740 1005 4793 est
1033 4751 1070 4793 ex
1092 4751 1156 4810 cap.
1174 4735 1203 4793 3.
1226 4748 1346 4791 numero
1370 4730 1406 4804 6,
1435 4726 1513 4804 qood
1536 4744 1606 4805 pro·

256 4822 352 4897 portio
375 4830 505 4881 motuum
530 4833 723 4884 extremorum
754 4824 794 4880 sit
815 4820 905 4898 dupla
937 4821 1133 4898 proportionis
1157 4836 1277 4881 eversas
1298 4815 1535 4897 respondentium
1557 4817 1604 4870 iu·

257 4908 445 4966 teruallorum
469 4928 487 4968 a
509 4909 588 4972 Sole.
634 4910 708 4969 Cum
730 4911 818 4986 igitur
841 4911 930 4968 etiam
953 4908 1162 4984 quadratorum
1189 4905 1338 4986 propertio
1361 4907 1400 4965 sit
1422 4902 1513 4980 dupla
1535 4847 1604 4978 pio·

255 4998 396 5073 portionis
420 5014 538 5064 suorum
560 4997 697 5071 laterum,
722 5014 791 5075 erge
813 5001 935 5072 numeri,
959 4997 1067 5072 quibus
1082 5000 1203 5057 extremi
1226 5000 1323 5055 metus
1345 4991 1528 5068 singulorum
1550 5006 1603 5048 ex·
1625 4995 1629 5009 '

255 5085 432 5161 primuntur,
463 5085 723 5145 considerabuntur
753 5092 786 5143 ut
812 5084 947 5162 quadrati
977 5092 1006 5143 et
1036 5084 1187 5159 quaesitae
1209 5082 1326 5141 illerum
1355 5078 1468 5140 radices
1492 5076 1603 5136 dabunt

256 5179 386 5230 extrema
407 5173 576 5245 intervalla,
611 5189 734 5249 quorum
761 5172 846 5231 iaoiie
869 5181 913 5231 est
943 5170 1071 5230 medium
1093 5170 1305 5232 arithmeticum
1328 5170 1459 5244 accipere
1478 5182 1533 5243 pro
1556 5181 1604 5223 se⁴

255 5258 439 5318 midiametro
483 5261 561 5318 erbis
597 5269 626 5319 et
661 5260 886 5320 eccenbicitate.
943 5258 1037 5334 Igitur
1072 5251 1242 5318 barmoniae
1277 5253 1420 5317 hactenus
1455 5252 1604 5316 stabilitae

255 5349 522 5425 praescripserunt:
1371 5362 1375 5370 ·

1255 5443 1551 5554 κζ’
