3684 7259
528 2490 721 2628 totius
752 2492 951 2587 KEPLlllll
982 2485 1310 2587 Millidiililcl

254 2668 392 2747 PRO
429 2669 567 2748 suo
601 2672 836 2751 opacam
874 2673 1338 2756 HARMONIGES
1371 2676 1599 2755 mmmm

768 2851 1076 3024 tltltttt
1197 2869 1237 2942 ’-

601 3108 751 3172 Adversus
774 3113 1053 3174 demonstrationem
1078 3116 1257 3194 analyticam

484 3263 557 3333 (31.
585 3265 642 3334 V.
671 3266 735 3334 1).
758 3266 967 3337 Rubor-tl
997 3267 1059 3338 tle
1085 3268 1364 3365 Fluctibus,

784 3377 885 3435 Medici
903 3381 1073 3436 Oxoniensis.
1143 3382 1145 3385 ⁴

381 3519 415 3576 ln
444 3538 503 3595 qna
534 3521 583 3580 illc
610 3540 643 3580 se
666 3524 738 3583 dicit
770 3524 944 3602 respondere
976 3526 1014 3585 ad
1040 3526 1241 3604 Appendicem
1271 3528 1339 3587 dicti
1363 3527 1468 3606 operis.
1551 3602 1555 3616 ,

473 3694 629 3745 Franeotnrti
647 3697 777 3747 sontibus
794 3698 925 3747 (lodslridi
943 3699 1096 3761 'l'ampaclrii
1135 3704 1208 3756 Auno
1228 3699 1382 3752 MDOXXII.

249 4207 303 4265 Ari
325 4208 557 4265 Οὴτὶοιίιηιιω
581 4209 981 4284 excellentissimumque
1003 4212 1138 4278 Virum,
1161 4211 1201 4270 1).
1224 4210 1413 4293 Robertum
1436 4208 1479 4265 de
1499 4206 1602 4267 Fluc-

341 4295 434 4353 tibus
442 4303 462 4368 ,q
478 4296 669 4354 Medicinae
691 4300 726 4355 et
746 4297 993 4368 Philosophiae
1015 4298 1199 4371 Doctores
1226 4295 1506 4364 celeberrimum,

414 4384 557 4440 Joannis
579 4385 726 4456 Kepleri,
749 4383 999 4453 Mathematici,
1026 4383 1181 4454 Epistola
1203 4381 1426 4454 apologetica.

335 4536 408 4597 Sero
431 4543 498 4610 tua,
524 4538 576 4595 Vir
600 4537 863 4610 Excellentissime,
897 4525 1058 4597 declaratio
1080 4537 1228 4617 analytice
1249 4556 1331 4597 meas
1355 4536 1393 4597 ad
1416 4530 1520 4612 mamis
1543 4536 1597 4596 ds·

249 4625 329 4683 venit
352 4624 530 4701 offenditque
553 4626 678 4701 negotiis
701 4624 951 4686 inextricabilibus
974 4609 1211 4703 implicitum,‘ut
1230 4628 1253 4685 si
1278 4627 1365 4702 plana
1376 4627 1596 4701 praeteriissen

248 4715 403 4782 intactam,
434 4731 535 4784 nemo,
564 4717 614 4789 qui
636 4731 766 4773 mearum
790 4730 884 4773 rerum
908 4716 1043 4773 conscius
1065 4723 1125 4787 cst,
1157 4715 1371 4774 contumaciam
1390 4712 1503 4792 ¹silentii
1526 4711 1597 4781 milti

248 4801 277 4856 in
308 4800 463 4876 superbiae
495 4809 594 4859 notam
626 4804 769 4878 imputare
798 4803 905 4878 possit,
947 4800 1027 4861 Vicit
1056 4809 1153 4861 tamen
1176 4810 1281 4871 natura
1309 4817 1431 4875 mosque
1454 4797 1596 4859 hacteuus

246 4887 399 4960 obtentus,
426 4889 511 4959 vicit,
544 4890 680 4963 inquam,
712 4888 842 4948 taedium
864 4887 1010 4949 scribendi
1032 4888 1223 4965 legendique,
1253 4905 1307 4949 nec
1330 4888 1516 4946 inhonestum
1539 4885 1596 4946 hoo

244 4982 391 5034 certamen
415 4976 599 5046 existimavi,
632 4993 686 5035 nec
708 4976 848 5037 lectorem
869 4974 991 5038 avidum
1022 4975 1217 5056 frustrandum
1240 4977 1358 5050 censui,
1390 4973 1516 5050 dariique
1540 4973 1596 5031 hoc

243 5060 353 5134 lucelli,
377 5061 455 5137 qnod
479 5063 656 5143 typographi
680 5071 797 5139 captare
820 5063 958 5124 videntur
979 5062 1126 5123 irritandis
1155 5065 1185 5121 iu
1207 5079 1240 5122 se
1262 5072 1365 5122 mutuo
1388 5060 1596 5120 incendendis·

245 5166 303 5224 que
326 5150 508 5223 auctoribus,
542 5160 683 5225 quantum
712 5152 811 5216 mmo
834 5159 893 5222 cst,
924 5153 1040 5209 nonnisi
1066 5168 1119 5227 par
1141 5148 1304 5231 honestatis
1334 5154 1477 5226 speciem,
1510 5145 1596 5208 bonis

246 5236 381 5294 omnibus
404 5238 611 5315 approbatam,
641 5236 698 5297 illis
721 5225 935 5315 ¹etpediendum
957 5239 1056 5297 sumai.
1101 5237 1163 5298 Nec
1185 5234 1506 5313 pluribuspraeiatus,
1542 5233 1596 5294 dc·

246 5324 435 5384 cierationem
460 5327 569 5399 ipsam,
599 5325 743 5400 prolixam
774 5337 862 5383 amca
885 5325 974 5398 satis,
1007 5331 1040 5383 ut
1066 5324 1096 5380 in
1118 5341 1178 5401 qna
1193 5324 1271 5388 ,milri
1301 5324 1354 5401 pro
1377 5325 1595 5399 comparatione

243 5427 312 5469 mea
334 5411 501 5488 centuplum
525 5411 668 5483 retundis,
693 5418 961 5488 qnantnm'potcro
981 5412 1103 5476 conciso
1126 5405 1267 5470 credonis
1291 5426 1398 5486 genere
1419 5415 1595 5491 percurram,

244 5514 380 5573 quaeque
404 5501 433 5556 in
456 5517 493 5558 ea
514 5499 586 5556 milri
609 5499 788 5570 videbuntur
811 5498 943 5570 officere,
967 5497 1086 5557 diluam.

331 5582 365 5642 In
398 5586 484 5645 titulo
517 5586 708 5664 praelationis
742 5588 844 5659 miror,
882 5602 959 5661 quae
991 5586 1023 5645 te
1055 5587 1213 5645 necessitas
1229 5585 1285 5658 ad
1319 5582 1591 5664 ,respondendum“

242 5671 388 5750 adegerit,
419 5677 466 5734 cui
488 5676 566 5754 prior
588 5691 645 5753 ego
666 5674 740 5735 nihil
769 5672 992 5753 spoponderim,
1020 5673 1093 5734 nihil
1115 5674 1296 5752 rogaverim,
1315 5671 1398 5750 ,nihil
1425 5670 1592 5749 obiecerim.
