3684 7259
691 1212 707 1272 ·.
764 1202 848 1259 noer
864 1204 896 1260 v.
915 1204 1005 1274 capus
1021 1203 1070 1258 ιιι.
1181 1196 1185 1205 ··
1219 1187 1223 1195 ‘
1535 1208 1597 1265 arr

245 1381 350 1439 intimo
372 1380 492 1439 Saturni
521 1379 629 1439 circulo
660 1380 831 1459 applicatis,
862 1388 963 1442 centra
985 1381 1138 1458 planorum
1161 1380 1221 1441 lere
1249 1386 1373 1457 tangere
1394 1378 1523 1440 medinm
1546 1382 1605 1441 cir-

251 1468 351 1528 culum
368 1468 465 1538 Jovis,
488 1478 518 1526 et
540 1467 675 1527 tetrabdri
688 1471 804 1545 angulis
827 1472 930 1529 intimo
946 1468 1033 1529 Jovis
1056 1469 1164 1529 circulo
1187 1463 1408 1550 insistentibus,
1423 1475 1523 1548 centra
1537 1468 1604 1545 pla·

247 1573 352 1614 uorum
375 1554 511 1614 tetraddri
542 1564 660 1632 tangere
689 1556 748 1616 lere
772 1558 875 1616 Martis
904 1557 1043 1616 circulum
1067 1560 1222 1630 extinrum3
1252 1552 1446 1646 sip2octaiidri
1476 1555 1615 1632 angulis„
1726 1605 1728 1612 ,

249 1662 285 1702 ex
308 1643 431 1702 Veneris
455 1660 630 1720 quocunque
661 1644 767 1703 circulo
792 1647 979 1721 surgentibus
1002 1643 1082 1725 (suut
1110 1647 1217 1704 etenim
1205 1647 1341 1791 aare:
1365 1651 1423 1702 tres
1452 1645 1481 1700 in
1505 1660 1601 1720 augu-

244 1733 405 1790 stissimum
437 1731 623 1790 intervallum
653 1729 783 1808 redacti),
816 1742 914 1793 centra
945 1733 1099 1810 planorum
1137 1739 1203 1790 octa
1243 1723 1246 1728 ’
1289 1719 1306 1734 ”’
1338 1749 1367 1788 m
1394 1738 1546 1807 penetrare
1573 1737 1603 1790 et

248 1817 421 1896 profundius
445 1816 621 1878 descendere
645 1819 719 1877 inira
742 1819 877 1879 Mercurii
909 1821 1050 1879 circulum
1080 1820 1235 1892 extimum,
1263 1823 1359 1893 neqbe
1382 1827 1479 1877 tamen
1503 1820 1602 1879 venire

245 1924 341 1982 nsque
374 1905 574 1963 admedium
602 1905 739 1965 Mercurii
770 1907 927 1981 circulum3
962 1908 1088 1985 denique
1120 1903 1395 1967 dodeceiidricorum
1427 1897 1544 1983 quidem
1573 1913 1627 1972 ot¹

246 1993 492 2052 icosaiidricorum
522 1995 635 2051 orbium
658 1996 904 2069 proportionibus,
936 1997 1057 2057 interae
1081 1993 1265 2069 aequalibus,
1291 1995 1421 2052 omnium
1452 1995 1602 2072 proximas

245 2099 310 2141 esse
333 2084 534 2156 proportiones
566 2099 618 2139 seu
641 2080 795 2141 intervalla
823 2085 898 2142 inter
920 2082 1025 2141 Martis
1057 2092 1086 2141 et
1107 2082 1235 2141 Telluris
1264 2082 1398 2158 interque
1422 2079 1548 2140 Telluris
1572 2088 1602 2139 et

247 2169 372 2238 Veneris
395 2168 526 2237 circulos,
551 2186 660 2243 easque
685 2171 764 2244 ipsas
786 2172 862 2229 iuter
884 2187 915 2229 se
938 2171 1072 2229 similiter
1095 2170 1244 2245 aequales,
1269 2170 1294 2225 si
1317 2169 1355 2227 ab
1378 2170 1481 2227 intimo
1497 2167 1602 2228 Martis

196 2314 199 2323 ,
247 2256 285 2316 ad
307 2255 436 2314 medium
460 2256 596 2327 Telluris,
621 2274 639 2313 a
662 2256 758 2314 medio
781 2274 851 2316 vero
875 2257 1003 2338 Telluris
1027 2258 1063 2317 ad
1086 2256 1215 2315 medium
1235 2255 1358 2315 Veneris
1382 2264 1601 2333 computemus;

248 2343 376 2403 Telluris
408 2345 484 2403 enim
512 2343 640 2402 medium
670 2342 854 2403 intervallum
884 2352 929 2404 est
958 2344 1085 2405 medinm
1108 2342 1324 2421 proportionale
1353 2344 1428 2403 inter
1450 2345 1601 2402 minimum

250 2431 355 2490 Martis
378 2438 407 2488 et
430 2429 557 2489 medium
580 2430 719 2504 Veneris3
752 2439 881 2491 attamen
911 2431 965 2491 has
988 2433 1061 2491 duas
1091 2434 1293 2508 proportiones
1322 2432 1397 2489 inter
1418 2431 1602 2508 planetarum

254 2518 379 2578 circulos
403 2518 499 2576 adbuc
522 2535 586 2576 esse
610 2519 754 2592 majores,
784 2536 873 2595 quam
895 2529 963 2578 sunt
993 2521 1128 2580 binorum
1158 2518 1274 2577 illorum
1304 2518 1455 2594 infigaris
1478 2519 1600 2592 orbium,

254 2609 297 2666 sic
325 2615 358 2663 ut
385 2604 539 2682 planorum
563 2605 736 2664 dodecabdri
768 2614 867 2665 centra
898 2624 956 2666 uon
987 2614 1109 2682 tangant
1138 2604 1279 2665 circulum
1302 2608 1441 2665 extimum
1465 2605 1601 2680 Telluris,

249 2712 345 2769 neque
374 2693 617 2752 icosabdricorum
649 2693 801 2769 planorum
830 2703 930 2754 centra
959 2694 1097 2754 circulum
1128 2695 1268 2753 extimum
1297 2693 1435 2767 Veneris;
1467 2691 1520 2752 sed
1546 2708 1601 2753 uec
1641 2676 1644 2694 ¹
1693 2711 1696 2725 ³

249 2782 359 2857 expleri
384 2781 461 2839 bunc
483 2780 594 2839 hiatum
619 2798 670 2856 per
692 2781 941 2840 semidiametrum
966 2783 1044 2841 orbis
1067 2782 1183 2853 Latiae,
1207 2798 1296 2857 supra
1319 2778 1449 2839 additam
1472 2780 1599 2839 Telluris

198 2899 201 2904 ·
250 2868 405 2927 intervallo
429 2871 570 2940 marimo,
595 2869 669 2925 inira
692 2885 762 2928 vero
785 2868 932 2928 ademtam
955 2868 1086 2944 ejusdcm
1110 2871 1240 2928 minimo.
1276 2864 1335 2927 Sed
1350 2868 1438 2926 aliam
1453 2868 1602 2943 quandam

248 2955 437 3031 deprehendo
470 2959 686 3031 proportionem
716 2955 881 3031 figuralem,
918 2951 1075 3033 si'nempe
1105 2964 1223 3015 auctum
1257 2954 1459 3015 dodeca'e'drou
1483 2959 1600 3029 lietb,

250 3047 296 3103 cui
320 3059 425 3102 nomen
450 3044 552 3102 echino
576 3044 630 3101 leci
654 3039 881 3123 (conformatum
904 3042 1018 3103 scilicet
1041 3062 1076 3103 ex
1100 3043 1255 3103 duodecim
1275 3042 1369 3102 stellis
1392 3044 1601 3119 quinquangu-
1666 3073 1669 3077 ·

251 3132 363 3190 laribus
386 3149 480 3208 eoque
496 3132 660 3206 proximum
676 3133 806 3209 quinque
823 3132 1214 3207 corporibns'regularibus),
1238 3132 1302 3202 hoc,
1328 3132 1455 3206 inquam,
1478 3132 1503 3188 si
1525 3129 1601 3188 duo-

253 3220 349 3278 decim
371 3235 524 3277 mucrones
549 3235 619 3275 suos
642 3218 766 3277 collocet
789 3221 816 3275 in
842 3219 949 3278 circulo
972 3218 1076 3278 Martis
1099 3221 1218 3297 intimo,
1249 3226 1318 3277 tunc
1340 3217 1434 3277 latera
1455 3224 1601 3295 pentago-

252 3324 372 3377 norum,
398 3308 447 3381 qui
471 3305 578 3381 singuli
602 3305 782 3381 singulorum
805 3307 952 3366 radiorum
975 3324 1028 3365 seu
1050 3323 1220 3365 mucronum
1243 3312 1310 3365 suut
1332 3305 1433 3378 bases,
1457 3306 1600 3381 attingere

252 3393 380 3453 medium
404 3393 542 3452 circulum
566 3393 697 3451 Veneris.
743 3394 890 3454 Breviter:
922 3395 1015 3454 cubus
1046 3404 1076 3455 ct
1099 3393 1254 3453 octaedron
1278 3393 1418 3468 conjuges
1447 3398 1602 3467 penetrant

251 3499 320 3540 suos
344 3482 521 3558 planetarios
544 3481 628 3540 orbes
651 3481 792 3552 nonnihil,
817 3479 1019 3541 dodecae'dron
1043 3489 1072 3543 et
1093 3480 1264 3541 icosa‘e'dron
1280 3480 1420 3556 conjuges
1439 3495 1498 3538 non
1514 3479 1601 3557 plane

251 3576 447 3644 assequuntur
469 3586 547 3638 suos,
571 3567 735 3626 tetraidron
758 3572 887 3645 praecise
910 3572 1005 3646 tangit
1027 3576 1194 3645 utrumque3
1210 3568 1281 3654 =illic
1303 3570 1412 3643 miuus,
1435 3570 1501 3629 istic
1522 3567 1600 3643 plus,

253 3657 302 3716 hic
325 3656 449 3731 aequale
472 3657 567 3715 estin
591 3655 774 3730 planetarum
798 3657 968 3717 intervallis.

340 3744 383 3801 Ex
405 3760 465 3818 qua
486 3761 517 3803 re
540 3750 634 3819 patet,
663 3745 864 3819 proportiones
892 3744 1054 3820 ipsissimas
1084 3742 1303 3803 intervallorum
1332 3740 1602 3818 planetarioruma

253 3831 323 3891 Sole
353 3849 388 3889 ex
416 3830 487 3889 solis
518 3830 617 3905 liguris
648 3830 831 3905 regularibus
854 3832 1002 3891 desumtas
1034 3848 1091 3889 non
1121 3847 1200 3905 esse3
1232 3847 1290 3889 uon
1314 3831 1431 3889 aberrat
1453 3831 1531 3890 enim
1561 3830 1599 3890 ab

253 3917 411 3995 archetypo
436 3934 489 3976 sno
505 3917 633 3987 Creator,
658 3921 834 3993 geometriae
856 3920 921 3977 lons
936 3921 1108 3995 ipsissimus,
1133 3925 1170 3990 et,
1195 3925 1228 3976 ut
1242 3917 1329 3977 Plato
1351 3918 1477 3993 scripsit,
1500 3924 1599 3977 ceter-
1697 3919 1699 3924 ⁴

253 4025 329 4063 nam
346 4022 485 4064 exercens
506 4008 711 4079 geometriam.
756 4006 793 4064 Et
815 4008 911 4084 potuit
934 4024 1005 4074 sane
1028 4006 1084 4065 hoc
1099 4004 1314 4082 ipsamcolligi
1338 4003 1384 4063 vel
1400 4021 1436 4063 ex
1452 4021 1497 4079 eo,
1520 4004 1600 4080 quod
1648 4066 1653 4080 ,

252 4095 390 4171 planetae
414 4110 514 4150 omnes
538 4092 692 4152 intervalla
712 4110 765 4168 per
787 4101 880 4153 certas
903 4101 1064 4171 temporum
1086 4092 1222 4169 periodos
1241 4098 1363 4164 mutant,
1384 4093 1429 4152 sic
1450 4099 1484 4150 ut
1506 4109 1600 4149 nnus·

253 4183 378 4257 quisque
402 4179 459 4238 duo
483 4180 590 4239 habeat
613 4182 740 4256 insignia
761 4181 916 4240 intervalla
937 4185 956 4239 a
978 4180 1056 4251 Sole,
1081 4182 1237 4238 maximum
1261 4188 1290 4238 et
1312 4180 1470 4250 minimum,
1497 4177 1600 4238 datur·

254 4286 311 4344 que
339 4270 413 4325 inter
441 4268 525 4326 binos
553 4266 686 4343 planetas
716 4272 895 4344 comparatio
929 4268 1147 4327 intervallorum
1177 4287 1195 4326 a
1225 4266 1294 4325 Sole
1322 4265 1520 4343 quadruplex,
1550 4266 1599 4326 vol

250 4357 445 4414 maximorum
476 4354 523 4412 vel
554 4356 738 4413 minimorum
773 4356 820 4415 vel
850 4359 1058 4415 contrariorum
1095 4357 1353 4414 remotissimorum
1383 4358 1458 4412 inter
1486 4371 1518 4414 se
1549 4353 1598 4414 rel

252 4445 466 4521 prosimorum3
489 4445 530 4499 ita
553 4442 625 4499 fiunt
646 4443 780 4501 binorum
804 4451 833 4501 ct
855 4444 989 4502 binorum
1011 4445 1172 4502 vicinorum
1198 4442 1381 4519 planetarum
1404 4442 1600 4518 comparatio-

252 4549 303 4591 nes
325 4547 446 4588 numero
469 4531 587 4605 viginti,
611 4546 676 4588 cum
700 4547 715 4588 e
739 4533 882 4588 contrario
905 4530 1015 4606 figurae
1038 4529 1150 4590 solidae
1177 4530 1271 4589 solurn
1295 4530 1423 4605 quinque
1445 4531 1512 4587 sint.
1557 4528 1599 4588 At

253 4634 322 4677 vero
346 4625 573 4677 consentaneum
596 4625 656 4688 est,
689 4616 868 4689 Creatorem,
898 4620 923 4675 ai
952 4635 1050 4677 curam
1081 4617 1184 4677 habuit
1211 4617 1407 4694 proportionis
1431 4616 1545 4675 orbium
1568 4616 1599 4674 in

253 4723 369 4781 genere,
393 4722 490 4764 curam
514 4707 602 4762 etiam
623 4702 763 4763 babuisse
787 4707 990 4781 proportionis,
1014 4714 1149 4790 quaeest
1172 4708 1245 4764 inter
1260 4702 1441 4780 singulorum
1455 4706 1484 4760 in
1500 4704 1598 4779 speeie

254 4792 409 4852 intervalla
432 4793 585 4869 variantia,
609 4808 732 4867 eamque
755 4808 854 4851 curam
876 4795 1012 4868 utrinque
1035 4791 1157 4852 eandem
1171 4809 1235 4852 esse
1259 4791 1437 4866 alteramque
1454 4808 1490 4851 ex
1505 4791 1599 4850 altera

255 4883 345 4952 necti,
370 4897 428 4955 qno
452 4896 594 4955 perpenso
618 4880 814 4939 obtinebimus
836 4898 907 4940 sene
931 4890 961 4940 et
982 4881 1053 4953 boc,
1081 4879 1160 4956 quod
1182 4879 1220 4939 ad
1244 4877 1461 4939 constituendas
1484 4880 1599 4937 orbium

253 4977 282 5027 et
312 4967 470 5025 diametros
499 4974 528 5025 et
558 4968 786 5026 eccentricitates
810 4969 935 5043 junctim
964 4969 1095 5046 pluribus
1126 4970 1167 5027 sit
1188 4985 1261 5044 opus
1290 4966 1454 5044 principiis,
1484 4972 1599 5043 praeter

253 5058 382 5132 quinque
405 5053 550 5129 regularia
571 5072 701 5129 corpora.

341 5141 464 5216 Quinto,
495 5150 526 5198 ut
548 5141 586 5200 ad
613 5149 708 5199 motus
731 5143 897 5214 veniamus,
927 5144 1002 5202 inter
1025 5159 1098 5218 quos
1127 5143 1300 5201 constitutae
1330 5147 1398 5200 sunt
1420 5140 1597 5213 barmoniae,

253 5247 368 5290 rursum
391 5229 505 5287 inculco
534 5230 652 5301 lectori,
676 5228 904 5288 demonstratum
936 5247 999 5289 esse
1027 5249 1045 5287 a
1066 5246 1112 5289 me
1139 5232 1168 5287 in
1192 5228 1413 5287 Commentariis
1442 5227 1478 5287 de
1502 5226 1597 5286 Marte

254 5336 288 5377 er
325 5318 493 5376 certissimis
523 5316 628 5375 Brahei
662 5316 932 5385 observationibus,
966 5315 1044 5392 qnod
1074 5332 1157 5375 arcus
1191 5314 1285 5374 diurni
1319 5315 1458 5392 aequales
1486 5317 1514 5372 in
1546 5330 1597 5374 oc·

253 5408 380 5466 centrico
404 5420 462 5462 uno
485 5411 514 5463 et
538 5403 639 5462 codem
662 5419 719 5461 non
744 5403 861 5478 aequali
882 5409 1072 5478 permeentur=
1088 5402 1249 5476 celeritate,
1281 5401 1332 5462 sed
1364 5402 1443 5479 quod
1468 5402 1525 5461 hae
1549 5396 1596 5459 di-

212 5501 214 5510 ’
253 5510 356 5553 versae
377 5509 482 5551 morae
496 5493 530 5549 in
543 5491 681 5565 perlibens
696 5489 874 5565 aequalem
892 5493 1045 5549 eccentriei
1064 5490 1217 5550 observent
1229 5492 1455 5568 proportionem
1468 5506 1597 5550 mmm

254 5580 486 5639 intervallorum
509 5599 529 5636 a
553 5577 636 5651 Sole,
659 5578 739 5637 iontc
760 5586 872 5650 motus;
903 5585 933 5636 et
954 5578 1098 5651 vicissim,
1127 5577 1206 5653 quod
1229 5580 1388 5656 suppositis
1415 5577 1595 5654 temporibus

255 5667 439 5745 aequalibus,
461 5674 533 5747 puta
556 5683 613 5725 uno
636 5665 684 5726 die
705 5664 832 5726 naturali
855 5668 1005 5748 utrinqne,
1035 5665 1243 5752 respondentes
1269 5669 1305 5725 iis
1326 5665 1432 5737 diremi
1453 5667 1519 5735 veri
1540 5682 1595 5724 ars
