3684 7259
1321 1256 1325 1259 .
1395 1191 1766 1370 ‘'w''
1804 1202 1988 1272 caput
2019 1194 2086 1255 V.
2358 1187 2365 1195 '
2632 1247 2639 1252 .
3014 1193 3141 1252 88!

424 1395 561 1449 quos
598 1373 821 1435 metitur
856 1377 1092 1434 circulus
1129 1378 1241 1447 suis
1277 1393 1400 1432 cum
1436 1375 1695 1445 arcubus,
1730 1393 1843 1433 non
1881 1374 2063 1435 aliter,
2099 1373 2203 1430 nisi
2233 1385 2346 1427 ma·
2650 1371 2747 1419 ¹⁵¹ss·
2774 1367 2846 1412 Ἦ·

425 1465 551 1513 neat
583 1459 655 1529 id,
695 1458 842 1528 quod
880 1473 1023 1521 esse,
1039 1457 1247 1523 dicitur,
1292 1462 1563 1524 quatenus
1600 1471 1674 1509 sc.
1709 1464 1765 1510 et
1789 1453 2017 1522 figuram
2042 1454 2206 1507 habet
2247 1451 2349 1505 cir-

427 1538 664 1593 cularem
702 1547 758 1591 et
783 1555 899 1593 eam
925 1539 1188 1607 integram
1212 1539 1428 1593 retinet.
1503 1540 1563 1605 2)
1601 1535 1996 1590 consonantiae
2028 1547 2137 1588 non
2163 1546 2348 1585 omues

426 1617 640 1685 aequali
678 1618 1085 1686 propinquitate
1121 1618 1561 1686 propagabantur
1607 1630 1640 1669 a
1675 1612 1879 1669 circulo
1923 1612 2148 1681 ejusque
2183 1608 2350 1678 parti-

427 1695 559 1764 bus;
608 1713 730 1749 nam
783 1696 997 1766 aliquae
1043 1703 1217 1749 ortum
1264 1712 1419 1749 suum
1454 1695 1766 1750 referebant
1810 1694 1881 1750 ad
1923 1700 2108 1762 partes
2142 1688 2348 1755 circuli,
2387 1733 2390 1736 .

429 1787 694 1844 quatenus
732 1776 866 1843 ipsis
902 1791 1011 1829 non
1047 1781 1108 1828 ut
1144 1774 1332 1828 circuli
1364 1774 1623 1842 partibuS,
1660 1773 1753 1827 sed
1793 1781 1854 1827 ut
1876 1771 2040 1826 rectis
2063 1769 2218 1825 lineis
2258 1785 2346 1823 ac-

430 1854 646 1908 cidebat
681 1854 914 1923 aliquid,
943 1854 1132 1909 eadem
1168 1869 1243 1907 sc.
1281 1852 1489 1919 divisio,
1527 1868 1667 1924 quae
1692 1853 1894 1907 circulo
1920 1851 2044 1917 toti,
2082 1858 2143 1905 ut
2160 1845 2346 1905 'osten-

430 1949 549 1988 sum
593 1933 732 1988 libro
776 1932 877 1988 111.
949 1935 1149 1989 Contra
1192 1938 1278 1987 est
1319 1933 1374 1986 in
1426 1932 1764 2001 aspectibus,
1818 1932 1938 2000 ejus
1987 1931 2153 1998 enim,
2200 1928 2371 1998 quod·

430 2019 636 2066 tantum
662 2011 861 2067 circulo
896 2011 1213 2080 respondet,
1249 2025 1502 2065 mensura
1535 2010 1688 2068 nullo
1722 2010 1885 2065 modo
1929 2017 2112 2079 potest
2145 2008 2351 2063 habere

429 2100 734 2160 respectum
769 2090 1123 2145 rectitudinis,

604 2183 1039 2259 Propositio
1085 2182 1166 2240 11.
1256 2181 1451 2257 Major
1508 2188 1597 2240 est
1643 2180 2034 2240 radiationum
2080 2180 2353 2256 cognatio

435 2288 565 2329 cum
621 2270 822 2347 figuris
865 2270 1229 2345 regularibus
1259 2314 1273 2342 ,
1324 2286 1501 2345 quam
1550 2276 1676 2333 erat
1722 2271 2251 2339 consonantiarum.

606 2352 878 2407 Probatur
921 2353 1155 2420 primum
1204 2369 1236 2407 a
1286 2351 1762 2408 circumferentiali
1808 2351 2000 2419 figura.
2080 2348 2221 2405 Nam
2269 2347 2363 2401 ubi

433 2432 666 2489 circulus
701 2433 927 2499 integer,
965 2432 1038 2485 ibi
1074 2439 1129 2487 et
1163 2432 1339 2501 figura
1371 2430 1637 2501 regularis
1672 2429 1908 2497 integra:
1949 2427 2044 2485 sed
2070 2428 2242 2498 magis
2279 2434 2366 2483 est

434 2512 668 2568 circulus
714 2514 930 2581 integer
976 2511 1031 2565 in
1077 2510 1417 2564 dimetiendis
1465 2508 1826 2563 radiationum
1875 2508 2119 2577 angulis,
2169 2522 2270 2576 per
2318 2508 2369 2566 1,

436 2609 564 2661 ergo
612 2599 667 2644 et
701 2590 881 2661 figura
917 2596 1166 2658 respectu
1213 2586 1575 2644 radiatiouum
1620 2585 1790 2655 magis
1842 2593 1905 2640 ut
1941 2587 2157 2656 integra
2192 2584 2366 2641 consi-

438 2669 615 2724 derari
668 2679 864 2738 potest.
939 2669 1141 2723 Contra
1189 2668 1244 2721 in
1281 2666 1684 2737 consonantiis.
1745 2671 1806 2718 ut
1858 2664 2094 2720 circulus
2139 2663 2366 2732 ejusque

438 2756 621 2816 partes
645 2748 698 2800 in
726 2756 931 2802 rectum
951 2754 1209 2815 poterant
1234 2746 1454 2803 extendi
1480 2745 1643 2800 salvis
1676 2744 2063 2813 consonantiis,
2100 2744 2179 2798 sic
2204 2741 2366 2796 etiam

439 2826 616 2880 omnia
652 2826 855 2895 figurae
890 2827 1062 2880 latera
1112 2827 1168 2880 in
1206 2828 1429 2882 eandem
1485 2837 1542 2881 et
1576 2845 1736 2884 unam
1770 2834 1973 2882 rectam
2017 2820 2234 2879 extendi
2271 2835 2367 2888 po·

437 2913 618 2959 terant
654 2922 827 2975 eaque
862 2924 983 2962 cum
1021 2924 1127 2961 uuo
1162 2905 1371 2976 figurae
1419 2907 1590 2963 latere
1624 2906 1906 2961 rectilineo
1952 2902 2133 2957 facere
2169 2914 2361 2954 conso-

440 2983 694 3038 nantiam.
770 2985 887 3039 Hoc
922 3002 1047 3039 vero
1085 2995 1246 3054 pacto
1285 2988 1364 3042 uti
1402 2987 1655 3055 circulus,
1693 2984 1772 3040 sic
1802 2984 1965 3039 etiam
2001 2981 2176 3049 figura
2208 2977 2367 3034 recti·

438 3064 582 3118 linea
618 3079 771 3117 suam
805 3064 1182 3134 figurationem
1218 3067 1435 3135 amittit,
1476 3073 1536 3119 ut
1571 3064 1745 3132 figura
1781 3062 2013 3130 amplius
2053 3076 2163 3114 non
2200 3058 2284 3113 sit.

616 3142 885 3197 Probatur
930 3144 1166 3198 secundo
1201 3161 1250 3217 ‘a
1294 3143 1519 3199 centrali
1562 3142 1749 3211 figura.
1824 3138 2025 3210 Anguli
2074 3144 2202 3191 sunt
2235 3135 2369 3202 figu-

442 3237 622 3274 rarum
668 3220 960 3287 elementa;
1000 3222 1115 3290 jam
1162 3224 1267 3278 duo
1312 3222 1448 3276 radii
1498 3221 1707 3275 faciunt
1754 3219 2009 3287 angulum
2056 3217 2111 3271 in
2162 3220 2370 3283 centro,

443 3301 535 3368 qui
573 3299 858 3367 aliquoties
909 3302 1174 3368 repetitus
1229 3308 1567 3355 consummat
1600 3298 1857 3369 figuram,
1915 3300 2251 3371 utapparet
2302 3308 2370 3345 ex

444 3376 807 3432 schematibus
842 3377 1009 3432 hisce.
1082 3379 1143 3432 Id
1182 3386 1362 3433 autem
1396 3394 1504 3432 uon
1540 3376 1708 3431 fiebat
1742 3377 1797 3430 in
1834 3384 1957 3431 ortu
1993 3373 2373 3429 consonantia-

445 3472 591 3524 rum3
628 3456 811 3510 nullus
848 3457 988 3510 enim
1023 3458 1098 3511 ibi
1135 3457 1240 3511 fuit
1275 3464 1557 3526 respectus
1595 3456 1779 3524 anguli
1813 3456 1872 3510 in
1908 3461 2116 3509 centro.
2187 3451 2365 3521 Magis

444 3535 609 3603 igitur
644 3534 933 3588 familiares
969 3543 1095 3589 suut
1129 3535 1338 3606 figurae
1374 3538 1713 3604 aspectibus,
1750 3550 1912 3605 quam
1949 3532 2332 3588 consonantiis.

2461 3601 2493 3633 Ι
2605 3599 2722 3641 5²2...-
2754 3621 2758 3625 ·
2802 3627 2854 3641 --ν
2887 3608 2890 3609 ’

617 3712 1067 3790 Propositio
1113 3715 1223 3774 111.
1316 3718 1713 3793 Congruentia
1773 3716 2087 3791 figurarum
2147 3719 2282 3795 plus
2342 3724 2541 3798 potest
2605 3722 2664 3779 in
2731 3721 3175 3783 constituendis-

451 3801 1005 3883 configurationibus
1051 3802 1415 3879 efficacibus,
1462 3823 1639 3881 quam
1683 3807 1741 3863 in
1788 3808 2205 3867 consonantiis.

623 3921 959 3986 Argumenta
1011 3919 1176 3987 hujus
1228 3921 1306 3974 rei
1353 3921 1523 3976 multa
1571 3930 1884 4002 suppetunt.
1958 3926 2005 3988 1)
2044 3924 2408 3995 Congruentia
2446 3931 2530 3980 est
2576 3926 2889 3995 proprietas
2940 3925 3203 3996 figurae„

457 4007 724 4066 quatenus
761 3998 936 4064 figura
972 4007 1086 4052 tota
1122 4007 1207 4054 est
1243 4001 1585 4071 speciemque
1619 4001 1816 4072 habet3
1863 4002 2012 4070 atqui
2047 4002 2251 4071 figura,
2289 4011 2557 4072 quatenus
2593 4003 2736 4060 hanc
2773 4005 3010 4076 speciem
3047 4011 3166 4059 tota

458 4075 639 4144 habet,
677 4078 908 4144 primum
946 4077 1067 4145 ipsa
1102 4094 1201 4146 per
1236 4096 1294 4133 sc
1331 4080 1500 4147 magis
1537 4087 1622 4135 est
1658 4088 1890 4148 cognata
1912 4080 2431 4151 configurationibus
2455 4097 2617 4150 quam
2644 4082 3030 4146 consonantiis,
3067 4097 3167 4151 per

461 4170 540 4221 pr.
580 4155 628 4219 2,
667 4155 861 4211 deiude
898 4156 1088 4211 dividit
1122 4158 1382 4213 circulum
1417 4167 1480 4213 ut
1517 4167 1692 4215 totum
1726 4160 2053 4223 harmonice,
2076 4159 2322 4215 circulus
2357 4174 2484 4214 vero
2509 4159 2672 4213 etiam
2705 4160 2880 4229 magis
2918 4166 3002 4215 est
3038 4174 3164 4214 con-

457 4233 865 4301 figurationibus
914 4246 1203 4304 cognatus,
1252 4256 1412 4307 quam
1456 4238 1850 4306 consonantiis,
1897 4254 1996 4308 per
2039 4255 2119 4307 pr.
2167 4240 2219 4292 1.
2293 4238 2474 4306 Quare
2522 4244 2784 4308 utroque,
2846 4245 2902 4292 et
2952 4236 3166 4307 privato

397 4338 402 4346 ·
458 4310 662 4378 figurae
698 4314 913 4368 nomine
950 4324 1007 4369 et
1042 4319 1311 4371 communi
1346 4318 1552 4387 figurae
1590 4326 1645 4372 et
1679 4318 1894 4386 circuli,
1941 4317 2325 4385 congruentiae
2362 4331 2580 4385 quoque
2615 4315 2909 4385 figurarum
2948 4316 3002 4369 in
3039 4329 3166 4369 con·

460 4391 870 4459 figurationibus
908 4411 1071 4462 quam
1104 4396 1160 4449 in
1195 4396 1565 4451 consonantiis
1602 4397 1680 4450 vis
1713 4404 1804 4459 est
1835 4396 2023 4464 major.
2096 4396 2147 4457 2)
2184 4399 2233 4451 Δ
2269 4402 2494 4450 numero
2530 4393 2844 4464 figurarum.
2917 4394 3163 4462 Usurpa·

459 4472 629 4525 vimus
664 4472 807 4526 enim
841 4474 947 4546 hoc
980 4489 1080 4542 per
1115 4476 1387 4530 axiomata
1422 4476 1745 4542 praemissa,
1786 4474 1991 4544 figuras
2027 4489 2148 4529 esse
2183 4473 2433 4529 efficaces
2478 4490 2576 4543 per
2614 4490 2742 4528 suas
2777 4473 3162 4542 proprietates.

454 4548 557 4603 Ubi
594 4565 724 4620 ergo
776 4552 947 4622 magis
998 4555 1295 4624 respondet
1348 4570 1606 4609 numerus
1654 4552 2097 4623 efficiendorum,
2145 4553 2221 4607 ibi
2262 4553 2434 4622 major
2478 4567 2675 4606 causae
2732 4549 2985 4618 cognatio
3037 4564 3158 4605 cum

455 4628 673 4697 effectu,
711 4630 902 4686 saltem
937 4634 1307 4702 probabiliter.
1379 4634 1550 4703 Atqui
1585 4640 1647 4687 ut
1680 4649 1955 4703 congruae
1988 4631 2196 4701 figurae
2231 4647 2438 4702 paucae
2475 4639 2621 4699 sunt,
2657 4630 2736 4684 ita
2772 4629 2935 4684 etiam
2972 4642 3172 4697 aspec-

459 4716 549 4763 tus
584 4711 774 4779 pauci,
829 4713 977 4781 quod
1013 4714 1351 4783 experientia
1385 4721 1643 4783 testatur3
1704 4713 1808 4769 nisi
1854 4714 1994 4768 enim
2024 4714 2185 4782 pauci
2221 4718 2431 4780 essent,
2487 4725 2683 4779 magna
2731 4713 2879 4764 esset
2916 4704 3170 4763 confusio

456 4788 687 4859 illorum,
725 4805 920 4859 magna
955 4792 1288 4861 frequentia,
1331 4794 1407 4847 ita
1441 4800 1503 4846 ut
1538 4791 1721 4859 anguli
1758 4792 1985 4847 seorsim
2033 4792 2148 4846 suis
2197 4790 2386 4845 diebus
2436 4788 2712 4842 observari
2761 4801 2871 4840 non
2908 4790 3172 4855 possent3

455 4876 511 4922 at
552 4878 785 4945 possunt
821 4872 1122 4939 observari,
1173 4888 1283 4928 non
1330 4880 1460 4928 suut
1493 4872 1660 4943 igitur
1704 4870 1902 4927 infiniti
1947 4885 2199 4937 numer03
2255 4872 2446 4923 contra
2501 4864 2890 4919 consonantiae
2936 4876 3175 4932 possunt

458 4946 700 5002 infinitae
736 4964 881 5015 esse,
918 4953 1358 5021 augmentatione
1391 4952 1796 5008 intervallorum
1835 4965 1934 5020 per
1967 4945 2261 5017 diapason;
2314 4951 2378 4999 ut
2677 4964 2777 5013 ris·
2804 4963 2871 5013 ³0-

454 5026 668 5082 scibiles
701 5027 908 5098 figurae
941 5032 1183 5087 infinitae
1218 5040 1361 5088 sunt.
1431 5034 1485 5100 3)
1522 5032 1607 5088 Ab
1641 5030 1879 5087 essentia
1912 5028 2279 5092 terminorum,
2314 5024 2372 5081 in

454 5104 651 5172 quibus
686 5107 989 5163 consistunt
1020 5109 1401 5179 proportiones
1436 5112 1563 5167 hinc
1598 5119 1653 5165 et
1690 5111 1831 5165 inde.
1902 5108 2105 5177 Motus,
2143 5120 2371 5177 quornm

454 5181 670 5238 affectio
707 5184 845 5253 soni,
882 5186 940 5241 in
971 5188 1095 5255 fieri
1127 5188 1542 5244 considerantur
1575 5197 1633 5243 et
1667 5196 1934 5257 quatenus
1960 5194 2177 5255 tempus
2212 5199 2369 5239 occu·
3046 5194 3120 5245 με

455 5270 610 5330 pant,·
646 5262 975 5319 radiationes
1011 5267 1181 5335 magis
1217 5267 1272 5321 in
1308 5285 1420 5324 esse
1452 5276 1843 5323 momentaneo.
1917 5266 2069 5320 Sicut
2100 5264 2243 5319 enim
2265 5264 2373 5318 hoc

453 5350 725 5397 momento
760 5352 846 5398 est
880 5344 1100 5413 aliquod
1136 5363 1350 5416 corpus,
1385 5347 1464 5401 sic
1497 5346 1659 5400 etiam
1694 5346 1800 5400 hoc
1848 5350 2122 5399 momento
2157 5349 2243 5397 est
2275 5341 2372 5396 ali·
3133 5403 3150 5415 .

455 5435 562 5488 qua
594 5422 850 5488 radiatim
901 5423 967 5477 de
1002 5431 1150 5479 motu
1189 5442 1341 5492 ver0,
1386 5422 1533 5494 quod
1568 5424 1873 5494 praeteriit,
1904 5422 1959 5477 id
1994 5440 2104 5477 non
2138 5429 2224 5481 ,est
2259 5437 2369 5475 am·

455 5498 622 5567 plius,
675 5502 819 5571 quod
857 5505 1130 5573 sequitur,
1181 5505 1238 5559 id
1271 5504 1510 5559 nondum
1545 5510 1655 5571 est,
1699 5504 1752 5556 in
1789 5508 2063 5557 momento
2097 5499 2231 5555 nibil
2268 5507 2367 5556 est.
2538 5538 2595 5595 K
2871 5514 3020 5652 J

458 5583 819 5652 Congruentia
854 5600 980 5639 vero
1016 5585 1185 5654 magis
1222 5582 1435 5639 videtur
1471 5598 1657 5637 eorum
1693 5596 1815 5637 esse
1850 5595 1992 5651 quae
2026 5588 2171 5652 sunt,
2210 5595 2371 5649 qnam
2596 5598 2647 5647 χ
2917 5600 2938 5621 f
