3684 7259
314 1219 378 1287 856
828 1220 978 1281 Ptolemaei
995 1218 1152 1280 Barmouis.
1178 1312 1179 1316 Ἰ

313 1402 410 1478 parari
432 1406 578 1478 poterunt,
602 1410 674 1479 puta
696 1402 927 1479 enharmonium,
951 1403 1159 1464 chromaticum
1174 1399 1205 1482 V)
1228 1412 1258 1463 et
1280 1400 1477 1478 diatonicum,
1501 1402 1666 1481 quaeipsis

255 1537 258 1542 .
313 1503 431 1565 quoque
461 1486 637 1548 differentias
668 1493 771 1550 sortita
801 1500 870 1551 sunt
898 1510 936 1553 ex
966 1491 1092 1569 quadarn
1120 1489 1322 1566 magnitudine
1350 1498 1380 1549 et
1402 1491 1493 1563 mole,
1526 1505 1605 1567 quac
1634 1491 1665 1548 lu

248 1588 256 1639 i
313 1574 478 1635 elevatione
502 1583 554 1634 aut
576 1579 774 1637 contractione
797 1582 939 1640 consistit
983 1579 1059 1639 Nam
1082 1578 1142 1638 tale
1167 1577 1238 1655 quid
1261 1579 1367 1638 evenit.
1382 1580 1496 1637 ratione
1514 1564 1666 1636 tautsltua

313 1678 402 1739 quam
429 1665 585 1737 potestatis
618 1667 660 1738 ei,
690 1665 769 1741 quod
798 1667 921 1728 densum
950 1666 1164 1746 iudensumque
1192 1663 1357 1743 appellatur
1387 1683 1446 1740 per.
1465 1664 1519 1723 illa
1547 1680 1664 1739 genera.

312 1748 351 1808 Et
373 1748 594 1809 enharmonium
618 1751 735 1828 quidem
759 1752 986 1831 comparandum
1009 1761 1142 1814 osteum
1164 1752 1294 1831 physicis
1318 1752 1481 1828 ethicisque
1505 1752 1665 1822 habitibus,

313 1853 348 1896 ao
372 1837 451 1914 quod
475 1840 637 1897 communis
667 1841 705 1909 sit
728 1840 786 1899 illis
809 1858 879 1921 pras
900 1842 1005 1902 ceteris
1027 1839 1237 1919 magnitudinis
1265 1839 1429 1898 diminutio.
1461 1839 1665 1897 ‘Diatonicunr

313 1939 385 1982 vero
413 1923 587 2001 theologicis
618 1935 648 1985 et
677 1927 805 2003 politicis
833 1925 985 1989 habitibus
1013 1927 1180 2005 respondet,
1214 1936 1331 2005 propter
1359 1926 1468 1985 ordinis
1498 1935 1527 1986 ct
1549 1927 1666 2002 magni-

311 2008 445 2071 ficentiae
467 2011 686 2073 similitudinem
709 2017 738 2072 in
754 2024 887 2092 utroque.
932 2016 1149 2076 chromaticum
1165 2015 1282 2074 taudem
1300 2015 1515 2085 mathematicis
1530 2022 1561 2073 et
1577 2030 1666 2072 oeco-

311 2100 434 2158 nomicis
456 2099 641 2175 assimilatur,
665 2119 701 2161 eo
725 2102 804 2178 quod
826 2105 988 2163 communis
1011 2106 1146 2179 utrinque
1173 2105 1211 2162 sit
1232 2103 1417 2161 mediocritas
1441 2103 1514 2160 inter
1537 2109 1667 2161 extrema

312 2187 538 2246 circumstantia.
584 2187 660 2247 Nam
683 2198 712 2250 et
733 2190 957 2251 mathematicae
980 2192 1121 2257 scientiae
1150 2192 1303 2267 potissima
1326 2200 1407 2267 parte
1430 2198 1583 2249 versantur
1606 2197 1667 2248 tam

312 2274 341 2329 in
374 2274 497 2351 physico
528 2291 634 2350 genere
663 2295 752 2353 quam
783 2280 812 2335 in
843 2277 1029 2354 theologico;
1064 2287 1093 2338 et
1116 2280 1321 2337 oeconomicus
1351 2278 1529 2352 participant
1551 2275 1666 2349 ethicis,

311 2362 424 2420 ratione
447 2364 581 2438 privatae
604 2371 634 2423 et
655 2366 854 2440 potestatibus
876 2365 1028 2441 subjectae
1044 2367 1131 2436 vitae,
1155 2368 1331 2442 participant
1347 2373 1377 2423 ct
1391 2364 1528 2440 politicis,
1553 2365 1666 2444 ratione

313 2451 529 2524 communitatis
553 2451 734 2527 et·imperii;
763 2454 921 2525 eregions
944 2453 1151 2512 chromaticum
1174 2451 1307 2511 similiter
1337 2467 1499 2511 connexum
1520 2455 1569 2521 nt
1588 2453 1667 2528 ψο-

313 2532 470 2597 dammodo
498 2536 565 2596 hinc
593 2552 658 2596 oum
689 2541 860 2600 remissione
889 2548 919 2599 et
948 2539 1071 2600 mollitie
1094 2540 1292 2611 enharmonii,
1325 2538 1392 2599 inde
1415 2555 1480 2596 cum
1504 2537 1666 2603 tntmtens

313 2630 352 2700 et·
365 2623 469 2683 duritie
493 2624 646 2699 diatonici,
670 2625 703 2684 fit
725 2629 803 2687 euim
817 2626 1035 2699 chromaticum,
1059 2630 1174 2703 utrique
1188 2627 1366 2706 reliquorum
1387 2625 1536 2698 collatum,
1561 2642 1666 2702 quem-

206 2783 209 2790 Δ
316 2708 477 2770 admodum
509 2710 631 2785 chorda,
670 2730 746 2789 quae
774 2731 854 2775 mese
885 2714 1005 2789 dicitur,
1046 2722 1090 2775 est
1130 2732 1195 2773 cum
1228 2714 1337 2774 chorda
1365 2713 1669 2793 proslambanomeoo,

239 2870 242 2881 ι
312 2795 449 2872 duarum,
482 2815 558 2875 quae
590 2798 733 2877 diapason
760 2803 955 2877 constituunt,
987 2804 1114 2878 acutior,
1145 2819 1212 2862 eum
1233 2816 1301 2861 nete
1329 2818 1398 2861 vero
1430 2807 1474 2860 est
1497 2799 1665 2862 iacientium

311 2882 455 2962 diapason
478 2888 605 2963 gravior.
760 2885 763 2889 ’
878 2906 881 2914 ·

398 2988 470 3043 Nota
487 2989 509 3043 l.
544 2988 605 3041 Jarn
629 2988 656 3042 iu
674 2988 728 3043 hoc
747 2989 835 3058 capite
859 2988 973 3044 virtutes
997 3006 1051 3044 non
1071 2997 1135 3045 suut
1157 2987 1273 3059 amplios
1292 2986 1432 3057 potentiae
1456 2983 1609 3054 naturales,
1635 2991 1665 3038 ut

311 3077 371 3134 cap.
391 3067 416 3133 b,
436 3064 484 3122 sed
502 3074 533 3120 ut
550 3065 661 3121 habitus
680 3069 877 3123 exercitatione
894 3070 1044 3139 comparati
1063 3070 1135 3124 cirea
1154 3076 1256 3122 cenom
1275 3065 1386 3135 aliquod
1404 3081 1491 3135 genus
1509 3080 1609 3119 rerum.

396 3145 470 3201 Nota
487 3146 521 3200 11.
557 3147 622 3201 Tria
645 3146 690 3200 hic
714 3162 813 3218 genera
837 3156 934 3204 cautus
960 3149 1097 3203 veteribus
1123 3148 1234 3214 usitata,
1258 3146 1439 3212 diatonicum,
1462 3142 1665 3210 chromaticum,

297 3223 516 3279 'enharmonium
552 3240 607 3279 non
632 3224 792 3280 inconcinne
816 3242 881 3280 sane
911 3242 972 3280 curn
997 3227 1085 3280 trihus
1112 3226 1242 3279 virtutum
1271 3222 1560 3296 tamtheoroticarum
1584 3239 1664 3291 quam

310 3303 492 3372 practicarum
510 3302 655 3372 generibus
673 3312 874 3374 comparantur,
893 3305 1049 3371 humilibus,
1069 3303 1263 3373 mediocribus,
1282 3303 1353 3357 altis.
1390 3301 1458 3355 Mihi
1477 3308 1569 3354 tamen
1587 3302 1665 3368 satis·

310 3379 411 3437 iactum
430 3389 473 3437 est
490 3382 618 3460 nondum.
655 3382 732 3450 Quae
749 3381 820 3437 euim
837 3385 966 3453 utrinque
984 3384 1082 3441 similia
1100 3382 1263 3452 allegantur,
1289 3390 1353 3438 suut
1371 3379 1556 3436 tautummodo
1576 3378 1661 3447 quali·

310 3463 395 3517 tativa
417 3461 459 3517 vel
482 3463 572 3531 quasi;
597 3463 698 3532 quippe
723 3462 818 3516 domus
842 3463 958 3532 amplior
981 3470 1024 3518 est
1042 3463 1150 3517 homine
1170 3463 1265 3531 unico,
1284 3462 1379 3520 civitas
1403 3461 1491 3527 domo,
1516 3467 1544 3513 et
1567 3468 1664 3512 natura

331 3565 334 3571 ⁴
381 3564 394 3587 ιι
419 3540 633 3610 corruptibilium
655 3557 699 3595 res
725 3540 948 3611 mathematicae,
976 3558 1020 3596 res
1039 3542 1208 3612 theologicae
1228 3540 1344 3610 quodam
1362 3538 1514 3594 altitudinis
1533 3546 1560 3592 et
1578 3537 1665 3592 humi·

315 3647 337 3699 ,.·.
361 3647 402 3704 ·-'.,·
420 3626 554 3688 conceptu
576 3620 648 3673 inter
670 3634 700 3674 se
722 3618 934 3689 distinguuntur.
970 3622 1033 3677 Jam
1058 3623 1110 3676 tria
1133 3622 1182 3676 illa
1204 3627 1300 3675 cautus
1326 3633 1426 3689 genera
1453 3634 1506 3671 nou
1534 3615 1593 3670 sola
1619 3615 1665 3669 ills

316 3706 327 3769 j
339 3696 341 3699 ’
355 3693 365 3710 “’
474 3699 658 3767 magnitudine
677 3707 725 3752 aut
743 3698 955 3758 condensatioue
973 3701 1189 3771 distinguuntur,
1214 3698 1262 3755 sed
1279 3698 1366 3751 multo
1385 3696 1470 3763 magis
1488 3695 1664 3764 proprietate,

328 3776 358 3833 ss.
478 3778 650 3841 Ptolemaeus
676 3778 743 3846 ipse.
781 3778 847 3830 Cum
871 3780 941 3833 enim
964 3780 1040 3835 initio
1059 3796 1114 3833 uon
1132 3777 1240 3847 penitus
1267 3784 1360 3832 essent
1377 3783 1457 3831 notae
1476 3773 1665 3843 proportiones

334 3890 353 3933 3,
416 3845 505 3910 -'·rum
524 3857 642 3912 omnium
660 3856 687 3910 in
706 3871 759 3909 uno
779 3854 919 3926 diapason,
939 3859 1067 3913 continua
1085 3857 1271 3912 subtractione
1290 3856 1347 3910 toni
1360 3854 1470 3922 majoris
1486 3853 1665 3908 constitutum

317 3930 343 3984 l's
427 3961 429 3966 .
451 3938 474 3973 '·
504 3934 684 4006 ¹diatonicum,
708 3931 756 3988 sed
775 3933 873 3989 durum
892 3944 920 3991 et
938 3944 1048 4007 praeter
1065 3942 1198 3991 naturam.
1234 3936 1346 4003 Loquor
1364 3940 1453 3987 autem
1479 3930 1513 3986 de
1531 3946 1555 3997 a;
1568 3940 1664 4000 paratu

359 4011 484 4086 We
507 4014 756 4071 instrumentorum.
794 4014 863 4072 Nam
887 4019 961 4087 quod
985 4033 1079 4071 vocem
1105 4016 1249 4069 humanam
1274 4013 1384 4079 attinet,
1410 4011 1458 4066 illa
1480 4010 1605 4077 naturale
1624 4028 1664 4082 sy·

266 4103 293 4159 ²:
361 4121 371 4137 ιι
400 4095 413 4166 ,·’
429 4077 513 4163 lpatale
532 4110 583 4163 ego
602 4093 648 4161 lib.
667 4094 716 4148 Ill.
740 4109 799 4161 cap.
819 4100 843 4153 i.
863 4097 1008 4167 descripsi,
1028 4103 1125 4165 sponte
1144 4093 1282 4162 sequitur,
1307 4100 1335 4146 et
1357 4091 1487 4145 instinctu
1505 4090 1593 4159 ipsius
1616 4106 1662 4146 ua·

315 4165 346 4245 ‘J
395 4177 434 4256 pt
451 4170 533 4239 hujus
551 4171 636 4240 ipsius
656 4174 728 4228 vocis
747 4175 1110 4244 humanaeoomparatione,
1126 4172 1228 4241 judicio
1242 4188 1279 4226 sc.
1294 4170 1411 4234 auditus,
1428 4167 1595 4224 intellectum
1614 4178 1663 4237 cst,

282 4260 286 4277 ¹
317 4244 342 4263 ’
393 4282 398 4326 .'
414 4259 489 4306 ·euta
514 4252 552 4306 sic
576 4260 653 4306 tensa
672 4252 840 4325 duriuscule,
868 4271 917 4310 sau
942 4261 973 4308 ut
991 4252 1165 4307 Ptolemaeus
1183 4250 1317 4320 loquitur,
1345 4266 1533 4317 cenomanos
1558 4263 1663 4308 sonare.

301 4375 303 4381 .
421 4356 433 4378 ιι
458 4338 502 4387 est
518 4329 599 4399 igitur
617 4331 818 4403 chromaticum,
837 4332 910 4402 quod
929 4331 1054 4386 duritiem
1073 4329 1145 4385 illius
1163 4328 1302 4388 emolliret
1325 4326 1398 4395 quod
1416 4324 1534 4390 domasse
1552 4321 1663 4394 propius

318 4406 331 4459 [ι
346 4404 492 4464 ''ficunussh
515 4409 550 4464 ad
568 4407 728 4465 naturalem*
740 4412 869 4482 originem
894 4411 1033 4467 divisionis
1056 4408 1210 4479 systematis
1228 4406 1359 4474 accessit,
1383 4403 1432 4459 sed
1456 4412 1484 4459 et
1507 4404 1535 4457 in
1554 4401 1663 4473 nisibus·

310 4488 372 4543 dam
391 4486 498 4557 deiecit,
518 4496 545 4542 et
563 4490 652 4557 ipsum
671 4491 874 4547 enharmonium
893 4507 957 4546 vero
976 4489 1069 4545 dedita
1087 4505 1170 4559 opera
1187 4487 1239 4543 luit
1257 4491 1443 4555 comparatum
1460 4481 1495 4536 ad
1513 4481 1662 4543 mollitiem,

309 4568 469 4636 videturque
486 4566 532 4620 illa
552 4566 713 4622 chordarum
731 4569 944 4625 condensatioue
961 4584 1014 4623 vox
1033 4569 1147 4623 tremula
1165 4567 1270 4621 ellectu.
1307 4565 1383 4618 Haeo
1394 4576 1455 4615 mea
1471 4567 1514 4614 est
1527 4560 1663 4615 sententia

309 4646 344 4701 de
369 4648 471 4715 origine
496 4648 577 4701 trium
601 4664 731 4714 generum
755 4658 852 4704 cautus
876 4650 950 4719 apud
969 4655 1082 4703 veteres.
1121 4648 1160 4700 lie
1180 4644 1287 4699 duobus
1308 4657 1371 4696 vero
1390 4636 1534 4728 generibus
1558 4646 1662 4727 cautus,

310 4725 378 4781 duro
397 4733 425 4780 et
443 4725 530 4794 molli,
556 4743 626 4797 quae
644 4737 672 4782 ct
690 4728 863 4784 Ptolemaeus
879 4730 959 4797 juxta
977 4726 1050 4781 illam
1068 4725 1225 4781 divisionem
1243 4729 1365 4775 veterum
1391 4724 1516 4786 agnoscit
1533 4724 1563 4770 et
1580 4732 1662 4771 nomi·

308 4812 357 4860 nat
372 4813 401 4859 ct
420 4806 453 4861 de
471 4806 569 4875 quihus
588 4822 639 4874 ego
659 4823 710 4877 ago
729 4824 789 4876 rap.
808 4810 833 4862 o.
852 4806 897 4861 lib.
915 4807 965 4874 ill,
984 4821 1028 4860 res
1046 4812 1089 4859 est
1107 4804 1188 4872 louge
1206 4803 1272 4866 aliu,
1291 4817 1345 4855 non
1363 4799 1435 4854 euim
1453 4795 1595 4850 arbitrium
1611 4795 1661 4849 hu-

308 4898 425 4952 manum,
444 4901 497 4939 nou
516 4887 623 4942 occasio
641 4885 739 4957 aliqua,
758 4886 807 4942 sad
825 4888 885 4955 ipsa
903 4900 993 4939 rerum
1011 4890 1109 4937 natura
1126 4882 1173 4936 illa
1185 4887 1320 4936 monstrat
1338 4885 1366 4934 ct
1383 4878 1454 4932 iuter
1467 4890 1498 4929 se
1510 4872 1660 4943 distinguit

287 5008 295 5025 ,
310 4960 364 5017 Sed
381 4963 410 5017 in
426 4978 556 5033 praesens
574 4981 731 5020 maneamus
748 4967 776 5020 iu
794 4963 938 5036 generibus
956 4963 1044 5017 trihus
1062 4969 1191 5016 ueterum.
1573 5028 1581 5043 .

397 5041 537 5110 Quomodo
555 5043 637 5112 igitur
658 5045 703 5100 hic
720 5045 834 5100 virtutes
853 5058 903 5098 nos
922 5041 1155 5111 comparabimus?
1192 5038 1330 5107 Numquid
1355 5035 1406 5104 sic,
1432 5032 1504 5106 quod
1522 5036 1582 5086 tom
1598 5049 1660 5101 per·

309 5118 390 5176 lectio
409 5121 539 5179 scientiae
557 5126 695 5194 perlectae
713 5128 871 5195 summoque
889 5122 972 5193 rigori
995 5122 1024 5175 in
1041 5121 1161 5175 moribus
1180 5119 1286 5187 similis,
1314 5125 1342 5172 ct
1360 5116 1433 5188 quod
1451 5127 1548 5186 peccat
1569 5119 1599 5175 iu
1615 5134 1660 5173 na·

264 5197 266 5200 ’
309 5203 411 5270 turam,
431 5201 476 5268 oni
495 5203 585 5257 omnia
602 5204 661 5260 vult
678 5202 910 5273 comprehendere
929 5199 1116 5269 scientialiter,
1142 5199 1188 5271 qui
1207 5214 1268 5253 cum
1287 5198 1411 5252 omnibus
1431 5199 1489 5254 vult
1506 5196 1659 5255 conversan'

308 5279 406 5347 stoice,
430 5278 551 5337 laconice
576 5284 604 5337 iu
622 5284 710 5339 verbis
729 5291 757 5338 et
773 5283 854 5339 factis
873 5290 900 5338 et
919 5282 1073 5352 disciplina,
1098 5280 1187 5335 omnin
1211 5293 1315 5334 summo
1331 5277 1394 5345 jure
1413 5293 1556 5348 peragere,
1580 5293 1659 5333 suum

309 5357 391 5412 armis
410 5365 437 5413 et
455 5362 481 5415 ri
498 5367 634 5431 repetere,
658 5377 719 5416 oum
737 5362 765 5416 id
783 5378 838 5417 non
856 5361 926 5417 ierat
944 5362 987 5417 rel
1005 5362 1124 5417 omnium
1141 5375 1231 5414 rerum
1249 5367 1348 5413 natura
1368 5357 1411 5412 vel
1430 5358 1517 5414 omnis
1537 5358 1594 5413 vita
1609 5357 1658 5413 ltu·

308 5450 399 5506 mana,
427 5455 488 5494 eum
513 5451 611 5497 nutura
632 5442 693 5511 ipsa
714 5442 830 5497 suadeat
848 5442 1113 5512 temperamentum?
1150 5438 1273 5507 Denique
1297 5439 1369 5508 quod
1397 5438 1452 5493 siut
1472 5436 1558 5516 aliqui
1584 5433 1659 5490 habi

309 5520 366 5583 liii,
385 5531 403 5570 a
420 5525 497 5585 parte
515 5519 653 5575 homiuum
671 5536 720 5590 pro
738 5517 1000 5592 rirtfflfiahiti,
1030 5520 1078 5589 qui
1095 5518 1255 5588 peccantia
1275 5517 1401 5571 delectu?
1438 5516 1483 5570 Sic
1500 5524 1544 5571 est
1568 5514 1658 5584 topica

310 5588 344 5643 de
362 5595 444 5649 rebus
462 5597 539 5651 seriis
557 5603 585 5650 et
602 5596 772 5659 scicntillelu¹
907 5663 909 5668 ¹
934 5597 1004 5668 ;,sic
1026 5595 1188 5665 hnmanitas,
1206 5595 1308 5666 cultus,
1334 5595 1484 5650 aulicorum
1502 5609 1607 5661 mores,
1631 5594 1657 5648 iu

207 5675 209 5680 ¹
309 5671 588 5743 dimitriacensis
604 5673 789 5766 murutaflgt'r
894 5667 912 5682 ”
941 5675 1237 5746 eloquentiamiatica;
1256 5674 1295 5731 sic
1308 5672 1480 5743 arsamaudi,
1499 5672 1657 5744 siclenitas,

683 5779 687 5790 .
705 5789 728 5852 Σ
1277 5784 1282 5792 ,

719 5855 726 5880 Ι
