3684 7259
251 1190 317 1251 ssi
720 1186 888 1256 sopenna
902 1187 1129 1243 uir-onem
1212 1167 1218 1190 ²

251 1366 458 1423 subterraneus
489 1372 521 1422 et
551 1361 648 1423 colore
675 1368 865 1425 subterraneo
897 1370 937 1426 ab
965 1371 1065 1425 anima
1086 1365 1194 1424 Terrae
1224 1365 1370 1421 ooudtato
1393 1360 1541 1421 resoluta
1570 1364 1599 1419 ia

251 1470 390 1527 vaporem
413 1455 621 1527 suspiransque
644 1456 672 1509 io
696 1445 831 1529 trigidum
853 1461 961 1529 alitem,
985 1459 1124 1513 contiuuo
1140 1457 1170 1509 in
1185 1454 1308 1509 turmam
1322 1469 1420 1525 aquae
1437 1453 1597 1508 revertitur.

250 1539 357 1597 Adhuc
380 1542 468 1613 igitur
490 1540 564 1597 bene
586 1551 644 1597 stat
667 1545 765 1598 anima
788 1542 904 1600 Terrae.

339 1626 410 1683 Post
433 1631 701 1700 argumentationes
723 1629 762 1685 ad
785 1629 1002 1688 conclusionem
1026 1628 1143 1685 tandein
1161 1625 1291 1695 devenis,
1315 1642 1411 1699 neque
1427 1638 1525 1681 tamen
1548 1622 1601 1681 de-

249 1713 321 1772 sinis
344 1717 539 1772 intermiscere
563 1719 796 1790 waxequentias
841 1717 873 1776 Si
896 1722 947 1774 aer
970 1716 1037 1774 tatis
1060 1730 1105 1772 est
1128 1717 1258 1790 spiritus,
1282 1716 1331 1787 qni
1354 1716 1446 1769 rixam
1469 1714 1600 1785 inspirat,

250 1811 283 1859 ut
306 1802 484 1876 inprobare
510 1806 590 1858 risus
613 1820 654 1872 es,
679 1821 735 1877 ego
757 1806 893 1872 refutari,
917 1819 947 1861 et
970 1808 995 1861 si
1019 1804 1107 1877 hujus
1123 1804 1241 1877 spiritus
1266 1805 1365 1859 anima
1380 1795 1488 1879 (quan
1502 1798 1601 1855 muudi

248 1890 377 1947 animam
406 1906 470 1945 we
492 1906 581 1965 supra
604 1887 746 1971 docenti)
769 1905 815 1949 est
843 1894 918 1966 iguis
941 1891 993 1964 (de
1015 1908 1075 1964 quo
1098 1891 1169 1946 aiibi
1193 1890 1304 1958 sobrie,
1336 1886 1404 1945 vide
1426 1886 1529 1943 Harm.
1553 1886 1601 1944 lib

248 1972 304 2033 it‘.
327 1974 378 2032 rot
402 1971 498 2054 255),
529 1980 613 2050 sequi
645 1980 697 2035 tibi
722 1979 851 2048 videtur,
883 1991 914 2038 ut
943 1984 993 2036 sir
1016 1980 1135 2052 recipiat
1166 1975 1333 2032 influentias
1364 1988 1395 2033 et
1423 1973 1602 2052 radiatioues

250 2062 393 2121 coelestes
425 2062 615 2137 infundatque
645 2078 777 2141 receptas
806 2069 835 2121 in
866 2069 979 2123 viscera
1009 2078 1111 2122 terrae
1159 2065 1198 2120 At
1223 2063 1294 2118 mibi
1326 2062 1382 2119 boc
1405 2078 1464 2118 nou
1488 2059 1603 2118 videtur

249 2166 285 2208 cx
317 2150 373 2206 iliis
401 2153 500 2225 sequi,
530 2154 555 2206 si
587 2154 676 2209 etiam
704 2171 774 2210 vera
801 2154 852 2210 iila
879 2153 1046 2211 concedam,
1092 2151 1207 2224 Recipit
1229 2150 1361 2224 quidem,
1394 2148 1451 2206 boe
1480 2161 1527 2205 est
1548 2147 1602 2205 ad·

249 2239 338 2294 mittit
369 2240 419 2294 aer
441 2236 636 2306 radiationes,
666 2240 737 2296 nihil
768 2244 846 2297 euim
868 2241 934 2297 ilias
958 2238 1096 2312 impedit,
1124 2254 1161 2294 ne
1182 2235 1289 2295 Terrae
1312 2235 1431 2310 quidem
1454 2238 1602 2311 opacitas3

248 2327 448 2400 perterrarttior
471 2326 579 2400 qnippe
604 2329 649 2381 vis
671 2339 716 2383 est
739 2329 929 2404 inconspicua
950 2327 1041 2401 radii,
1068 2343 1156 2399 quarn
1180 2322 1278 2381 lumen
1304 2324 1433 2379 risibile:
1467 2321 1601 2399 exemplo

250 2422 296 2469 est
320 2413 410 2467 virtrn
433 2415 607 2486 magnetica,
631 2430 707 2486 quae
730 2418 903 2489 transspirat
926 2433 977 2489 per
999 2430 1103 2470 aureas
1119 2411 1252 2468 laminas.
1298 2413 1336 2467 ‚tt
1353 2428 1410 2465 non
1433 2412 1477 2466 sic
1499 2411 1603 2484 recipit

250 2502 301 2555 aer
322 2497 518 2562 radiationes.
548 2512 579 2555 ut
601 2518 653 2557 eas
676 2522 695 2558 a
716 2504 778 2558 suis
801 2502 1024 2559 formationibus
1047 2501 1233 2574 geometricis
1259 2499 1390 2572 singular
1413 2499 1601 2555 internoscat

250 2586 310 2643 Λᾶ
332 2587 409 2643 enim
432 2588 553 2642 materia
575 2600 628 2656 est,
653 2605 758 2662 corpus
781 2602 837 2665 est,
859 2591 1037 2663 geometrica
1060 2584 1160 2660 anguli
1178 2584 1373 2659 pulchritudo,
1397 2601 1475 2659 quae
1496 2600 1603 2660 aspec-

250 2680 311 2731 tum
335 2674 450 2743 iormat,
473 2690 525 2729 eus
547 2677 668 2730 rationis
690 2686 752 2747 est3
776 2679 873 2733 anima
897 2677 945 2734 vel
967 2675 1054 2733 sinnii
1071 2674 1219 2743 lacunato,
1242 2675 1363 2730 rationis
1384 2670 1602 2745 quodammodo

252 2762 402 2836 participe,
426 2776 500 2833 opus
523 2772 584 2828 ert,
613 2773 647 2817 nt
669 2761 847 2821 radiationes
870 2763 927 2821 boc
950 2773 1036 2839 pacto
1060 2762 1245 2835 recipiantur.
1289 2758 1349 2817 Sed
1372 2758 1475 2833 quales
1498 2776 1601 2833 recep·

252 2850 347 2906 tiones
370 2856 401 2903 tu
423 2858 545 2916 uatum,
570 2847 599 2903 id
622 2852 748 2923 probant
769 2861 838 2909 tuae
861 2854 1088 2919 transiusioncs3
1119 2846 1290 2922 deliquere
1314 2847 1459 2921 loqueris,
1481 2864 1540 2902 non
1565 2845 1601 2903 de

248 2932 417 2994 estabilitate
441 2937 667 3009 proportionum,
690 2955 722 2996 re
743 2940 932 3012 geometrica,
955 2939 1073 2995 omuino
1097 2937 1181 3009 quusi
1205 2936 1241 2992 de
1265 2935 1347 2993 cocio
1370 2932 1523 3008 deplueret
1543 2932 1602 2990 ali·

208 3016 215 3030 '
252 3038 313 3097 qua
335 3023 471 3092 materia,
495 3037 584 3095 quam
606 3034 637 3080 tn
661 3024 840 3085 influentiam
864 3025 955 3082 dicas.

337 3107 531 3177 Conduseras
561 3118 591 3166 et
620 3128 687 3168 ecce
721 3114 848 3170 vicissim
880 3114 977 3188 aperis
999 3129 1108 3167 norum
1137 3119 1355 3183 argumentum:
1390 3106 1482 3165 Terra
1506 3108 1603 3181 passi·

249 3211 319 3252 vum
349 3205 394 3253 est
425 3194 615 3266 elementum,
650 3216 709 3255 non
739 3202 826 3274 igitur
853 3204 916 3274 agit
947 3203 976 3255 iu
998 3203 1095 3256 acrem
1117 3200 1258 3255 activum.
1302 3193 1388 3253 Tolle
1422 3193 1600 3268 depositum,

247 3282 320 3339 nibil
343 3284 491 3357 pugnabo.
537 3282 614 3340 Num
638 3302 706 3342 vero
731 3287 796 3345 ideo
819 3302 925 3361 corpus
948 3286 1020 3343 illud
1043 3284 1170 3342 Telluris
1198 3287 1287 3342 etium
1316 3282 1456 3339 tacuttare
1481 3280 1601 3338 animali

249 3378 345 3441 caret,
377 3370 460 3444 cujus
482 3368 614 3428 efficacia
645 3390 768 3447 vapores
790 3374 973 3432 subterranei
1006 3375 1095 3430 exciti
1126 3374 1267 3429 misceam
1297 3380 1327 3427 et
1362 3370 1480 3426 turbent
1503 3372 1599 3425 aerem

249 3455 355 3514 tuum?
399 3455 488 3513 Terra
516 3462 668 3532 passivum
698 3470 743 3518 est
765 3461 957 3531 elementum,
992 3463 1081 3517 etiam
1104 3476 1170 3517 cunt
1201 3462 1373 3532 incorpore
1397 3456 1524 3514 bominis
1547 3463 1599 3526 est,

248 3560 302 3602 uec
325 3553 357 3600 nt
379 3542 408 3600 id
431 3549 550 3601 nonsit
574 3546 728 3621 impeditur
750 3549 788 3606 ab
812 3548 939 3605 bominis
961 3549 1069 3605 anima.

335 3629 410 3688 Turn
434 3634 522 3689 etiam
546 3636 747 3706 quaestionem
771 3635 841 3692 mihi
864 3652 975 3707 moves,
997 3634 1112 3710 physici
1133 3636 1194 3690 sint
1216 3632 1325 3706 anguli
1346 3633 1395 3687 isti
1418 3647 1462 3687 un
1484 3628 1600 3687 matbe-

247 3718 379 3775 matici?
421 3718 606 3777 Perturbavit
630 3734 657 3778 te
680 3722 832 3798 multiplea
855 3723 1071 3797 aequivocatio,
1096 3732 1128 3776 ut
1151 3720 1199 3776 bie
1220 3721 1311 3792 inme
1332 3734 1522 3791 consurgeres
1547 3719 1600 3775 im·

248 3805 371 3880 provide
395 3815 424 3863 et
453 3808 541 3863 irrito.
591 3806 658 3865 Non
678 3820 747 3867 sunt
769 3828 840 3867 sane
874 3813 948 3866 istae
970 3806 1065 3865 lineae
1089 3807 1284 3864 radiationnm
1313 3806 1410 3862 nudae
1431 3804 1598 3863 matbema-

149 3948 154 3958 ,
247 3892 333 3964 tieae,
357 3903 425 3950 surit
447 3896 524 3950 enirn
547 3893 677 3966 lucidae,
706 3895 755 3953 iux
780 3915 849 3955 vcro
872 3915 917 3955 rcs
940 3907 984 3954 est
1006 3895 1145 3971 physica,
1170 3910 1224 3951 nec
1246 3903 1346 3950 carent
1368 3892 1599 3952 dimensionibus

246 3979 326 4052 suis,
362 3998 426 4036 cunr
450 3978 552 4038 stellae
576 3984 636 4038 sint
656 4001 779 4059 corpora
802 3984 996 4058 omnibusque
1019 3983 1135 4059 punctis
1158 3973 1284 4039 luceant.
1330 3977 1408 4052 Quin
1434 3980 1512 4036 ultro
1537 3992 1599 4036 tuas

247 4068 402 4125 instantias
426 4068 541 4142 augebo
565 4071 783 4129 accessionibus
806 4071 966 4146 ejusmodi,
999 4067 1034 4127 de
1058 4071 1164 4143 quibus
1188 4080 1219 4125 tn
1250 4086 1285 4124 ne
1308 4070 1446 4140 cogitasti
1470 4067 1597 4141 (pridem.

246 4152 312 4212 Non
337 4165 414 4226 sunt,
439 4158 567 4230 inquam,
592 4175 628 4215 nc
650 4158 814 4233 singulares
837 4159 956 4234 quidem
980 4158 1094 4231 anguli,
1123 4170 1156 4212 ut
1177 4155 1251 4213 alias
1274 4158 1303 4210 in
1326 4153 1451 4211 mathesi
1476 4154 1598 4212 demon·

245 4243 394 4299 strationis
416 4258 506 4300 causa
529 4247 707 4321 pinguntur,
738 4257 800 4304 tota
824 4248 899 4305 enim
933 4254 1038 4302 natura
1060 4242 1241 4313 sublunaris,
1273 4252 1385 4317 quanta
1409 4254 1523 4315 quanta
1547 4252 1596 4309 est,

249 4328 377 4403 undique
399 4328 486 4405 plena
509 4340 553 4388 est
575 4333 691 4406 anguiis
714 4332 885 4404 sextilibus,
909 4349 975 4390 corn
999 4332 1059 4387 bini
1082 4331 1219 4406 planetae
1241 4329 1375 4387 sextilem
1399 4330 1526 4401 iaciunt,
1551 4337 1599 4386 ant

249 4416 408 4490 quadratis,
433 4432 497 4475 cum
521 4419 707 4497 quadratum,
730 4421 768 4478 ob
791 4437 865 4494 qnos
887 4420 939 4477 iila
960 4434 1059 4495 psnno
1083 4414 1298 4493 quodammodo
1315 4418 1476 4490 comparari
1494 4424 1598 4491 potest,

249 4504 414 4563 subtemine
436 4507 611 4564 staminibus
642 4509 848 4567 intercurrente
871 4507 1009 4582 undique.
1055 4505 1141 4563 Rodii
1170 4507 1246 4563 enim
1275 4503 1441 4578 aplanetis
1465 4500 1613 4561 omnibus

246 4588 285 4648 ad
309 4594 407 4648 omnia
430 4594 520 4649 totius
543 4593 642 4651 mundi
665 4606 774 4670 puncta
796 4595 981 4654 delabuntur.
1026 4590 1085 4650 Tot
1100 4594 1187 4666 igitur
1203 4592 1368 4648 nominibus
1392 4589 1523 4647 concedo
1538 4591 1597 4656 tibi,

246 4676 425 4737 radiationes
452 4697 515 4737 esse
539 4680 685 4757 physicas.
732 4685 771 4739 At
794 4683 867 4741 baec
890 4684 988 4740 omnia
1011 4684 1039 4738 in
1062 4691 1183 4755 aspectu
1205 4677 1301 4735 adhuc
1325 4686 1437 4734 tautum
1460 4679 1598 4735 materiae

245 4781 298 4824 seu
322 4766 446 4840 subjecti
470 4769 612 4825 rationem
635 4769 761 4839 habent3
792 4780 926 4845 superest
948 4771 1058 4839 sormn,
1090 4770 1164 4824 ratio
1188 4764 1301 4824 scilicet
1323 4774 1477 4840 aspectus,
1511 4763 1597 4822 dueta

246 4868 282 4911 ex
305 4857 491 4929 proportione
514 4861 699 4929 geometrica,
723 4875 769 4915 rcs
792 4874 869 4915 mere
892 4857 1108 4923 mathematica,
1133 4870 1212 4912 incre
1234 4850 1451 4921 intellectualis,
1477 4863 1507 4910 et
1523 4867 1598 4926 quac

245 4939 276 4997 in
304 4940 415 4998 nulium
439 4959 544 5017 corpus
567 4945 655 5020 recipi
682 4944 726 5001 vei
752 4946 865 5019 inprimi
889 4953 1002 5018 potest,
1026 4959 1077 5002 seu
1098 4940 1224 5000 solidum
1247 4940 1285 4997 sit
1307 4938 1393 5012 illud,
1418 4949 1450 4997 ut
1473 4948 1550 4997 terra
1572 4948 1599 4996 ct

246 5026 382 5099 metalla,
415 5045 467 5087 sen
491 5027 626 5099 fluidum,
651 5041 777 5105 utaque
801 5044 829 5090 et
849 5036 899 5090 aer
915 5040 991 5088 tuus.
1037 5029 1102 5087 Hoc
1125 5031 1243 5103 inquam
1268 5026 1436 5097 discrimen,
1460 5042 1598 5103 separans

243 5106 377 5174 sextilem
400 5135 419 5173 a
441 5116 550 5191 septili,
574 5129 606 5176 ut
629 5118 678 5175 ille
702 5121 739 5176 sit
762 5119 874 5189 efficax,
898 5121 954 5175 iste
978 5135 1050 5188 non,
1075 5115 1156 5173 nulla
1179 5117 1291 5186 ratione
1316 5112 1404 5171 ullum
1428 5130 1596 5188 corpoream

245 5204 395 5260 materiam
419 5220 537 5263 movere
560 5215 672 5279 potest,
703 5206 823 5263 animali
847 5205 987 5266 facultate
1010 5222 1083 5281 opus
1106 5215 1164 5263 est.
1198 5220 1273 5277 quae
1296 5200 1439 5259 hactenus
1463 5205 1503 5258 sit
1525 5216 1596 5276 geo·

244 5291 364 5348 metriae
389 5292 533 5369 psrticeps
557 5302 586 5352 et
608 5294 672 5367 ejus
697 5294 814 5367 quidem
837 5296 1025 5369 congenitae,
1049 5308 1106 5349 uon
1130 5290 1247 5349 demum
1270 5290 1547 5347 ratiocinationibus
1569 5295 1597 5346 et

244 5374 407 5452 disciplinis
428 5381 599 5451 acquisitae.

330 5463 406 5522 lllud
437 5482 505 5524 vero
537 5467 719 5525 ratiocinium
743 5476 824 5525 tuum
857 5485 914 5525 non
938 5467 1089 5542 intelligo:
1118 5468 1151 5523 in
1177 5465 1348 5541 primordio
1375 5466 1506 5538 spiritus
1527 5461 1595 5522 Do·

221 5550 323 5609 'mirri
345 5560 444 5609 vectus
466 5560 507 5610 esi
527 5557 680 5629 movitque
701 5573 792 5630 super
814 5560 911 5632 aquis,
934 5575 998 5615 non
1021 5558 1053 5612 in
1073 5554 1210 5613 meere.
1256 5553 1340 5627 Erpo
1364 5549 1529 5612 radiorum
1551 5552 1598 5610 ui·

242 5637 376 5698 sibilium
408 5639 517 5713 onpuli
546 5642 624 5716 sacti
655 5649 728 5700 tunt
760 5645 794 5700 in
816 5649 906 5718 nere,
940 5661 1005 5703 non
1038 5646 1072 5701 in
1103 5649 1194 5701 erra.
1242 5640 1337 5701 Video
1370 5640 1507 5717 quidem,
1540 5653 1598 5717 quo
