3684 7259
456 1246 500 1303 Da
516 1242 917 1328 Figuramm'lirdmcnicarum
935 1244 1126 1315 Gongmeatia
1161 1245 1244 1304 biber
1260 1246 1295 1303 11.
1386 1296 1388 1300 .
1491 1251 1552 1315 115

476 1539 527 1613 De
554 1515 756 1629 Figuratum
783 1536 1009 1626 Regularium
1036 1538 1281 1627 congruentia.

294 1689 318 1750 Ι.
343 1690 541 1751 Definitio.
586 1691 783 1768 congruentia
804 1689 864 1749 alia
886 1690 1019 1766 planitiei
1042 1698 1102 1763 est,
1128 1690 1187 1750 alia
1209 1692 1237 1760 'ur
1259 1688 1364 1761 solido.
1409 1689 1444 1749 In
1466 1688 1556 1767 plano

208 1779 399 1854 congruentia
423 1786 480 1851 est,
512 1796 578 1838 cum
601 1779 701 1855 anguli
724 1778 881 1855 figurarum
903 1775 1031 1853 plurium
1052 1778 1160 1855 singuli
1182 1780 1224 1837 sic
1246 1777 1284 1837 ed
1305 1776 1445 1855 punctum
1467 1794 1558 1839 unum
1626 1816 1631 1821 ›

209 1873 390 1937 concurrunt,
413 1874 447 1924 ut
468 1865 566 1926 nullus
589 1866 769 1943 relinquetur
791 1865 900 1924 hiatus.

296 1952 335 2010 ll.
361 1953 566 2013 Definitio.
611 1954 694 2014 Haec
709 1954 836 2030 perfecta
852 1951 966 2027 dicitur,
990 1970 1055 2012 cum
1069 1952 1179 2028 figurae
1199 1954 1340 2030 cujusque
1356 1960 1568 2014 concurrentes·

211 2040 310 2117 anguli
335 2057 435 2100 omnes
458 2041 562 2101 eadem
583 2044 682 2119 specie
703 2049 884 2118 concurrunt,
907 2048 940 2098 ut
963 2043 1005 2099 ita
1019 2057 1119 2126 omnes
1134 2058 1290 2101 concursus
1305 2044 1380 2101 inter
1395 2059 1428 2101 sc
1449 2041 1561 2101 similes

210 2131 268 2188 sint
290 2136 322 2187 et
341 2145 533 2189 concursuum
557 2130 627 2188 ordo
651 2132 680 2186 in
693 2120 846 2205 ,infinitum
869 2129 1032 2192 continuari
1053 2130 1155 2205 possit.

296 2215 351 2274 llI.
374 2216 576 2276 Definitio.
621 2216 846 2289 Perfectissima,
870 2233 936 2276 cum
953 2218 1041 2275 etiam
1063 2215 1173 2293 figurae
1197 2223 1398 2276 concurrentes
1420 2215 1449 2274 in
1472 2215 1562 2292 plano

212 2311 278 2362 sunt
300 2302 431 2379 ejusdem
454 2306 571 2380 speciei.
836 2359 846 2370 „

297 2390 349 2448 1v.
375 2392 587 2451 Definitio.
632 2390 823 2467 Imperfects,
846 2408 912 2449 curn
935 2390 1029 2466 major
1051 2389 1168 2467 quidam
1190 2390 1284 2467 figura
1306 2390 1434 2467 undiquc
1457 2390 1564 2454 simili·

213 2479 266 2536 hus
290 2480 477 2538 concursibus
501 2481 619 2555 sepitur,
644 2496 738 2554 nequa
761 2488 859 2537 tamen
875 2478 960 2536 datur
975 2479 1155 2536 continuatio
1178 2480 1207 2552 in
1231 2472 1382 2553 infinitum,
1407 2486 1459 2538 sut
1480 2480 1565 2540 datur

214 2564 345 2643 quidem,
376 2565 429 2626 scd
457 2584 514 2625 non
543 2569 605 2626 sine
634 2566 812 2626 admixtione
842 2564 1022 2625 diversamm
1052 2582 1208 2625 concursus
1237 2568 1407 2642 specierum.
1452 2567 1565 2644 Imper-

213 2655 289 2712 fecta
311 2654 461 2714 deterioris
484 2654 605 2732 gratim,
635 2672 701 2714 cum
731 2655 825 2730 maior
853 2653 947 2730 figura
968 2670 1026 2712 non
1051 2649 1192 2712 omnibus'
1213 2654 1328 2730 nugulis
1350 2656 1438 2714 simili
1468 2656 1565 2740 specie

215 2758 384 2802 concurrere
407 2749 478 2818 apta
501 2749 554 2801 cst.

300 2846 337 2905 V.
361 2846 568 2907 Definitio.
614 2844 716 2907 Solida
730 2846 919 2923 congruentia
939 2852 984 2903 est
1006 2851 1036 2902 et
1058 2843 1151 2919 figura
1172 2844 1276 2918 solida,
1301 2862 1366 2904 cum
1382 2846 1481 2923 anguli
1503 2847 1566 2905 sin·

214 2934 272 3011 gull
294 2932 421 3012 plurium
444 2935 596 3012 planarum
611 2934 767 3011 figurarum
789 2933 929 3008 angulum
945 2934 1124 2990 constituunt
1144 2931 1279 3005 solidum,
1302 2936 1469 3011 aptatisque
1491 2915 1568 3012 hgri·

214 3026 252 3081 ris
274 3023 455 3101 regularibus
479 3021 526 3082 vel
551 3022 805 3099 semiregularibus
839 3019 937 3078 nullus
959 3019 1168 3079 restathiatus
1189 3022 1263 3078 inter
1295 3020 1388 3081 latore
1411 3022 1567 3098 figurarum

217 3111 367 3170 obviantia
388 3112 444 3170 sibi
468 3112 497 3168 in
520 3114 656 3187 opposita
678 3109 791 3170 solidae
813 3107 923 3183 figurae
946 3115 1040 3183 parte,
1074 3109 1124 3181 qui
1153 3123 1211 3165 non
1235 3106 1332 3166 claudi
1361 3113 1455 3185 possit
1476 3110 1569 3186 figura

216 3201 323 3275 speciei
347 3201 433 3258 unius
456 3216 492 3258 cx
515 3199 654 3258 adhibitis
677 3197 724 3257 vel
747 3197 852 3257 saltem
874 3194 1066 3269 regularibus.
1505 3235 1508 3239 .
1598 3231 1605 3246 .

303 3283 383 3350 Nota,
403 3281 475 3352 quod
494 3281 530 3335 sit
547 3280 600 3334 alia
617 3282 800 3349 congruentia,
818 3294 872 3331 nou
890 3275 1033 3346 planarum
1045 3276 1192 3343 figurarum
1211 3273 1246 3329 cd
1258 3275 1372 3343 figuram
1385 3276 1498 3333 solidam
1515 3277 1569 3333 for·

218 3362 350 3430 mandam,
375 3361 423 3417 sed
451 3362 571 3430 ipsarum
591 3360 740 3415 solidarum
762 3359 909 3427 figurarum
933 3356 1005 3408 inter
1022 3368 1065 3421 se,
1088 3353 1122 3407 ad
1141 3352 1230 3407 locum
1254 3354 1370 3412 solidum
1392 3358 1464 3412 circa
1487 3374 1571 3414 unum

218 3445 348 3513 parietum
366 3439 542 3509 explendum:
562 3438 717 3507 hujusmodi
734 3437 837 3505 figuras
855 3447 1002 3502 corporeae
1021 3437 1091 3486 sunt
1103 3438 1209 3486 tantum
1229 3431 1312 3501 duaa,
1331 3432 1416 3489 cubus
1435 3443 1462 3490 et
1480 3437 1570 3493 rhem

220 3524 270 3578 hus
294 3520 512 3577 dodecaedricus.
546 3519 616 3573 Nam
642 3524 703 3573 octo
727 3514 820 3585 auguli
847 3513 908 3569 cubi
932 3517 1096 3567 concurrunt
1118 3510 1152 3566 ad
1175 3525 1258 3565 unum
1284 3512 1414 3580 punctum
1437 3523 1464 3571 et
1487 3532 1571 3571 unum

128 3595 134 3605 '
221 3602 338 3671 undique
363 3598 453 3654 locum
480 3596 597 3666 explent
639 3595 781 3649 Rhombus
813 3605 875 3646 vero
899 3591 984 3646 habet
1007 3590 1061 3644 duo
1091 3604 1191 3659 genere
1214 3589 1391 3663 angulorum,
1421 3594 1572 3650 trilincaras

221 3681 332 3735 obtusos
356 3688 433 3748 octo,
467 3685 494 3733 et
518 3675 854 3747 quadrilineares1'acutos
885 3686 940 3726 sex.
983 3668 1070 3737 Igitur
1095 3667 1186 3723 obtusi
1215 3676 1332 3736 quatuor
1361 3680 1514 3742 congruunt
1538 3674 1572 3729 ad

221 3757 309 3814 locum
327 3758 499 3828 explendum,
526 3755 598 3811 acuti
615 3770 680 3809 raro
699 3768 760 3808 sex:
785 3749 865 3819 quale
883 3756 993 3806 annunt
1011 3742 1162 3803 seductum
1180 3763 1259 3817 apes,
1278 3748 1353 3806 cellis
1372 3752 1519 3822 contiguis,
1543 3759 1574 3807 ut

222 3854 302 3892 unam
320 3837 495 3891 circumstent
513 3850 529 3889 a
546 3833 629 3887 fundo
648 3840 705 3887 tres
723 3828 844 3883 adversis
863 3827 969 3894 fundis,
995 3841 1012 3880 a
1030 3825 1161 3881 lateribus
1179 3829 1227 3879 sc'x
1252 3835 1280 3881 et
1296 3837 1411 3897 possent
1427 3831 1509 3885 etiarn
1527 3845 1574 3886 an·

221 3918 306 3975 terius
324 3924 381 3973 tres
400 3913 469 3971 aliae
488 3908 661 3969 circumstare
679 3910 714 3965 ad
732 3908 847 3979 figuram
865 3905 1073 3971 absolvendam,
1096 3904 1150 3958 nisi
1167 3904 1239 3959 fores
1259 3909 1424 3975 oportuisset
1449 3925 1509 3964 esse
1527 3925 1574 3979 pa-

222 4007 320 4056 tentes.
356 3997 398 4052 Da
415 3995 468 4050 hac
486 4009 549 4049 vero
570 3991 718 4047 solidarum
737 3987 884 4057 figurarum
902 3984 1080 4052 congruentia
1098 3999 1148 4037 nos
1166 3982 1210 4037 hic
1228 4001 1282 4039 non
1301 3987 1414 4055 agimus.

309 4094 362 4154 Vl.
386 4087 588 4150 Definitio.
632 4082 848 4142 Perfectissima
876 4076 972 4137 solida
1001 4077 1191 4152 congruentia
1218 4076 1371 4159 solidaque
1399 4080 1492 4160 figura
1521 4089 1574 4155 cst,

225 4206 290 4249 cum
312 4185 400 4245 ctiam
422 4176 512 4255 plana
534 4171 723 4249 congruentia
744 4175 811 4228 snut
834 4165 964 4242 ejusdem
986 4163 1096 4241 figurae
1121 4164 1227 4224 omnia.

308 4289 377 4349 Vll.
401 4282 610 4345 Definitio.
655 4273 738 4333 Haec
753 4272 801 4332 vcl
817 4279 860 4330 est
881 4268 1022 4345 regularis
1037 4275 1109 4342 tota,
1133 4287 1199 4332 cum
1220 4274 1310 4351 plana
1332 4285 1400 4337 sunt
1421 4278 1574 4355 regularia,

222 4382 370 4456 habetque
393 4388 494 4434 omues
516 4365 639 4444 angulos
662 4365 692 4421 in
714 4360 816 4422 eadam
833 4358 992 4446 sphaerica
1015 4357 1166 4433 superficie
1190 4370 1219 4422 et
1240 4366 1315 4425 inter
1335 4383 1368 4425 sa
1390 4366 1509 4427 similes.

310 4481 393 4542 vul.
416 4473 618 4538 Definitio.
662 4466 719 4527 Vel
743 4473 788 4525 est
809 4462 1038 4537 semiregularis,
1070 4481 1135 4524 cum
1157 4466 1247 4543 plana
1269 4477 1336 4529 sunt
1358 4471 1577 4548 semircgularia

117 4612 121 4619 ,
223 4571 302 4654 (fide
325 4572 389 4630 pm·
413 4568 437 4626 1,
461 4564 517 4623 det,
542 4557 583 4639 3.)
612 4557 760 4630 habetque
784 4549 907 4627 angulos
931 4548 1042 4608 solidos
1064 4569 1184 4613 numero
1206 4555 1348 4615 linearum
1371 4557 1523 4619 distinctos
1547 4566 1578 4622 ct

225 4659 396 4731 dissimiles,
419 4670 478 4713 non
501 4659 597 4709 tamen
619 4643 747 4721 plurium
770 4656 858 4715 quam
874 4637 998 4696 duorum
1021 4655 1178 4727 gcnemm,
1193 4660 1246 4703 nec
1269 4646 1298 4701 in
1321 4646 1463 4721 pluribus,
1488 4664 1577 4724 quam

227 4750 340 4811 duabus
364 4741 524 4820 sphaericis
539 4731 756 4811 superficiebus,
779 4737 837 4787 uno
861 4733 960 4792 centro
976 4724 1135 4803 descriptis,
1161 4729 1324 4807 ordinatos;
1348 4741 1378 4793 et
1398 4734 1579 4811 singulorum

226 4853 364 4917 generum
385 4827 510 4907 angulos
533 4833 576 4884 tot
598 4835 726 4891 nurnero,
750 4821 822 4891 quot
843 4814 934 4908 babet
955 4827 1014 4871 una
1038 4815 1221 4910 regularium.

312 4920 375 4974 Nou
393 4914 499 4979 obstat,
527 4902 732 4974 congruentiam
749 4898 820 4952 hauc
839 4895 952 4951 solidam
980 4895 1202 4966 perfectissimam
1227 4900 1290 4955 dici:
1316 4916 1377 4955 uam
1396 4917 1466 4972 quaa
1485 4902 1577 4973 planis

228 5002 286 5071 ejus
303 4999 376 5053 inest
393 4987 575 5062 imperfectio,
600 4979 755 5038 solidationi
773 4993 827 5030 non
847 4976 928 5030 debet
947 4973 1071 5045 adscribi,
1100 4976 1148 5031 scd
1175 4978 1199 5030 ei
1218 4978 1322 5033 accidit.
1358 4982 1465 5052 Dicitur
1488 4992 1603 5056 umen„

228 5077 372 5148 requirooc
391 5069 589 5142 perfectissima
606 5064 675 5116 haec
693 5056 901 5125 semircgularis.

313 5167 372 5228 IX.
395 5160 599 5223 Definitio.
644 5152 776 5213 Perfecta
798 5150 942 5209 inferioris
964 5148 1072 5225 gradus
1095 5155 1152 5222 ast,
1184 5165 1248 5207 cum
1272 5149 1361 5226 plana
1379 5145 1527 5230 regularia
1549 5162 1580 5217 st

229 5258 328 5336 auguli
350 5270 452 5315 omnes
473 5252 503 5307 in
526 5245 628 5306 cadem
650 5238 801 5317 superficie
817 5237 969 5313 sphaerica
985 5244 1014 5295 et
1036 5238 1110 5294 inter
1131 5253 1163 5295 se
1185 5237 1294 5297 similes
1318 5242 1469 5315 suntsed
1491 5240 1581 5321 plana

230 5357 325 5408 nmen
340 5344 519 5403 diversarum
541 5328 710 5412 specierum,
733 5324 912 5403 singularum
928 5323 1046 5399 quidem
1068 5330 1111 5382 tot
1125 5331 1262 5399 numero,
1286 5335 1358 5403 quot
1379 5337 1454 5402 sunt,
1469 5332 1498 5388 in
1521 5348 1580 5392 ung
1633 5389 1640 5406 .

230 5423 696 5514 perfectissimarum-figurarum,
727 5431 767 5474 sc.
789 5428 847 5472 non
870 5413 964 5469 minus
987 5427 1074 5487 quarn
1099 5411 1132 5484 4,
1156 5420 1229 5487 quot
1250 5413 1287 5472 ad
1310 5417 1460 5478 minimum
1482 5418 1580 5496 plani·

230 5523 325 5596 tiebus
347 5516 444 5590 solida
466 5515 558 5591 ligura
579 5509 757 5570 terminatur.

316 5627 359 5687 X.
382 5618 592 5683 Definitio.
637 5607 810 5688 Imperfecta
832 5604 1021 5681 congruentia
1042 5620 1094 5664 scu
1109 5603 1202 5681 figura
1224 5612 1277 5680 cst,
1301 5625 1367 5667 cum
1390 5610 1493 5671 ceteris
1515 5628 1581 5670 ma·
1679 5656 1687 5673 .

231 5718 369 5781 nautibus
390 5708 485 5787 major
505 5706 599 5783 figura
619 5716 678 5759 non
700 5698 817 5775 saepius
840 5710 929 5771 quam
949 5690 1040 5753 semel
1061 5700 1113 5752 aut
1134 5693 1181 5753 bis
1203 5695 1357 5759 invenitur.
1389 5724 1393 5736 ·
1451 5744 1454 5748 .

1380 5801 1427 5863 gc
