3684 7259
603 1200 605 1204 ⁸
723 1219 913 1298 congruentia
949 1221 1032 1284 ouer
1047 1221 1084 1281 11.
1333 1175 1336 1182 ¹
1518 1226 1580 1289 lei
1635 1225 1637 1230 ’

222 1421 328 1482 genua
360 1409 389 1470 7.
403 1404 496 1466 Stella
510 1406 583 1483 ejm.
615 1407 644 1469 8.
660 1406 859 1484 Pautagouus.
887 1410 916 1468 9.
933 1405 1027 1468 Stella
1042 1406 1115 1483 ejm.
1149 1407 1197 1466 10.
1213 1393 1399 1482 Deoagbnns·
1426 1402 1583 1465 ludmila

227 1493 300 1569 ejus.
335 1496 384 1552 lu.
399 1492 581 1570 loosigouus.
748 1495 751 1508 '
1060 1552 1063 1558 ,

311 1578 422 1641 Omnes
442 1581 519 1641 aliae
540 1581 651 1658 figurae
680 1589 749 1641 sunt
767 1583 968 1658 incongruae,
999 1582 1148 1658 proximus
1180 1587 1277 1641 tamen
1308 1582 1513 1656 congruentiae
1537 1584 1595 1650 ent⁴

223 1668 551 1748 pentelraedeoagonus,
581 1668 651 1747 quia
680 1672 782 1746 incipit
809 1686 967 1746 congruere
998 1669 1151 1729 corneliis
1174 1671 1203 1726 iu
1230 1669 1335 1746 plano:
1361 1674 1393 1726 at
1420 1666 1582 1726 excluditur

224 1773 276 1832 per
299 1758 349 1815 23.
374 1772 433 1834 quo
461 1760 555 1815 minus
578 1766 611 1816 ut
633 1760 800 1833 icosigonns
824 1760 901 1833 cingi
922 1755 1051 1834 undique
1074 1757 1236 1833 aequaliter
1257 1756 1359 1834 possit.
1394 1737 1477 1814 'Post
1499 1752 1582 1818 illum

225 1852 270 1902 cst
292 1842 385 1919 figura
410 1847 448 1903 16
470 1843 595 1904 laterum
617 1854 646 1904 et
668 1844 797 1923 similes,
827 1862 902 1921 quae
924 1844 1011 1921 plane
1040 1861 1098 1903 nou
1129 1853 1292 1920 congruunt
1313 1860 1380 1902 cum
1401 1841 1582 1919 regularibus

225 1931 300 2005 aliis,
324 1930 500 2009 impediente
522 1932 722 2009 magnitudine
745 1933 928 2008 angulorum.
957 1932 998 1990 At
1020 1931 1205 2010 heptagonus
1228 1940 1257 1991 et
1279 1929 1390 1991 similes
1412 1929 1499 2006 longe
1522 1928 1582 1990 alia
1624 1957 1632 1981 ι

226 2020 338 2078 ratione
359 2026 428 2078 sunt
451 2023 627 2096 incongruae
649 2020 773 2097 figurae,
805 2023 873 2096 quia
903 2036 957 2079 nec
986 2022 1040 2078 toti
1072 2019 1172 2096 auguli
1200 2036 1253 2079 uec
1280 2026 1377 2096 partes
1407 2017 1583 2094 angulorum

226 2105 385 2182 aliquotae,
410 2109 543 2185 propriae
565 2107 731 2184 figurarum,
755 2125 822 2167 cum
843 2106 910 2166 aliis
932 2107 1114 2184 regularibus
1137 2115 1308 2183 congruunt.
1652 2169 1654 2180 ,

312 2194 360 2253 Ita
381 2197 410 2251 in
433 2197 526 2254 tribua
548 2213 599 2273 per
613 2213 645 2256 se
659 2195 927 2256 demonstrabilium
943 2194 1086 2255 classibus
1102 2194 1209 2255 desiuit
1223 2194 1421 2272 congruentia,
1445 2195 1474 2250 in
1498 2202 1582 2252 octo·
1616 2257 1620 2268 ,

226 2298 321 2357 gono,
351 2280 558 2359 dodecagouo,
588 2286 757 2362 lcoslgouo,
790 2286 820 2341 iu
854 2290 959 2359 quarto
989 2285 1090 2360 spurio
1120 2287 1163 2364 uev
1194 2284 1301 2360 incepit
1329 2279 1454 2358 quidem.
1500 2280 1596 2363 Haeo·

226 2368 300 2440 libro
323 2368 376 2428 IV.
400 2371 429 2426 iu
452 2370 568 2430 delectu
589 2378 761 2449 aspectuum
783 2387 868 2431 suum
891 2388 975 2429 usum
997 2370 1115 2430 babent

312 2454 424 2516 XXX.
446 2456 748 2520 Consectarium.
793 2457 837 2517 Ex
859 2459 905 2518 his
926 2460 1085 2534 genuinum
1109 2457 1261 2518 discrimen
1290 2464 1411 2536 apparet
1433 2458 1507 2516 iuter
1529 2456 1583 2517 de-

228 2546 467 2604 monstrationem
490 2553 520 2604 et
541 2548 759 2622 congruentiam
781 2545 939 2622 figurarum
961 2557 1051 2606 causa
1073 2544 1244 2605 latitudinis.

311 2630 387 2690 Nam
419 2636 447 2691 1.
478 2630 733 2693 demonstrationis
762 2635 894 2712 propriae
924 2633 1032 2710 gradus
1062 2633 1138 2692 ultra
1168 2639 1360 2709 octogonum,
1391 2627 1581 2708 decagonum,
1661 2627 1674 2636 '

228 2716 448 2797 dodcoagouum
469 2722 499 2778 iu
521 2720 629 2797 figuras
653 2720 806 2800 duplorum
828 2721 951 2780 laterum
974 2724 1002 2778 in
1026 2720 1169 2780 infinitum
1191 2727 1361 2794 excurrunt;
1392 2720 1581 2795 congruentia
1637 2721 1644 2729 '
1681 2784 1684 2788 ,

228 2808 256 2863 in
279 2813 440 2883 octogono,
463 2808 630 2884 icoeigono‚
660 2808 850 2885 dodecagono
872 2810 1014 2868 subsistit.
1060 2811 1089 2867 2.
1112 2802 1301 2885 Pentagonus
1324 2823 1390 2867 cnm
1412 2806 1497 2866 stella
1518 2823 1582 2883 rua,

228 2910 316 2952 causa
338 2894 593 2955 demonstrationis
615 2903 645 2964 et
666 2898 821 2969 scientiae,
850 2904 895 2956 cst
919 2896 1075 2972 ignobilior
1106 2894 1311 2972 dodecagono:
1343 2911 1434 2954 causa
1455 2909 1591 2972 congru·¹

229 2983 325 3041 entiae
357 2986 386 3041 iu
409 2979 504 3043 solido
533 2992 578 3044 est
607 2983 700 3043 multo
727 2984 862 3044 nobilior.
907 2986 935 3042 3.
968 2980 1138 3060 Octogonus
1161 2985 1201 3044 ibi
1223 2984 1354 3061 sequitur
1376 2988 1583 3064 pentagonum,

228 3068 275 3127 hic
297 3069 453 3132 antecedit
499 3072 528 3129 t.
550 3068 843 3149 Hekkaedecagouns
866 3070 912 3138 ibi
930 3079 992 3130 erat
1012 3073 1126 3148 potiore
1149 3069 1223 3149 loco,
1248 3066 1531 3147 quamicoslgouua:
1554 3073 1584 3130 et

230 3166 325 3217 tamen
348 3157 400 3217 illa
416 3167 467 3218 -est
488 3157 582 3236 ligura
604 3150 787 3238 incongrua,¹
807 3160 880 3218 bace
910 3176 1038 3234 congrua
1067 3158 1289 3235 quadamtenus.
1337 3157 1364 3216 5.
1394 3156 1436 3217 At
1457 3160 1487 3216 in
1510 3174 1584 3237 peu-

230 3244 467 3322 teiaedecagono
490 3244 612 3323 pulchra
635 3249 742 3306 estrei
764 3250 916 3323 utriusque
939 3248 1152 3328 convenientia,
1176 3246 1344 3324 analogiam
1366 3260 1487 3306 servans
1511 3261 1591 3306 ean-‘

230 3330 307 3407 dem,
338 3334 416 3409 quia·
437 3335 510 3392 inter
540 3332 799 3395 demonstrationes
829 3333 911 3393 nnlla
940 3334 983 3392 illi
1007 3333 1127 3394 obvertit
1152 3336 1290 3413 propria,
1315 3333 1367 3393 sed
1389 3331 1584 3394 accidentaria

229 3418 348 3495 saltem3
371 3423 446 3479 inter
468 3437 537 3480 voro
560 3424 764 3497 congruentias
786 3421 868 3481 nulla
890 3430 1101 3501 consummata,
1122 3421 1174 3482 sed
1198 3422 1303 3498 aliqua
1320 3419 1425 3506 saltem
1446 3419 1585 3482 inchoata

230 3523 283 3567 nec
303 3516 396 3568 totam
425 3507 548 3584 liguram
577 3525 731 3587 occupans.
777 3508 862 3570 Haec
891 3511 965 3569 inira
987 3505 1068 3571 libro'
1084 3508 1138 3573 111.
1169 3510 1198 3569 iu
1221 3518 1286 3570 ortu
1310 3518 1338 3570 et
1360 3526 1415 3569 usu
1438 3509 1583 3570 semitonii

229 3599 295 3664 spot
316 3594 455 3656 notanda.

754 3895 863 3957 Finis
891 3895 986 3957 libri
1017 3895 1058 3970 II.
