3684 7259
257 1257 322 1323 m
669 1253 711 1307 De
729 1252 992 1321 Comparationum
1010 1256 1188 1312 &maisi

255 1437 419 1515 praelectae
449 1441 526 1493 mut
571 1431 617 1489 De
645 1432 774 1508 principe
797 1432 915 1507 quidem
941 1418 1056 1494 animae
1085 1436 1239 1509 tamicae,
1273 1454 1350 1513 quae
1378 1456 1460 1496 mem
1490 1438 1611 1518 dicitur,

255 1523 452 1604 praeterita,
475 1537 551 1597 quse
574 1536 664 1596 supra
687 1523 797 1594 capi.
821 1538 857 1577 ex
879 1520 986 1588 Proelo
1007 1524 1107 1594 attuli,
1131 1522 1203 1580 nibil
1226 1524 1363 1582 admonet
1384 1529 1537 1602 negotium
1558 1545 1610 1588 ra-

254 1612 427 1682 diationum,
450 1607 530 1685 quod
553 1607 649 1664 dicam
671 1608 808 1681 amplius.
852 1607 906 1665 Est
930 1609 981 1667 illa
1002 1623 1151 1688 puuctum,
1175 1622 1207 1668 ut
1227 1631 1325 1686 mma,
1347 1625 1392 1670 cst
1414 1615 1552 1687 etenim,
1575 1624 1611 1673 ut

253 1702 454 1770 ratiocinatum
486 1708 531 1754 cst
553 1698 666 1769 imago,
690 1694 789 1751 vultus
812 1693 920 1767 diriui3
951 1710 996 1755 est
1018 1698 1185 1769 bnmcuia,
1208 1700 1307 1774 quoad
1328 1705 1476 1777 energiam
1497 1710 1608 1776 unam

234 1799 322 1846 'sunt
343 1790 372 1844 iu
396 1804 433 1845 ea
455 1784 539 1842 ideae
561 1793 590 1841 et
611 1784 727 1857 specics
749 1781 984 1855 mathematicae,
1007 1803 1059 1860 per
1082 1786 1238 1860 circulum
1265 1788 1317 1845 dat
1346 1788 1397 1845 illu
1425 1788 1524 1858 bisce,
1556 1789 1610 1847 dat

253 1888 283 1934 et
304 1875 463 1933 bumoniis
494 1889 552 1929 erre
573 1885 658 1928 suum
682 1869 887 1928 intellectuale.
932 1868 1016 1930 Haec
1045 1876 1143 1931 omnia
1165 1878 1291 1949 requirat
1319 1876 1410 1933 lector
1431 1894 1467 1933 ex
1490 1879 1610 1952 superi-

253 1966 373 2035 oribus,
405 1961 454 2020 bic
475 1959 606 2035 pluribus
629 1972 687 2013 nou
711 1968 755 2013 cst
778 1973 862 2029 opus.
907 1955 1007 2017 Unum
1029 1960 1085 2029 boc
1107 1979 1212 2019 moneo
1236 1961 1272 2019 de
1294 1961 1392 2021 Prodi
1415 1971 1608 2038 argumenta-

252 2053 350 2109 tione:
382 2068 441 2108 non
464 2046 557 2105 rideri
581 2044 663 2101 illam
686 2045 740 2100 uiti
765 2044 849 2100 bonis
869 2046 1023 2124 exemplis,
1045 2048 1113 2104 dum
1135 2048 1269 2120 inculcat
1292 2050 1360 2107 ideo
1374 2050 1477 2122 lineas,
1500 2065 1608 2129 super*

252 2139 515 2213 beies1etpuucta
538 2135 566 2189 in
589 2134 688 2189 anima
709 2131 882 2201 statuenda,
906 2138 978 2207 quia
1000 2138 1029 2191 iu
1051 2137 1207 2194 sensilibus
1230 2136 1327 2195 nullae
1350 2156 1441 2213 purae
1464 2149 1493 2196 et
1516 2156 1608 2216 sepa·

252 2239 334 2285 ratae
355 2223 532 2302 superficies,
556 2220 650 2277 lineae
675 2217 721 2275 rel
746 2231 854 2293 puncta
874 2221 942 2276 sinc
988 2224 1079 2297 Atqui
1102 2241 1155 2281 uec
1178 2227 1206 2281 in
1229 2227 1328 2282 anima
1349 2235 1395 2283 est
1417 2226 1495 2283 linea
1519 2244 1606 2302 pura,

252 2332 284 2373 se
307 2318 371 2390 ipsa
393 2314 565 2381 subsistens,
586 2305 638 2365 sed
662 2308 790 2362 inexistit
806 2308 835 2361 in
850 2307 1003 2383 superficie
1019 2311 1148 2377 mentali,
1172 2311 1323 2386 cujus·est
1345 2316 1524 2389 extremitas,
1546 2331 1606 2371 nou

252 2405 347 2460 minus
374 2417 463 2475 quam
491 2401 521 2454 in
549 2394 707 2453 sensilibus
734 2395 968 2467 quantitatibus·
991 2401 1138 2473 corporeis
1166 2401 1240 2458 inest
1276 2399 1443 2476 superficies
1471 2418 1554 2458 mera
1575 2404 1606 2457 in

195 2506 197 2509 ·
252 2490 435 2548 extremitate
458 2485 596 2560 corporis,
619 2479 698 2538 linea
720 2496 799 2537 mera
824 2484 851 2536 iu
874 2488 1056 2543 extremitate
1078 2485 1255 2562 superficiei,
1277 2499 1418 2560 punctum
1440 2505 1553 2545 merum
1575 2490 1606 2544 iu

252 2588 381 2637 extremo
404 2574 514 2632 lineae:
549 2569 782 2646 imperiectarum
815 2571 893 2627 enim
915 2576 1111 2644 quantitatum
1134 2591 1193 2630 esre
1215 2583 1259 2630 est
1281 2568 1375 2631 inerte
1403 2577 1434 2631 in
1456 2576 1605 2650 perfectis.

251 2665 370 2724 Scilicet
396 2678 504 2738 genera
526 2658 644 2734 quidem
666 2654 873 2726 mathematica
895 2654 954 2714 uon
977 2670 1044 2716 sunt
1066 2660 1152 2718 aliter
1174 2663 1205 2719 iu
1228 2663 1339 2732 anima,
1370 2678 1459 2737 quam
1482 2666 1604 2721 unirer·

251 2753 326 2811 salia
347 2755 445 2811 cetera
466 2755 684 2823 conceptusque
706 2746 789 2814 rarii,
813 2744 952 2803 abstracti
968 2764 987 2802 a
1002 2747 1179 2825 sensilibus,
1201 2757 1232 2806 at
1254 2751 1415 2823 specierum
1438 2749 1605 2809 matbema-

249 2843 372 2900 ticarum
394 2836 455 2907 illa,
482 2852 558 2911 quae
580 2829 707 2892 circulus
723 2828 836 2903 dicitur,
860 2831 947 2907 longe
963 2833 1023 2891 alia
1044 2838 1156 2893 ratione
1179 2840 1254 2895 inest
1269 2839 1393 2909 animae,
1416 2853 1474 2895 nou
1491 2846 1605 2896 tantum

249 2938 283 2985 ut
305 2926 372 2985 idea
393 2941 489 2983 rerum
511 2932 704 2989 ertemarum,
728 2916 892 2977 sedetiam
915 2931 947 2977 ut
969 2922 1061 2979 iorma
1084 2922 1230 2998 quaedam
1253 2926 1344 2999 ipsius
1368 2926 1494 2997 animae,
1519 2923 1605 2983 deni·

249 3032 307 3091 que
341 3023 376 3072 ut
401 3012 612 3088 promtuarium
645 3009 761 3061 uuic'um
797 3011 891 3065 omnis
923 3012 1120 3084 geometricae
1158 3019 1187 3069 et
1219 3011 1419 3068 arithmeticae
1451 3014 1604 3083 scientiae,

249 3118 373 3177 quorum
395 3098 469 3157 illud
490 3101 519 3154 iu
543 3095 674 3153 doctnna
697 3095 830 3164 sinuum,
860 3094 916 3153 hoc
945 3099 975 3153 in
998 3097 1124 3156 mirabili
1156 3097 1393 3172 lugaritbmorum
1417 3102 1535 3174 negotio
1559 3107 1605 3159 est

248 3188 515 3254 evidentissimum,
546 3194 578 3241 ut
601 3185 630 3240 in
654 3180 759 3256 quibus
792 3198 827 3236 cx
851 3183 960 3241 circulo
992 3187 1061 3241 ortis
1093 3186 1205 3254 abacus
1226 3186 1344 3260 quidam
1376 3189 1450 3245 inest
1473 3190 1606 3244 omnium

249 3273 527 3352 multiplicationum
551 3280 580 3330 et
603 3269 797 3336 divisionum,
829 3286 906 3343 quae
929 3287 1058 3345 unquam
1081 3271 1141 3331 fieri
1165 3274 1302 3349 possunt,
1334 3273 1424 3331 veluti
1444 3274 1509 3348 jam
1531 3291 1604 3332 con-

249 3359 481 3431 iectarum.1Sed
497 3359 568 3417 satis
585 3356 622 3415 de
644 3357 775 3433 principe
797 3357 913 3415 animae
936 3357 1091 3430 laeultate;
1118 3363 1270 3417 veniamus
1292 3378 1370 3417 nunc
1391 3360 1428 3419 sd
1445 3361 1604 3420 interiores

336 3447 475 3509 Facultas
497 3448 598 3521 itaque
622 3440 721 3500 vitalis
746 3446 774 3498 in
791 3443 908 3502 homine
931 3463 989 3502 non
1005 3446 1171 3505 harmonias
1187 3454 1300 3512 tantum
1315 3447 1404 3505 radiis
1426 3447 1533 3505 lucidis
1557 3451 1604 3505 iu-

252 3537 371 3597 volutas
393 3553 492 3594 secum
514 3532 612 3603 habet,
634 3527 685 3589 sed
709 3535 797 3587 etiam
821 3528 998 3600 harmonias,
1022 3550 1159 3592 sotiorum
1182 3537 1335 3610 speciebus
1357 3537 1544 3598 incrustatas.
1567 3534 1606 3593 Et

248 3642 338 3683 sonos
360 3622 478 3700 quidem
501 3622 620 3679 auribus
643 3617 740 3676 haurit
762 3627 795 3675 ut
819 3618 966 3692 objectum
989 3623 1146 3698 proprium,
1179 3621 1276 3679 radios
1299 3639 1369 3681 cero
1391 3619 1523 3686 siderum
1542 3638 1605 3680 uon

249 3719 282 3771 ut
304 3713 397 3771 oculis
421 3728 486 3783 cos,
517 3707 570 3768 sed
592 3717 626 3765 ut
649 3705 699 3762 illo
728 3706 792 3780 ipso
815 3704 1010 3782 perceptionis
1039 3708 1128 3785 paulo
1150 3712 1284 3786 superius
1306 3707 1469 3787 expll'dae
1493 3712 1604 3769 obscu-

249 3802 316 3859 riori
340 3798 427 3859 modo
449 3796 592 3866 admittit,
621 3791 659 3851 ad
686 3791 856 3851 barmoniae
887 3805 1028 3853 connatas
1051 3795 1132 3853 ideas
1155 3790 1311 3854 examinat.
1355 3794 1433 3856 llam
1452 3814 1498 3869 ea,
1523 3813 1600 3873 quae

249 3887 383 3946 videntur
406 3883 508 3955 oculis,
532 3884 662 3941 serviunt
685 3878 838 3951 discursui,
862 3879 1079 3940 harmoniarum
1101 3884 1213 3959 agnitio
1235 3886 1299 3942 sine
1321 3883 1453 3942 discursu
1476 3893 1530 3944 est
1554 3883 1629 3953 Sic,

248 3976 379 4033 innatam
401 3989 465 4032 esse
488 3968 569 4046 pullo
591 3968 756 4044 gallinaceo
781 3967 877 4027 ideam
899 3967 997 4042 milvi,
1033 3973 1131 4027 sciscit
1158 3968 1189 4030 J.
1214 3964 1246 4030 css
1270 3970 1418 4045 Scaliger3
1446 3989 1504 4029 non
1522 3967 1603 4030 'eam

249 4061 367 4139 quidem
391 4057 561 4141 simplicem,
585 4055 636 4115 sed
659 4071 726 4113 cum
748 4065 818 4113 nota
840 4056 997 4145 fugiendae
1012 4058 1157 4132 perniciei.
1202 4056 1279 4117 Hinc
1303 4061 1390 4135 igitur
1412 4059 1521 4117 babent
1546 4060 1604 4118 boc

249 4153 365 4215 animae
387 4147 546 4218 humanae,
579 4142 658 4220 quod
681 4141 736 4199 sub
759 4152 875 4236 tcmpup
897 4154 1068 4221 aspectuum
1091 4143 1268 4212 coelestium
1285 4149 1460 4222 praecipuus
1483 4148 1604 4223 capiunt

248 4239 374 4313 impetus
396 4234 434 4293 ad
457 4234 590 4310 negotia,
624 4246 701 4308 quae
730 4228 786 4288 sub
816 4231 951 4290 manibus
972 4222 1097 4304 liabent,
1126 4234 1301 4309 peragenda
1347 4231 1432 4307 Quod
1461 4236 1538 4293 enim
1562 4241 1605 4294 est

249 4325 319 4382 bovi
341 4321 490 4393 stimulus,
525 4335 600 4394 equo
625 4318 722 4377 calcar
743 4324 794 4374 aut
818 4317 993 4391 celetismus,
1017 4320 1102 4376 militi
1124 4329 1294 4397 tympanum
1310 4329 1338 4379 et
1362 4320 1526 4392 classicum,
1549 4337 1604 4381 au-

249 4411 391 4471 ditoribus
415 4411 510 4467 oratio
533 4409 690 4479 incentiva,
715 4405 816 4464 turbae
839 4409 1012 4466 rusticorum
1036 4407 1195 4467 modulatio
1220 4426 1271 4485 per
1292 4406 1437 4481 fistulam,
1462 4408 1602 4468 utriculos

250 4507 279 4558 et
302 4497 478 4576 panduram,
512 4495 569 4553 hoc
592 4504 636 4551 est
658 4495 818 4565 universis,
854 4497 1010 4571 praecipue
1035 4511 1102 4554 vero
1126 4497 1154 4552 in
1178 4512 1268 4552 uuum
1293 4498 1493 4575 congregatis,
1529 4514 1601 4555 con-

249 4585 385 4662 figuratio
409 4584 542 4645 eoelestis
565 4581 734 4640 idoneorum
757 4580 956 4656 planetarum
990 4591 1022 4640 ut
1044 4591 1073 4641 et
1095 4581 1201 4658 singuli
1229 4586 1257 4639 in
1281 4585 1342 4641 suis
1358 4584 1598 4643 meditationibus

250 4674 404 4750 operisque
428 4674 590 4743 incitentur,
614 4676 642 4727 et
665 4671 791 4727 universi
815 4668 853 4726 ad
875 4670 1101 4745 conspirandum
1115 4669 1328 4745 sociandasque
1352 4669 1485 4729 dexteras
1501 4688 1602 4747 prom·

249 4749 338 4821 tiores
360 4760 441 4819 fiant
486 4759 590 4834 ltaque
614 4758 642 4813 in
666 4756 770 4815 militia
793 4757 893 4815 videas
916 4756 1087 4834 plerumque
1110 4756 1236 4835 proclia,
1266 4753 1396 4833 pu'gnas,
1420 4760 1598 4831 invasiones,
1642 4798 1646 4805 -

242 4844 393 4934 pauitus,
428 4847 676 4923 expugnationes,
706 4841 864 4917 tumultus,
894 4847 1014 4922 panicus
1045 4855 1167 4904 terrores
1195 4846 1250 4902 sub
1273 4852 1404 4923 tempora
1426 4854 1598 4923 aspectuum

248 4929 354 4994 Martis
376 4943 405 4994 et
427 4934 580 5004 Mercurii,
611 4929 699 4990 Jovis
723 4941 752 4990 et
774 4928 895 5005 Martis,
926 4931 1003 4990 Solis
1027 4941 1055 4990 ct
1078 4931 1198 5005 Martis,
1227 4932 1342 4990 Saturni
1366 4941 1397 4991 et
1418 4933 1523 5005 blattis
1545 4929 1599 4994 etc.

251 5025 390 5097 cristete3
423 5025 451 5080 in
475 5020 645 5099 epidemicis
669 5021 777 5077 morbis
808 5018 905 5092 plures
935 5027 1064 5094 tempore
1088 5018 1252 5077 validorum
1279 5029 1450 5095 aspectuum
1474 5020 1595 5080 decum-
1647 5009 1652 5023 '

250 5108 335 5182 bere,
365 5112 483 5187 gravius
506 5105 651 5184 torqueri,
683 5115 735 5165 aut
764 5108 851 5164 ctiam
884 5107 972 5177 mori,
1003 5116 1106 5164 natura
1135 5124 1176 5165 sc.
1200 5106 1350 5166 deficiente
1379 5110 1407 5163 in
1431 5108 1601 5169 luciacum

250 5198 365 5269 morbo,
397 5196 544 5271 adquam
568 5195 676 5253 luctam
707 5191 775 5272 (non
801 5210 869 5251 vero
892 5193 930 5251 ad
952 5190 1089 5276 mortem)
1118 5196 1254 5252 incitatur
1283 5195 1321 5252 ab
1344 5204 1472 5270 aspectu.
1518 5194 1601 5271 Quae

250 5285 348 5344 omnia
370 5301 428 5342 non
451 5283 563 5343 coelum
587 5285 681 5359 ipsum
705 5283 775 5340 lacit
796 5282 858 5339 sine
882 5280 996 5354 medio,
1024 5283 1076 5340 sed
1106 5274 1220 5341 animae
1250 5281 1374 5340 facultas
1398 5284 1510 5356 vitalis,
1534 5286 1612 5353 cum,

251 5371 426 5431 coelestibus
448 5370 606 5430 harmoniis
630 5386 718 5445 opera
741 5384 796 5427 sua
818 5371 1005 5436 consocians,
1036 5372 1228 5447 principatum
1259 5376 1337 5427 tenet
1359 5370 1387 5426 in
1411 5370 1480 5443 hoc,
1510 5371 1600 5449 vulgo

249 5461 292 5519 sio
316 5458 403 5533 dieto,
426 5458 537 5517 influxu
562 5456 645 5516 coeli.
670 5453 787 5516 Scilicet
810 5454 884 5516 baec
908 5474 966 5515 vox
989 5456 1113 5516 influxus
1136 5454 1291 5516 iascinaiit
1312 5456 1502 5535 philosophos
1525 5476 1601 5518 non-

250 5545 365 5619 nullos,
397 5553 429 5604 ut
452 5561 518 5605 cum
539 5545 700 5621 ineptiente
723 5543 811 5619 vulgo
835 5545 891 5621 ipsi
915 5547 1054 5619 insanire,
1091 5562 1178 5620 quam
1208 5541 1321 5603 mecum
1343 5562 1446 5621 sapere
1469 5544 1598 5606 mallent.

251 5632 381 5710 Quorum
399 5649 470 5692 sane
487 5649 581 5709 ⁸quam
604 5630 716 5690 infirma
740 5640 784 5690 cst
806 5640 926 5695 catena:
959 5640 1037 5690 astra
1064 5650 1150 5709 agere
1174 5634 1202 5689 in
1226 5635 1337 5705 adrem,
1371 5631 1448 5693 hunc
1463 5634 1499 5690 'in
1515 5629 1600 5699 ,teni-

249 5728 450 5801 persmeutum
472 5722 618 5797 corporis,
641 5717 698 5778 boc
716 5716 779 5793 jem
802 5720 832 5774 in
853 5719 990 5777 animam
1034 5714 1105 5779 Esto
1128 5719 1184 5778 hoc
1206 5720 1235 5775 in
1254 5719 1449 5796 quibusdam,
1472 5728 1504 5780 at
1525 5715 1598 5799 quid
