3684 7259
146 1284 150 1293 ,
184 1216 247 1288 ιιι
716 1215 769 1269 no
774 1214 998 1286 proportionibus

272 1384 304 1438 ln
322 1382 457 1440 abstracto
476 1385 515 1440 sic
532 1385 704 1454 intelligatur,
723 1390 794 1458 quod
807 1388 924 1444 circulos
941 1404 1003 1444 cum
1021 1344 1099 1458 parto
1116 1403 1166 1444 sua
1184 1389 1334 1444 conantuat
1345 1385 1538 1456 proportiones

184 1468 274 1517 certos
293 1461 474 1530 harmonicas,
502 1478 584 1532 quae,
609 1464 635 1519 in
655 1467 859 1538 quibuscunque
877 1469 1049 1525 inveniantur
1071 1466 1192 1551 terminis
1219 1467 1291 1569 aliis,
1315 1481 1365 1521 seu
1389 1464 1463 1519 sonia
1488 1479 1541 1519 seu

183 1532 307 1647 mouens
325 1538 420 1607 mutis,
439 1555 545 1610 semper
562 1542 616 1595 siut
634 1544 813 1601 harmonicae.

275 1616 390 1671 Additur
407 1623 498 1671 autem
515 1617 568 1673 hoe
586 1621 692 1676 axioma
708 1624 782 1685 ideo
811 1624 875 1693 quia
893 1641 948 1681 neu
967 1638 1060 1678 omnes
1084 1623 1275 1703 proportiones
1301 1622 1476 1677 harmonicae
1494 1638 1542 1676 nm

188 1696 305 1754 mediate
330 1712 365 1751 ex
382 1696 443 1763 ipso
460 1688 560 1751 circulo
586 1700 708 1755 oriuntur
725 1702 811 1769 prima
829 1703 920 1757 statim
947 1703 1007 1771 ejus
1030 1703 1150 1758 sectione
1175 1717 1224 1770 per
1241 1700 1355 1771 figuram
1379 1702 1542 1791 regularem,

189 1776 238 1832 sed
257 1774 389 1830 accedunt
407 1776 513 1843 aliquae
532 1792 566 1831 ex
585 1793 614 1830 se
632 1778 766 1847 prioribus
785 1790 952 1850 propagatae
970 1795 1057 1852 usque
1076 1771 1111 1835 ad
1129 1787 1230 1835 cenam
1247 1789 1360 1843 metam,
1385 1781 1461 1834 utin
1480 1797 1543 1850 pro·
1627 1769 1641 1841 ’,

188 1853 368 1926 positionibus
387 1854 542 1911 ridebimus
579 1856 651 1912 Usus
669 1859 810 1915 axiomatis
829 1860 915 1915 estin
935 1872 1044 1929 propos
1063 1861 1088 1916 7.
1107 1860 1130 1914 8

165 1974 192 2017 ‘.
276 1931 433 1989 Axioma
457 1929 508 1987 Vl.
555 1930 628 1991 Cum
651 1931 723 1993 dnae
745 1935 870 1995 chordae
893 1952 983 1995 sonos
1009 1932 1152 1994 ediderint
1173 1933 1334 2006 identieos,
1365 1948 1432 1992 vox
1448 1936 1543 2004 tertia,

189 2032 352 2077 ιοιιιοιιιιιιι
375 2034 472 2077 sarum
494 2020 562 2090 uni,
587 2022 757 2081 consonabit
779 2033 808 2082 et
830 2022 927 2095 alteri,
952 2022 1106 2080 dissonans
1122 2039 1191 2081 vero
1215 2021 1253 2079 ab
1276 2036 1350 2093 una,
1383 2021 1547 2080 dissonabit

189 2111 220 2164 ιι
233 2104 272 2163 ab
294 2102 394 2174 altera,
417 2103 669 2181 qualibuscunque
692 2109 815 2167 diuersis
837 2112 925 2170 etiam
949 2110 1146 2168 consonantiis
1171 2108 1217 2167 vel
1240 2107 1439 2167 dissonantiis.
1496 2099 1498 2120 '

114 2193 118 2201 ’
275 2185 355 2249 Nota,
373 2185 400 2239 in
419 2186 541 2255 subjecto
559 2190 624 2257 poni
641 2192 758 2259 speciem
776 2192 930 2261 identisoni,
948 2191 977 2244 in
995 2190 1151 2259 praedicato
1170 2205 1257 2261 genus
1276 2190 1406 2257 consoni,
1428 2197 1460 2244 ut
1477 2190 1546 2245 haee

183 2262 246 2342 ‘dno
265 2263 458 2331 intelligamus:
482 2266 583 2335 primo,
606 2270 770 2337 consequi:
796 2269 865 2325 duae
889 2276 1041 2324 consonant
1063 2270 1301 2339 qualitercunque,
1327 2282 1390 2336 ergo
1415 2275 1443 2322 et
1465 2269 1549 2324 tertia

184 2342 324 2397 consuunt
341 2344 462 2412 utrique,
487 2343 532 2397 sel
551 2344 672 2401 dissonat
689 2350 723 2401 ab
743 2356 866 2418 utraque.
903 2350 963 2402 lloc
981 2349 1050 2402 enim
1078 2357 1119 2403 est
1137 2346 1235 2403 falsum
1261 2346 1426 2415 degenere,
1454 2363 1548 2403 verum
1582 2359 1584 2363 ’
1613 2411 1614 2414 ¹

192 2435 256 2490 nero
275 2422 308 2476 ds
326 2423 416 2492 speeie
434 2423 662 2492 identisonorum3
682 2427 778 2485 deinde
795 2444 844 2484 nec
863 2430 915 2483 hoc
934 2430 1072 2496 seqnitur:
1098 2428 1120 2480 si
1138 2424 1219 2480 tertia
1237 2432 1369 2478 consonat
1387 2424 1434 2478 uni
1452 2424 1549 2480 identi-

194 2516 322 2557 sonorum
341 2501 432 2572 aliqua
449 2513 524 2557 certa
542 2508 728 2573 consonantia,
746 2507 908 2563 consonabit
926 2514 955 2560 et
966 2503 1044 2560 alteri
1063 2504 1157 2558 eadem
1170 2504 1260 2573 speeie
1275 2497 1476 2568 consonantiae,
1495 2504 1550 2559 hoc

193 2580 262 2635 euim
281 2597 335 2635 nou
354 2597 462 2652 semper
479 2598 571 2638 rerum
591 2591 670 2646 esset,
689 2584 924 2652 quoddeclarabo
944 2584 1076 2653 exemplo,
1097 2584 1159 2639 licet
1176 2600 1210 2639 ex
1222 2583 1387 2652 anticipato:
1407 2584 1462 2638 sint
1480 2581 1551 2636 durae

191 2671 281 2726 roceo,
301 2659 432 2717 iacientes
452 2662 582 2732 diapason
602 2663 627 2718 G
645 2669 719 2734 etp·
743 2664 778 2717 sit
795 2663 924 2726 tertiasi,
941 2662 987 2716 illa
1004 2661 1070 2718 iacit
1093 2678 1153 2717 cum
1174 2661 1198 2718 G
1216 2661 1356 2730 diapente,
1384 2677 1448 2728 ergo
1468 2661 1551 2715 etiam

191 2746 367 2827 pecusonat,
386 2747 415 2793 at
433 2756 486 2794 non
504 2757 554 2811 per
571 2741 705 2812 diapente,
724 2742 774 2797 sed
791 2757 840 2812 per
859 2727 1042 2798 diatessaron
1076 2741 1148 2796 Usus
1167 2748 1259 2795 autem
1284 2739 1447 2810 praecipuus
1467 2741 1550 2809 hrrJ'us

194 2813 339 2869 axiomatis
358 2823 400 2869 est
418 2834 493 2888 prop
514 2819 539 2873 4.

213 2923 215 2928 -
284 2890 448 2951 Αιιοιιιι
471 2891 537 2952 Vll.
567 2895 656 2954 .Cum
685 2895 761 2956 duae
784 2866 909 2981 chordae
932 2893 1092 2954 advoces
1115 2892 1258 2955 ediderint
1286 2910 1375 2953 sonos
1398 2891 1552 2967 identicos,
1582 2890 1583 2894 ’

167 2986 254 3122 4’ἷὶιέι
269 2978 364 3051 ιιιιιι,
387 2982 514 3125 ιέιιιιιιι
529 2999 594 3041 cum
618 2983 732 3043 illorum
748 3000 807 3043 una
828 2983 1003 3056 identisona,
1025 2984 1114 3043 etiam
1136 2998 1200 3040 cum
1215 2979 1328 3039 illarum
1351 2979 1445 3040 altera
1468 2980 1553 3040 iden-

237 3079 402 3132 econsona
426 3069 447 3125 it

283 3144 388 3215 Quod
380 3164 408 3202 m
425 3148 508 3217 priori
526 3150 661 3205 axiomate
678 3151 841 3220 generaliter
858 3168 913 3206 non
931 3150 1021 3221 potuit
1033 3147 1169 3218 offirmari,
1192 3147 1246 3201 id
1234 3163 1291 3217 Jam
1309 3148 1337 3203 iu
1350 3150 1441 3220 specie
1461 3164 1554 3207 uerum

194 3187 240 3280 ιιι
256 3224 290 3279 de
306 3226 522 3283 identisonautia
560 3229 631 3285 Usus
650 3239 692 3285 est
708 3232 734 3286 in
753 3249 831 3302 prop
849 3232 874 3287 3.

284 3300 330 3360 De
346 3302 390 3360 his
414 3304 501 3378 igitur
522 3307 727 3378 axiomatibus,
752 3309 920 3384 praesertim
944 3305 980 3365 do
1002 3306 1130 3380 quinque
1152 3303 1303 3381 prioribus,
1327 3302 1486 3381 speculatio
1511 3313 1555 3364 est

178 3397 194 3446 ,“
252 3384 339 3461 limos,
362 3388 514 3451 Platonica
536 3392 662 3468 fideique
685 3393 867 3454 Christianae
890 3394 1026 3469 analoga,
1050 3391 1087 3451 sd
1110 3390 1341 3473 metaphysieam
1364 3390 1462 3466 adque
1482 3391 1555 3450 doc

99 3559 102 3564 .
196 3352 312 3622 ξῖιιιι
333 3475 368 3536 de
391 3480 489 3537 animo
520 3488 665 3556 spectans.
709 3481 877 3542 Geometria
906 3484 1000 3553 enirn,
1028 3480 1116 3554 cuijus
1145 3486 1256 3556 partem
1287 3477 1343 3536 huc
1374 3486 1556 3556 spectantem
1615 3535 1618 3541 ,

153 3590 156 3598 ·
187 3577 196 3649 Ἰ
244 3559 337 3622 riduo
360 3566 470 3640 priores
493 3576 562 3626 sunt
584 3568 741 3644 complexi,
774 3570 840 3630 Deo
871 3576 1027 3628 coaeterna
1056 3567 1142 3640 inque
1171 3571 1268 3623 mento
1290 3564 1391 3625 divina
1414 3565 1555 3638 relucens,

195 3650 333 3727 pompis
353 3652 417 3711 Deo
448 3654 661 3732 suppeditavit,
682 3666 721 3715 ut
751 3659 779 3715 in
807 3656 895 3732 hujus
926 3656 992 3715 libri
1021 3651 1210 3731 praeambulo
1240 3651 1364 3722 dictum,
1396 3653 1556 3712 exomandi

156 3775 179 3806 ,ι
200 3736 311 3813 mundi,
334 3747 364 3797 ut
380 3741 403 3797 is
426 3739 507 3800 fieret
530 3744 657 3819 optimus
680 3752 709 3803 et
731 3744 954 3822 pulcherrimus,
979 3742 1102 3816 denique
1119 3740 1264 3799 Creatoris
1280 3740 1452 3798 simillimus.
1500 3740 1557 3799 Dei

200 3823 432 3906 procreamus
454 3830 596 3903 imagines
618 3840 701 3909 sunt,
729 3840 870 3907 quotquot
891 3832 1023 3907 spiritus,
1055 3830 1186 3895 animae,
1209 3834 1320 3885 mentes
1343 3829 1402 3885 suis
1425 3828 1556 3902 singulae

200 3914 371 3990 corporibus
393 3923 461 3973 sunt
483 3916 655 3991 praelectae,
679 3926 713 3977 ιιι
734 3918 787 3979 ilia
808 3920 1013 3995 gubernarent,
1036 3920 1196 3989 moverent,
1221 3923 1372 3990 augerent,
1395 3930 1556 3975 conserva·

200 4008 265 4061 ιιιιι
287 3999 420 4077 adeoque
442 4011 472 4061 et
493 4012 697 4081 propagarent.

293 4088 366 4148 Cum
389 4089 476 4164 igitur
498 4100 600 4167 typum
624 4093 769 4167 quendam
791 4094 946 4152 creationis
968 4091 1026 4150 sint
1049 4086 1218 4164 complexae
1240 4089 1301 4146 suis
1323 4088 1448 4160 muniis,
1472 4086 1553 4162 leges

205 4176 293 4237 stiam
317 4192 380 4234 eum
404 4185 533 4237 creatore
556 4178 673 4238 easdem
689 4183 846 4240 observant
861 4182 966 4257 operis,
990 4194 1026 4237 ex
1040 4177 1200 4252 geometria
1221 4174 1378 4250 desumtas,
1399 4174 1547 4249 gaudent·

206 4281 263 4341 que
286 4266 523 4341 proportionibus
546 4264 658 4341 iisdem,
683 4270 790 4342 quibus
813 4268 895 4327 Dens
918 4274 963 4327 est
986 4281 1075 4338 usus,
1105 4264 1272 4339 ubicunque
1296 4261 1361 4321 illas
1383 4265 1556 4337 invenerint,

157 4344 160 4349 ’
207 4353 270 4409 sius
294 4351 372 4409 nuda
394 4352 610 4428 speculatione,
641 4356 704 4415 siue
728 4357 906 4433 interpositis
930 4354 1080 4425 sensibus,
1112 4352 1142 4409 in
1169 4350 1256 4409 rebus
1286 4353 1385 4410 sensui
1408 4350 1557 4427 subjectis,

208 4439 271 4498 sire
294 4441 382 4497 etiam
404 4441 467 4498 sisse
491 4438 621 4500 discursu
644 4446 758 4516 mentis,
782 4459 833 4520 per
856 4441 1002 4502 occultum
1027 4449 1056 4500 et
1078 4445 1262 4499 concreatum
1285 4439 1470 4512 instinctum3
1494 4439 1558 4496 sive

209 4526 291 4584 Deus
314 4527 376 4602 ipsc
399 4529 601 4604 proportiones
624 4528 712 4589 hasce
735 4535 763 4588 in
788 4532 956 4605 corporibus
990 4536 1018 4586 et
1044 4527 1172 4587 motibus
1195 4528 1368 4602 expresserit
1397 4526 1559 4584 invariabi-

210 4613 286 4685 liter,
309 4616 373 4673 siue
396 4615 522 4690 quadam
545 4619 721 4691 geometrica
749 4621 922 4677 necessitate
947 4618 1086 4675 materias
1115 4612 1143 4671 in
1167 4612 1309 4670 inlinitum
1333 4611 1470 4670 dividuae
1493 4629 1559 4670 mo-

211 4708 352 4775 tuumque
381 4719 433 4777 per
456 4705 594 4762 materiae
618 4701 809 4779 quantitatem
838 4706 914 4765 inter
935 4702 1064 4761 infinitus
1086 4702 1290 4778 proportiones
1320 4715 1377 4759 oon
1410 4700 1560 4758 harmoni-

210 4805 259 4848 cas
290 4792 464 4848 occurrerint
492 4787 786 4853 etiamhurmonicae
816 4795 889 4852 istae
912 4795 974 4851 anis
997 4790 1191 4868 temporibus,
1226 4790 1311 4846 etsie
1334 4803 1391 4845 non
1416 4790 1444 4844 in
1469 4790 1559 4854 esse,

209 4874 262 4935 sed
285 4877 314 4934 ιιι
337 4877 432 4937 ιιιιι
455 4879 624 4937 consistant.
669 4880 729 4939 Nec
751 4888 862 4939 tanturm
886 4878 1013 4954 gaudent
1036 4885 1157 4948 mentes,
1182 4875 1238 4934 Dei
1262 4876 1413 4945 imagines,
1438 4890 1561 4950 propor-

211 4964 341 5023 tionibus
364 4967 414 5037 ιιι,
446 4964 498 5025 sed
521 4974 641 5025 utuntur
671 4970 759 5027 etiam
781 4967 884 5027 iisdem
908 4983 960 5044 pro
984 4965 1098 5039 legibus
1124 4963 1177 5022 ad
1192 4961 1358 5039 peragenda
1384 4979 1439 5020 sna
1460 4962 1561 5021 munia

211 5054 474 5129 proportionesque
505 5054 622 5113 easdem
646 5058 675 5112 in
698 5058 827 5115 motibus
849 5070 967 5112 suorum
999 5068 1167 5129 corporum,
1199 5066 1258 5126 qua
1280 5050 1362 5119 licet,
1395 5051 1561 5124 exprimen-

213 5137 277 5198 das.
323 5139 465 5216 Exempla
488 5140 639 5203 luculenta
663 5143 721 5202 duo
744 5145 889 5219 proferent
911 5140 1158 5216 bibensaqucures,
1181 5154 1270 5197 unum
1290 5138 1383 5211 ipsius
1398 5136 1453 5195 Dei
1471 5135 1562 5194 orsa·
1647 5210 1653 5216 ι

210 5225 299 5299 ιοιιι,
331 5228 381 5303 qui
404 5231 640 5304 proportionibus
663 5231 838 5291 harmonicis
862 5228 1030 5305 dispertitus
1061 5235 1104 5286 eat
1127 5234 1223 5284 motus
1245 5223 1406 5294 coelorum,
1439 5222 1561 5282 alterum

212 5316 328 5374 animae
351 5314 445 5388 iliius,
478 5334 566 5392 quam
589 5328 723 5379 naturam
747 5319 933 5379 sublunarem
957 5315 1051 5375 dicero
1073 5310 1218 5381 solemus,
1247 5312 1350 5371 cientis
1371 5318 1501 5371 meteora
1524 5309 1561 5368 ad

117 5413 120 5425 ·
213 5403 425 5480 praescriptum
447 5408 683 5481 proportionum,
716 5425 792 5483 quae
815 5412 968 5467 occurrunt
998 5405 1026 5460 in
1049 5399 1259 5459 radiationibus
1292 5406 1443 5457 astrorum.
1488 5397 1563 5457 Ter·

213 5491 286 5551 ιιιιιιι
311 5492 398 5564 igitur
421 5499 451 5551 et
472 5491 559 5569 hujus
582 5494 647 5553 libri
673 5498 820 5573 proprium
844 5492 1008 5569 exemplum
1037 5496 1100 5548 esto
1124 5491 1239 5546 animae
1261 5486 1405 5544 hnmanae
1429 5485 1563 5560 adeoquo

214 5585 244 5638 et
271 5578 417 5654 pecudum
449 5580 673 5656 quadamtenus.
718 5583 791 5642 illae
822 5586 899 5640 enim
927 5577 1073 5657 perceptis
1100 5576 1336 5653 proportionibus
1366 5589 1470 5632 vocnru
1493 5572 1564 5631 har·

214 5666 338 5728 monitis
359 5665 499 5747 gaudent,
522 5686 580 5730 non
602 5670 779 5733 harmonicis
801 5672 966 5748 tristantur,
1000 5664 1147 5742 aquibus
1175 5664 1290 5723 animae
1318 5660 1472 5721 odonibus
1493 5658 1564 5721 iliae
