3684 7259
864 1193 1005 1262 Apologia.
1067 1187 1089 1270 ¹*
1543 1191 1605 1252 teo

266 1370 348 1431 litate
372 1375 458 1447 agere
481 1373 688 1449 interpretem?
733 1372 769 1430 Et
799 1371 927 1448 pandere
952 1381 980 1430 te
1011 1370 1151 1448 mysteria
1181 1369 1275 1429 dicere
1304 1371 1363 1443 ris,
1397 1375 1426 1428 et
1447 1367 1478 1426 id
1510 1375 1607 1426 tamen

269 1459 363 1517 iacere
388 1468 472 1519 caute
495 1479 546 1536 pcr
569 1464 744 1536 aenigmata,
762 1461 873 1534 quibus
897 1467 1048 1518 arceantur
1064 1461 1230 1517 oscitantes.
1275 1456 1472 1531 Haecutique
1495 1457 1608 1515 sincera

266 1555 309 1605 est
340 1543 433 1604 oratio
464 1552 652 1624 mysticorum
686 1550 835 1622 omnium3
867 1547 943 1605 harre
972 1546 1077 1617 laudo,
1110 1544 1207 1621 quoad
1230 1551 1338 1615 cetera,
1362 1544 1391 1600 iu
1421 1543 1606 1617 harmonicis,

266 1633 420 1735 disciplina
442 1635 666 1712 mathematica,
695 1651 762 1737 nou
809 1636 895 1711 cipio.
942 1633 1002 1706 Tu,
1031 1636 1054 1693 si
1082 1633 1180 1709 placet
1208 1636 1507 1707 interpretamentum,
1537 1647 1609 1689 eau-

556 1726 562 1738 '
588 1726 594 1738 ·
701 1782 704 1788 ,
752 1745 757 1756 ·
822 1717 951 1814 ‘usqam
981 1720 1099 1779 modum
1120 1718 1265 1780 scribendi
1293 1737 1344 1795 per
1366 1721 1532 1794 aenigmata
1554 1718 1608 1776 tibi

265 1808 427 1867 tribuenti?
472 1808 540 1884 Qua
563 1828 593 1870 re
617 1813 698 1869 tant'
846 1805 974 1888 brintum
992 1809 1172 1879 commerui,
1196 1815 1228 1866 ut
1250 1810 1370 1864 simiam
1393 1824 1439 1865 me
1462 1806 1607 1865 communi

267 1913 333 1955 curn
360 1905 421 1954 arte
444 1899 520 1971 ipsa
532 1898 671 1975 epitheto,
691 1885 718 1968 ᾖ
819 1881 921 1955 terium
944 1913 1040 1954 meum
1064 1894 1340 1971 cosmographleum
1363 1911 1469 1953 nomen
1492 1895 1555 1952 siue
1578 1909 1608 1951 re

264 1983 438 2084 appellares,
463 1992 495 2042 ut
517 1971 709 2054 secretoruui*¹
729 1981 731 1986 ’
817 1987 910 2043 utiam
932 1984 1129 2061 exprobrares,
1152 1983 1335 2040 intellectum
1356 1982 1431 2039 mihi
1452 1983 1608 2057 imagina-

263 2074 347 2127 rium
370 2079 397 2127 ct
419 2072 514 2129 lucem
545 2074 590 2130 illi
609 2065 845 2155 pracl'liplol'um
919 2088 1018 2144 ueros,
1053 2072 1211 2129 vanitatem
1240 2069 1407 2144 objiceres?
1451 2069 1548 2128 Velim
1580 2074 1608 2125 te

265 2159 404 2234 respicias
436 2160 635 2234 inposterum
666 2158 737 2234 dilig
786 2067 927 2304 aa*
940 2166 1007 2218 tuae
1031 2161 1122 2233 ipsius
1145 2159 1340 2216 aestimationi
1373 2174 1488 2215 noceas.
1533 2155 1608 2214 Nam

267 2262 313 2303 me
337 2244 416 2319 quod
440 2248 555 2319 attinet,
577 2247 646 2305 mihi
670 2263 747 2322 nequ
908 2246 987 2305 tione
1010 2255 1061 2305 tua
1081 2263 1178 2320 neque
1194 2246 1338 2304 contrario
1351 2243 1519 2304 laudatione
1535 2259 1609 2320 opus

343 2349 438 2406 neque
461 2333 570 2392 efficies
593 2335 649 2393 hae
671 2333 905 2410 importunitate,
931 2341 963 2390 ut
986 2333 1142 2394 detrectem
1164 2342 1259 2392 tecum
1283 2332 1414 2406 velitari,
1439 2333 1554 2408 quoties
1578 2329 1608 2389 id

241 2339 416 2582 &gneo
440 2429 536 2478 sumtu
561 2429 678 2479 etcum
702 2422 802 2497 aliquo
826 2422 942 2480 lectoris
965 2422 1095 2496 proiectu
1118 2427 1230 2496 potero
1241 2416 1284 2494 *ἢ

336 2505 503 2580 Quantum
530 2525 605 2567 nunc
628 2527 680 2585 per
703 2509 797 2567 Deum
822 2507 1012 2567 immortalem
1034 2509 1101 2567 bilis
1124 2511 1154 2565 iu
1177 2510 1305 2567 membro
1323 2505 1477 2583 analyseos
1500 2505 1602 2564 alterol

268 2589 341 2652 Cum
365 2610 419 2668 ego
445 2595 599 2671 thymiam,
623 2614 688 2654 cum
712 2596 858 2655 Ilermetis
881 2603 910 2654 et
932 2581 1079 2655 Ριιιιιιιιιι
1104 2595 1264 2654 doctrinam
1288 2612 1325 2653 ne
1348 2592 1468 2654 verbulo
1492 2592 1608 2668 quidem

264 2682 452 2758 pupugerim,
483 2685 538 2741 uisi
563 2683 642 2757 quod
664 2702 724 2743 reru
748 2684 882 2743 omuibus
905 2686 1096 2742 notissimam
1111 2701 1210 2755 narro,
1242 2684 1395 2742 obscuram
1422 2691 1451 2742 et
1472 2682 1609 2740 tenebro-

265 2787 326 2826 sam
350 2786 422 2838 esse,
448 2787 512 2827 cunr
536 2773 658 2829 titulum
682 2773 845 2829 Hermctici
866 2789 920 2828 nec
943 2771 1005 2830 odii
1026 2789 1080 2829 nco
1102 2771 1229 2829 ludibrii
1250 2788 1344 2830 causa
1366 2771 1533 2839 tribuerim,
1557 2766 1609 2826 sed

266 2865 297 2914 ut
320 2858 518 2915 nominatione
541 2866 637 2916 sectae
661 2876 769 2917 morem
791 2857 1033 2933 philosophandi,
1068 2876 1154 2935 quem
1185 2860 1288 2933 intuo
1315 2858 1389 2917 libro
1421 2856 1606 2932 deprehendi,

266 2943 422 3001 lectoribus
445 2944 547 3001 suturis
576 2944 767 3004 describerem
792 2944 972 3018 evidentius,
1005 2963 1070 3004 cum
1098 2946 1177 3003 haud
1201 2962 1347 3021 quaquam
1378 2943 1526 3003 dedecoris
1555 2949 1611 3002 aut

266 3032 448 3107 infamiae
437 3050 470 3088 in
490 3040 580 3106 parte
601 3038 763 3107 posuerim,
788 3034 937 3091 Herenctis
958 3050 1017 3091 esec
1038 3033 1229 3107 discipulum,
1253 3051 1318 3092 curn
1340 3050 1394 3090 nce
1410 3019 1535 3108 oderim,
1557 3035 1611 3088 ne'c

266 3118 477 3176 ιιιιιιιιιιιιιιὶιιι
506 3137 560 3176 nec
579 3139 638 3194 pro
660 3121 755 3179 nihilo
782 3121 942 3178 habuerim
965 3119 1041 3179 hanc
1064 3120 1250 3193 facultatem,
1273 3131 1305 3179 tu
1334 3127 1428 3179 tamen
1448 3136 1531 3177 curu
1527 3135 1611 3194 pan-

267 3189 384 3281 oplia'
378 3224 405 3262 ιιι
430 3223 474 3263 me
504 3211 672 3283 consurgis,
705 3207 848 3267 mathesin
871 3206 1151 3284 mathematicosque
1175 3225 1274 3267 omnes
1300 3210 1331 3266 in
1353 3215 1497 3266 certamen
1522 3222 1611 3271 vocas

266 3309 332 3351 curn
356 3293 471 3368 chyruia
494 3312 617 3369 cumque
640 3295 787 3355 Hermete.
832 3296 953 3354 Frustra
976 3295 1103 3370 quidem,
1127 3292 1268 3370 quantum
1290 3294 1327 3354 ad
1343 3312 1405 3367 me3
1428 3312 1496 3353 nam
1517 3289 1611 3352 lecto*-

245 3397 312 3444 res
335 3379 482 3451 adhortor,
508 3381 606 3453 logant
629 3385 849 3458 poeaitentque,
873 3400 951 3458 quae
974 3391 1006 3442 tu
1029 3384 1085 3442 hoc
1108 3383 1173 3442 loco
1196 3381 1334 3460 scripsisti
1359 3368 1611 3459 chymiaesocia-

267 3485 388 3541 rumque
414 3467 630 3543 disciplinarum
653 3472 803 3547 ipsiusque
825 3469 972 3529 Hermetis
996 3473 1143 3544 encomia3
1167 3472 1243 3529 circa
1257 3470 1400 3531 mathesin
1416 3487 1486 3529 vero
1502 3476 1531 3528 ιι
1546 3486 1611 3528 curn

268 3571 374 3613 vanarn
397 3559 602 3628 geometriam,
635 3575 699 3615 cum
723 3565 853 3614 motuum
887 3560 1034 3617 stellarum
1058 3559 1276 3633 inquisitionem
1306 3558 1519 3633 phantasticam
1543 3573 1611 3633 pro·

268 3642 384 3714 clamas,
410 3661 446 3700 uc
470 3652 497 3701 te
521 3644 651 3717 audiant,
675 3647 730 3702 nisi
755 3663 819 3703 eum
843 3651 900 3703 ista
922 3647 1027 3704 scribis
1050 3646 1085 3705 de
1110 3647 1187 3703 omui
1211 3648 1382 3705 temeritate.
1430 3646 1512 3704 Nam
1535 3661 1613 3721 quac

267 3732 369 3802 major
391 3738 431 3787 cst
454 3732 591 3790 deliratio
613 3751 650 3790 ac
674 3732 812 3791 uecordia
836 3729 918 3812 (utor
941 3749 1008 3793 ecce
1031 3734 1127 3793 verbis
1145 3730 1228 3815 tuis),
1253 3747 1347 3809 quarn
1370 3751 1437 3792 cam
1460 3732 1613 3791 damnare

267 3825 294 3875 ct
312 3835 372 3892 pro
394 3818 488 3876 nihilo
509 3818 616 3877 habere
637 3823 802 3892 scientiam,
825 3824 859 3877 in
882 3840 945 3895 qua
966 3816 1092 3896 proruta
1113 3822 1190 3879 nihil
1194 3821 1364 3899 olfecerit?

358 3903 423 3962 Non
447 3915 513 3963 scint
536 3906 625 3979 adeo,
649 3907 791 3979 Roberte,
816 3906 912 3965 divisa
933 3908 1073 3967 mathesis
1097 3916 1126 3966 et
1147 3908 1281 3986 chymia,
1304 3909 1366 3968 ut
1358 3926 1387 3965 ιιι
1411 3899 1534 3966 eundem
1557 3906 1613 3965 ho-

268 3994 374 4049 minem
397 4009 453 4049 non
478 3993 596 4066 cadant,
628 3996 678 4068 qui
701 3994 907 4053 mathematica
930 3993 1026 4053 tradat
1049 3994 1190 4073 dilucide,
1218 3997 1356 4067 verbose,
1388 4011 1439 4071 per
1461 3995 1579 4054 literas
1584 3999 1614 4051 ιι

269 4079 493 4152 diagrammata,
525 4081 657 4157 chymica
687 4071 767 4142 m&
798 4092 905 4141 sectae.
958 4082 1012 4141 Vis
1043 4086 1115 4143 seire
1147 4084 1274 4158 conjugii
1309 4084 1397 4159 hujus
1426 4080 1613 4158 exemplum?

270 4168 380 4241 Accipe
404 4166 573 4243 Tychonem
598 4169 705 4246 Brahe,
735 4171 781 4227 cui
805 4171 833 4225 in
857 4178 939 4244 parte
963 4171 1058 4247 operis
1087 4187 1141 4244 ego
1165 4172 1302 4229 successi.
1348 4169 1443 4244 Quam
1466 4169 1515 4227 ille
1538 4168 1613 4226 fidus

272 4253 381 4311 silentii
405 4263 502 4313 eustos
526 4258 554 4311 in
578 4255 760 4328 Henneticis,
784 4263 844 4313 taur
866 4256 960 4316 tidelis
984 4264 1084 4316 eontra
1106 4261 1335 4333 perspicuusque
1359 4256 1472 4328 doctor,
1496 4257 1611 4331 quoties

273 4344 301 4397 in
325 4342 539 4400 mathematicis
562 4343 672 4417 aliquid
697 4346 725 4399 in
750 4343 856 4417 vulgus
879 4344 1081 4418 proferendum
1103 4348 1222 4418 sumsit3
1253 4344 1334 4402 nulla
1361 4353 1429 4403 tunc
1458 4343 1507 4402 ille
1531 4359 1612 4403 eom·

269 4431 381 4486 minisci
405 4429 508 4486 solitus
531 4441 576 4488 est
598 4434 773 4505 aenigmata,
797 4429 868 4487 nihil
892 4432 921 4487 in
945 4433 1064 4507 picturis
1088 4432 1214 4496 tradidit,
1238 4449 1296 4512 nou
1318 4430 1466 4510 pollicitus
1488 4432 1532 4489 est
1547 4448 1612 4488 mo-

268 4525 315 4574 tus
340 4516 481 4574 coelestes
506 4517 609 4575 doecre
633 4521 696 4576 sine
719 4518 942 4593 quantitatibus,
966 4536 1024 4577 non
1048 4518 1221 4594 dedignatus
1235 4526 1289 4579 *est
1311 4520 1465 4579 subvenire
1487 4519 1612 4595 ingeniis

269 4603 488 4672 infirmioribus
515 4606 591 4663 ιιι
585 4623 649 4679 ipsa
672 4604 776 4664 calculi
799 4605 892 4663 torma
916 4606 1153 4681 compendiisque
1175 4607 1342 4683 publicatis.
1411 4613 1415 4630 ¹

356 4691 434 4747 illud
458 4694 577 4749 seorsim
601 4693 663 4764 tihi,
688 4692 806 4766 majoris
830 4692 995 4752 evidentiae
1018 4712 1108 4774 causa
1129 4694 1320 4769 regerendum
1342 4692 1480 4753 hocloco
1503 4694 1612 4763 censui,

270 4796 377 4852 magna
406 4795 470 4836 curn
499 4781 605 4853 injuria
635 4798 700 4838 mea
730 4788 759 4837 te
788 4772 972 4852 efferbuisse,
1001 4783 1051 4856 qul
1076 4765 1149 4842 duas
1171 4782 1243 4840 mihi
1267 4782 1427 4842 sententias
1449 4782 1553 4855 impias
1585 4789 1613 4839 et

270 4867 457 4940 blasphemas
482 4869 625 4933 tribueris,
650 4867 771 4925 alteram
796 4867 912 4941 quidem
937 4886 1001 4926 eum
1025 4878 1096 4947 typo
1120 4874 1250 4929 variante
1270 4886 1458 4955 expressam,
1469 4876 1502 4926 ιιι
1523 4868 1614 4927 lector

268 4953 374 5019 credat,
400 4954 534 5012 iormalia
557 4972 622 5013 mea
645 4955 750 5027 reterri,
777 4953 826 5012 sol.
854 4958 901 5014 12.
927 4954 977 5013 lin.
1002 4958 1062 5015 41.
1099 4956 1151 5015 Ma
1170 4959 1242 5015 hacc
1264 4959 1370 5016 omnia
1392 4942 1541 5015 incinere
1562 4958 1613 5012 in-

268 5044 357 5116 pcnio
380 5059 445 5099 meo
464 5045 608 5114 proprio,
634 5040 765 5115 intelligo
788 5059 913 5117 namque
937 5042 994 5101 hoc
1016 5044 1070 5102 abs
1093 5052 1121 5105 te
1145 5062 1208 5104 esse
1225 5046 1391 5124 oppositum
1414 5044 1509 5102 lineae
1529 5048 1614 5100 ante·

268 5128 403 5194 cedenti,
437 5146 495 5203 qua
518 5129 637 5187 concedi
660 5131 846 5187 scientiarum
870 5147 978 5189 arcana
1000 5130 1117 5190 dicebas
1143 5150 1200 5207 per
1229 5133 1457 5207 acquisitionem
1480 5129 1615 5204 Spiritus

270 5216 392 5287 Sancti,
424 5218 510 5287 cuius
532 5218 623 5274 solius
644 5219 682 5273 sit
703 5216 775 5273 hacc
805 5220 910 5274 omnia
933 5234 1002 5276 uere
1022 5218 1132 5277 doecre
1178 5220 1300 5277 lterum:
1332 5236 1394 5289 me,
1424 5216 1493 5274 dum
1515 5216 1614 5275 Solem

268 5303 376 5362 iontem
399 5310 494 5360 motus
519 5319 602 5374 voco,
625 5302 741 5360 titulum
765 5302 842 5361 hunc
864 5302 1007 5378 derogare
1030 5305 1161 5374 creatori,
1185 5323 1321 5381 arrogare
1345 5295 1505 5379 creaturae,
1535 5304 1613 5362 ‘Ve-

269 5408 341 5457 reor,
365 5397 397 5445 ut
420 5399 463 5447 est
485 5392 566 5448 natio
590 5389 676 5448 hodie
698 5406 847 5466 perversa,
870 5407 907 5449 ue
930 5407 987 5448 nou
1012 5393 1068 5449 ista
1085 5394 1223 5467 iniquitas
1246 5392 1323 5452 ultra
1338 5392 1429 5452 verba
1443 5385 1480 5454 ιι
1490 5392 1520 5447 ιιι
1536 5391 1614 5450 iacta

268 5480 332 5553 ipsa
354 5477 490 5551 proterat,
515 5480 539 5534 si
563 5476 704 5535 lectorum
727 5477 818 5552 aliqui
842 5477 896 5534 tibi
918 5484 1026 5537 temere
1051 5479 1177 5550 credaut,
1202 5497 1259 5538 non
1282 5482 1414 5557 iuspecto
1431 5493 1502 5539 'meo
1519 5482 1609 5537 textu.

356 5563 408 5622 Ad
434 5566 482 5621 An
495 5564 621 5640 alysin
643 5563 716 5622 ΧΠ.
762 5563 820 5623 Sex
843 5565 916 5622 meis
932 5562 1017 5625 lineis
1039 5567 1135 5643 iisque
1157 5568 1298 5628 brevibus
1319 5567 1386 5645 plus
1402 5576 1433 5627 tu
1450 5583 1538 5680 quam
1561 5583 1612 5626 sex
