3684 7259
247 1194 307 1277 §98
679 1186 722 1248 De
737 1184 964 1256 impensionibus
978 1181 1154 1242 Parmense.

140 1439 145 1450 .
244 1369 308 1430 sire
330 1365 443 1444 nobiles
466 1361 532 1437 siut,
556 1365 619 1425 sire
641 1363 794 1441 ignobiles,
810 1366 880 1421 sive
903 1363 1019 1436 (livitus,
1044 1364 1106 1423 sive
1130 1379 1282 1440 pauperes.
1327 1362 1589 1440 Quodsi-quares

245 1461 299 1527 est,
322 1470 398 1531 quae
421 1469 479 1528 uon
502 1452 609 1528 patitur
633 1450 806 1511 divisionem
830 1452 904 1509 iuter
926 1450 1042 1522 multos,
1069 1467 1133 1509 eam
1155 1448 1281 1526 populus
1306 1450 1590 1526 oeterorumque

244 1558 310 1614 sors
330 1557 419 1606 caeca
440 1547 493 1612 est,
516 1555 574 1597 non
597 1540 795 1599 intemoscsns
818 1536 946 1597 nobilem
970 1538 1008 1596 ab
1024 1536 1154 1611 ignobili,
1179 1536 1309 1596 divitem
1317 1557 1338 1599 a
1353 1555 1490 1614 paupere,
1515 1540 1589 1598 berre

243 1620 378 1712 meritum
401 1627 440 1701 ab
462 1627 615 1709 immerito,
638 1626 753 1685 virtuli
762 1623 891 1684 deditum
914 1643 931 1684 a
954 1626 1071 1697 vitioso,
1095 1626 1278 1726 ingeniosum
1300 1644 1318 1684 a
1342 1626 1468 1701 stupido
1513 1625 1589 1684 Tum

246 1715 362 1775 demum
385 1716 461 1793 cuim
483 1712 591 1788 aliquis
614 1729 645 1770 sc
669 1720 754 1790 putat
776 1714 895 1787 aeqrrari
917 1714 1039 1785 ceteris,
1068 1713 1093 1771 sl
1117 1729 1181 1771 euru
1205 1713 1241 1772 iis
1263 1714 1380 1770 sortitur
1410 1731 1497 1789 super
1520 1712 1589 1771 teli·

242 1803 309 1877 bus,
331 1803 395 1867 siue
415 1800 477 1876 jam
501 1800 579 1860 boue
600 1802 664 1860 sive
687 1799 764 1860 mala
786 1810 864 1859 sorte
886 1798 1072 1875 adipiscatur.
1119 1797 1174 1857 Ubi
1196 1801 1283 1857 sortis
1299 1798 1363 1860 loco
1386 1808 1510 1875 possunt
1524 1818 1588 1860 esse

249 1891 346 1975 etiam
359 1888 420 1950 alia
442 1886 609 1963 acquirendi
631 1886 752 1960 media,
766 1895 799 1945 ut
819 1888 844 1945 si
868 1885 987 1948 electio
990 1887 1177 1962 permittatur
1199 1888 1236 1955 ei,
1259 1887 1356 1962 ouJus
1365 1886 1438 1952 nihil
1459 1890 1589 1960 interest,
1691 1952 1695 1956 ,

244 1969 296 2059 aut
318 1977 368 2053 qui
390 1991 530 2063 personas
551 1991 608 2032 nou
631 1975 774 2051 respicere
796 1970 932 2038 creditur.
975 1972 1022 2031 Ita
1041 1972 1153 2036 Romae
1176 1972 1343 2033 consulatus
1366 1986 1428 2034 erat
1447 1993 1589 2034 eommu-

245 2065 291 2126 nis
313 2064 442 2124 omnium
465 2064 536 2123 certi
559 2060 667 2121 ordinis
690 2078 814 2137 eumque
835 2062 944 2121 licebat
966 2069 1064 2137 petere
1092 2079 1109 2119 a
1133 2060 1257 2136 populo,
1285 2071 1317 2120 at
1340 2077 1396 2120 non
1421 2062 1589 2137 largitioni·

244 2151 315 2223 bos,
346 2168 382 2209 ne
406 2157 634 2227 corrumperetur
657 2147 781 2226 populus
809 2157 838 2208 et
866 2148 973 2208 divites
994 2148 1206 2223 praelerrentur
1236 2148 1426 2208 tenuioribus.
1472 2151 1565 2209 Etsi
1558 2168 1587 2208 m

245 2231 303 2297 hoe
325 2255 395 2302 essu
419 2238 511 2298 tacite
532 2252 676 2296 consensu
698 2236 850 2311 respicitur
873 2238 964 2295 virtus
993 2234 1087 2311 deque
1110 2252 1146 2294 ea
1169 2234 1257 2295 etde
1280 2236 1486 2296 benemeritis
1506 2236 1589 2313 Jour-

246 2326 323 2385 oium
344 2326 531 2401 permittlitur
553 2321 672 2400 populo.

334 2411 359 2472 E
382 2412 544 2482 counario,
567 2412 643 2469 sieut
664 2410 693 2468 iu
714 2411 876 2484 geometria
904 2426 1040 2468 excessus
1061 2426 1243 2469 numerorum
1267 2389 1463 2469 assimilantur
1484 2428 1588 2471 uume-
1647 2416 1649 2420 ’

246 2500 285 2559 ris
307 2499 388 2576 ipsis,
411 2505 453 2557 ιιι
465 2514 588 2574 loegum
610 2513 744 2555 numerus
767 2514 903 2571 magnum
926 2496 1034 2566 habeat
1056 2514 1224 2569 excessum,
1247 2513 1358 2573 parvus
1380 2515 1517 2574 parvum,
1546 2501 1589 2560 sio

245 2586 471 2663 iuoptimaturu
492 2602 550 2662 rep.
575 2582 789 2660 distinguuntur
817 2600 974 2661 personae,
1006 2582 1222 2660 distinguuntur
1254 2592 1282 2643 et
1311 2600 1415 2658 onera,
1448 2589 1588 2662 praemia,

249 2674 444 2749 magistratus,
468 2673 581 2744 munia,
606 2679 635 2730 et
656 2672 906 2747 praestantissima
928 2680 1112 2730 reservantur
1135 2672 1340 2747 optimatibus,
1363 2670 1477 2748 reliqua
1498 2674 1590 2735 relin-

245 2755 373 2835 quuut'u'r
389 2758 519 2836 populo.
565 2755 622 2817 Ubi
652 2775 771 2817 neeesse
802 2765 861 2829 est,
894 2761 1013 2823 seorsim
1042 2761 1115 2817 inter
1143 2758 1274 2833 singulas
1288 2755 1444 2819 'sactiones
1474 2761 1589 2819 admitti

246 2848 334 2907 etiam
357 2846 569 2906 arithmeticam
592 2846 824 2921 proportionem
856 2843 892 2904 de
913 2846 950 2903 ιιι
974 2847 1066 2920 enim,
1096 2863 1171 2921 quae
1194 2854 1262 2904 sunt
1284 2845 1403 2923 popuii,
1434 2851 1590 2908 sortientur

245 2949 354 3005 omues,
378 2935 427 3008 qul
451 2940 518 2991 sunt
541 2935 569 2990 ln
591 2931 718 3009 populo,
750 2927 786 2991 de
808 2932 858 3004 iis,
882 2948 958 3006 quae
982 2934 1167 3007 optimatum,
1193 2950 1291 2991 omnes
1316 2936 1480 3009 optimates.
1524 2936 1588 2996 Nisi

246 3023 323 3082 enlm
344 3020 402 3080 hoc
422 3019 482 3094 flat,
512 3023 644 3097 perpetui
668 3028 751 3079 enrut
780 3020 897 3078 ctiaru'
890 3036 918 3075 m
943 3020 1052 3097 populo
1082 3020 1189 3095 greum
1220 3023 1406 3096 optimatum,
1436 3039 1528 3097 usque
1553 3023 1589 3081 ad

245 3110 333 3179 imam
355 3107 456 3185 populi
479 3106 603 3180 faecem,
634 3109 766 3183 perpetui
789 3108 876 3165 etiam
900 3109 974 3165 inter
997 3109 1167 3182 optimates,
1197 3124 1290 3183 usque
1319 3107 1355 3202 ad
1384 3109 1455 3185 reip.
1472 3111 1590 3217 princi-

245 3211 409 3272 pemanue
431 3196 541 3253 ratione
564 3212 639 3270 resp.
664 3210 721 3252 nou
745 3195 814 3266 erit,
838 3194 888 3252 sed
905 3196 1022 3295 ‘regium
1046 3195 1215 3253 ciuitatiso
1198 3211 1298 3269 genua.

332 3281 443 3364 Regius
466 3298 534 3341 roro
557 3288 663 3353 status,
678 3282 741 3341 etsi
766 3281 813 3341 rel
835 3282 960 3341 maxime
982 3283 1160 3358 proportioni
1185 3272 1378 3357 geometricae
1405 3284 1591 3364 assimilatur,

245 3387 281 3430 eo
303 3368 382 3445 qued
410 3370 508 3428 omnis
531 3369 598 3445 jure
625 3368 789 3444 majestatis
819 3370 878 3444 regi
910 3374 1109 3442 reservantur,
1142 3371 1302 3445 sicutipse
1337 3370 1382 3429 vel
1407 3370 1497 3429 nobili
1519 3390 1591 3447 pro-

245 3458 342 3534 sapia,
373 3455 419 3515 rel
443 3458 531 3515 arruls
558 3455 604 3516 vel
628 3456 785 3515 vir-tutibus
815 3459 945 3532 praestet
972 3458 1075 3515 ceteris
1104 3458 1255 3535 omnibus,
1284 3455 1464 3532 gubernandi
1494 3466 1590 3518 tamen

154 3590 156 3593 .
245 3543 352 3603 ratio
343 3559 372 3601 ur
395 3543 451 3602 hoe
473 3551 551 3603 statu
573 3544 733 3604 rectissime
750 3545 852 3620 potest
876 3545 1029 3619 temperari
1054 3561 1088 3601 ex
1112 3551 1234 3620 utroque
1260 3546 1454 3620 proportionis
1476 3563 1592 3621 genere.

246 3630 322 3691 Nam
344 3647 420 3690 uuus
442 3649 492 3691 rex
515 3632 623 3691 arbiter
645 3633 774 3690 omnium
796 3647 855 3691 nou
878 3646 967 3690 coeco
991 3631 1114 3718 impetu
1149 3642 1181 3691 ut
1204 3648 1282 3700 sors,
1305 3631 1357 3690 sed
1381 3634 1504 3705 virtutis,
1529 3652 1592 3693 me-

249 3720 378 3790 rltomru,
402 3717 511 3778 ordinis
527 3718 735 3796 graduumque
757 3717 929 3790 rationibus,
955 3732 1013 3793 qna
1036 3718 1114 3790 lieet,
1139 3720 1236 3778 omnia
1257 3720 1335 3778 inter
1357 3722 1512 3796 optimates
1535 3739 1592 3815 po-

245 3804 407 3884 pulumque
429 3805 587 3882 dispensat,
612 3822 711 3865 onmes
732 3804 865 3880 justitiae
888 3804 1092 3868 distributivae
1117 3813 1146 3865 et
1170 3807 1395 3867 commutativae
1418 3816 1514 3883 partes
1539 3808 1592 3867 er·

169 3899 171 3905 '
245 3895 391 3969 sequitur,
415 3910 491 3967 quae
515 3896 665 3969 utriusque
687 3894 883 3969 proportionis
906 3893 1072 3968 conjunctio
1097 3892 1209 3951 llodiuo
1236 3892 1344 3953 suitielt
1364 3893 1401 3953 ad
1424 3898 1593 3973 proportio-

246 3993 312 4040 nem
336 3979 534 4049 harmonicam
558 3978 805 4055 constituendam,
828 3987 860 4038 at
878 3980 964 4056 juxto
988 3980 1087 4038 orunia'
1102 3980 1224 4039 consilia
1245 3997 1302 4040 non
1318 3988 1377 4040 tam
1398 3979 1436 4039 ad
1460 3982 1593 4059 singulos

245 4067 293 4128 vel
320 4067 445 4127 ordines·
464 4067 512 4127 vel
541 4067 685 4142 homiues,
718 4084 805 4145 quarn
836 4066 874 4125 ad
905 4075 997 4126 totum
1020 4068 1147 4126 civitatis
1179 4071 1294 4148 'eorpha
1325 4068 1446 4144 ejusque
1468 4068 1593 4130 salutem

244 4162 433 4231 mutuamque
456 4154 626 4215 charitatem
649 4163 679 4215 et
701 4152 883 4214 concordiam
906 4155 1001 4228 reiert,
1025 4172 1084 4212 non
1105 4167 1191 4217 secus
1211 4157 1253 4216 he
1269 4157 1325 4215 ιι
1318 4173 1347 4212 m
1371 4161 1498 4215 numeris
1521 4174 1592 4233 pro-

244 4243 394 4320 portlettes
416 4242 455 4301 ab
478 4243 657 4318 aequalitate
681 4251 710 4302 et
732 4260 750 4301 a
773 4240 962 4301 similitudine
988 4242 1118 4301 nonnihil
1143 4239 1289 4324 immae,
1318 4244 1361 4302 sic
1382 4250 1415 4301 ιιι
1447 4243 1514 4304 illae
1539 4244 1593 4305 de·

245 4337 405 4403 meatur,
437 4330 461 4388 si
492 4337 537 4389 est
566 4347 655 4408 opus,
687 4328 724 4388 ad
755 4345 936 4389 communem
967 4331 1094 4388 omnium
1125 4288 1314 4389 harmoniam·
1336 4330 1528 4426 tolerantur:
1533 4348 1591 4425 quo

245 4416 333 4478 ruodo
355 4419 429 4477 meis
451 4416 656 4478 medietatibus
678 4415 853 4476 harmonicis
876 4425 980 4476 utetur.
1143 4429 1145 4434 ·

293 4503 373 4565 H.
396 4504 439 4563 Ex
462 4502 530 4583 cyri
551 4503 659 4583 paedia
682 4502 844 4581 exemplum
867 4505 1003 4582 proponit
1026 4503 1171 4578 Bodiuus,
1199 4522 1257 4580 quo
1281 4506 1378 4563 onrrria
1409 4502 1463 4563 tria
1485 4522 1593 4582 genera

247 4593 442 4668 proportionis
472 4591 608 4670 explicari
638 4599 769 4670 possunt.
815 4591 908 4669 Cyrus
940 4609 1024 4669 puer,
1059 4610 1124 4651 euru
1155 4590 1301 4651 hominem
1330 4601 1480 4669 procerum
1510 4603 1592 4654 curta

212 4696 216 4702 ’
246 4678 345 4739 tunica
376 4678 509 4738 indutum
532 4681 716 4756 corispicatus
746 4687 837 4750 esset,
868 4678 1009 4757 pumilum
1029 4679 1114 4755 juxta
1139 4680 1238 4738 tuirica
1260 4678 1343 4752 laxa,
1375 4682 1487 4738 censuit
1510 4700 1592 4741 coru-

245 4766 400 4826 mutandas
422 4765 481 4825 illis
504 4784 568 4827 esse
592 4768 715 4841 tunicas,
738 4775 771 4824 ut
793 4769 898 4842 cuique
922 4766 1000 4843 quod
1024 4763 1208 4824 commodum
1231 4775 1308 4826 esset
1332 4768 1497 4845 obvenirctJ
1527 4781 1592 4829 nra·

320 4918 322 4921 .
358 4855 463 4930 cuique
486 4870 571 4913 sunm
594 4852 814 4929 relinquendum
837 4853 944 4929 edixit,
971 4852 1075 4929 quodsi
1097 4869 1218 4929 procero
1240 4854 1345 4913 luisset
1366 4854 1537 4930 injunctum,
1561 4865 1594 4916 ut

244 4855 355 5019 xiie
377 4940 488 5018 aliquid
509 4943 652 5019 pecuniae
674 4940 802 5001 solveret
825 4951 854 5000 ct
876 4943 919 5000 sio
942 4940 1056 4999 demum
1078 4943 1253 5017 permutatio
1270 4941 1366 5014 fleret,
1391 4945 1500 5017 optime
1518 4945 1590 5003 con-'

248 5027 363 5089 cillatus
390 5029 491 5089 fuisset
518 5030 657 5104 magister
687 5028 838 5105 discipulo
884 5028 941 5086 Hic
968 5024 1060 5104 Cyrus
1090 5029 1294 5103 geometricam
1323 5031 1395 5088 ursit
1424 5027 1592 5108 proportio-

246 5133 322 5189 nem,
345 5114 501 5177 admeusus
524 5117 692 5195 corporibus
715 5124 821 5189 restes,
846 5117 984 5191 magister
1007 5113 1224 5189 arithmeticam,
1252 5117 1453 5193 possessiones
1476 5120 1591 5195 utrique

247 5219 318 5263 suaa
339 5204 449 5279 ιιιιιιις
472 5211 502 5263 ιι
525 5205 625 5265 tertius
648 5204 698 5265 ille
720 5206 893 5280 respexisset
917 5208 1070 5278 utrumque
1093 5203 1188 5275 simul,
1212 5212 1270 5262 tarn
1288 5221 1336 5268 cor
1368 5221 1439 5308 Ιιιιιιι
1455 5204 1591 5283 indigen-

246 5288 335 5363 tiam,
367 5306 455 5367 quam
469 5293 578 5368 coplas
601 5294 707 5367 cuique
739 5307 807 5350 suas
830 5288 945 5363 salvas,
976 5291 1074 5366 itaque
1097 5288 1292 5353 harmonicam
1406 5309 1460 5351 usu
1484 5292 1591 5356 Bodiui

246 5378 417 5438 assemleset
430 5381 655 5463 proportionem,
679 5382 787 5456 qnippe
810 5395 845 5437 ex
862 5386 984 5454 utraque
1006 5378 1083 5454 prior
1084 5396 1132 5436 rm
1148 5380 1291 5455 mixtam,
1427 5382 1504 5440 icam
1519 5399 1590 5443 vcro

247 5464 336 5524 etiam
358 5467 387 5523 in
410 5482 497 5526 seusu
519 5483 594 5540 meo,
617 5467 768 5540 quianon
791 5463 952 5535 dubitaret,
976 5464 1059 5525 alteri
1083 5466 1160 5541 quod
1186 5478 1302 5542 essetp
1401 5467 1589 5545 superdeum,

247 5542 331 5611 ιιιιιι
354 5555 506 5629 pecuniam
529 5556 648 5632 eripere,
674 5558 707 5612 ut
728 5555 843 5631 utrique
858 5551 1067 5624 consuleretur,
1092 5555 1162 5629 quia
1176 5570 1327 5613 commuue
1343 5557 1492 5633 utriusque
1508 5566 1590 5616 corri-

248 5636 384 5712 medum
394 5648 577 5728 comparetur
605 5641 746 5701 meritati
774 5648 941 5701 concentus.
988 5639 1125 5703 Accidere
1152 5648 1249 5702 autern
1273 5640 1350 5718 dixi,
1381 5650 1414 5700 ut
1446 5643 1590 5708 interdum
