3684 7259
658 1191 662 1197 ’
724 1197 808 1254 Liber
825 1202 868 1255 IV.
890 1203 979 1270 Caput
995 1199 1045 1262 HL
1256 1235 1259 1245 ·
1495 1201 1557 1260 229

206 1389 344 1434 sonorum
367 1378 570 1453 proportiones
592 1378 688 1454 iisque
711 1385 815 1439 natura
837 1380 964 1438 bominis
988 1377 1150 1439 delectatur
1171 1373 1331 1456 impensius
1355 1364 1558 1453 exprimendis,

206 1461 239 1520 fit
260 1461 345 1534 inde,
378 1467 449 1539 quia
471 1481 560 1524 sonos
584 1464 630 1523 vel
660 1470 786 1526 maxime
808 1470 837 1524 ln
862 1475 1007 1544 potestate
1037 1466 1126 1525 babet
1155 1468 1287 1523 animans
1311 1465 1418 1534 omnis,
1451 1466 1559 1542 quippe

206 1550 283 1607 iutra
311 1568 343 1609 se
372 1551 528 1623 formatos,
557 1554 595 1611 ab
622 1554 695 1628 ipsis
724 1554 900 1630 praecordiis
931 1558 1068 1627 emissos,
1101 1552 1138 1611 ad
1168 1570 1283 1611 omnem
1313 1553 1417 1609 mentis
1446 1558 1558 1621 nutum,

207 1652 321 1695 omnem
345 1638 440 1697 cordis
461 1649 572 1699 motum
595 1643 816 1715 promtissimus,
841 1652 871 1700 et
893 1641 972 1717 quod
996 1644 1075 1720 prius
1099 1640 1218 1713 dietum,
1244 1640 1314 1715 quia
1336 1640 1559 1697 instrumentum

207 1726 296 1782 etiam
318 1735 422 1784 nactus
445 1736 489 1785 est
512 1728 703 1804 aptissimum,
727 1738 827 1800 guttur
848 1731 878 1785 iu
902 1729 1022 1804 longum
1045 1736 1218 1805 porrectum,
1243 1728 1333 1785 instar
1356 1724 1484 1784 chordae'
1506 1742 1558 1784 seu

207 1814 305 1885 potius
333 1813 462 1888 tistulae,
493 1818 604 1890 quain
629 1813 811 1891 longitudine
843 1816 993 1875 rectilinea
1024 1832 1080 1874 vor
1104 1832 1218 1873 sursum
1242 1812 1376 1872 deorsum
1408 1820 1483 1871 errat
1507 1828 1560 1869 ex-

207 1900 397 1975 peditissime.

233 2061 237 2065 ,
293 1985 475 2046 Generaliter
501 1995 599 2047 autern
630 1990 660 2045 tu
688 1990 823 2049 omnibus
854 1991 956 2060 rebus,
988 1991 1016 2047 iu
1039 1989 1146 2066 quibus
1169 1988 1319 2064 quantitas
1346 1993 1375 2045 et
1399 1981 1560 2045 secundum

206 2091 272 2132 um
299 2074 468 2133 harmoniae
498 2079 598 2152 quaeri
623 2087 760 2156 possunt,
790 2081 889 2137 insunt
918 2078 985 2136 illae
1016 2075 1107 2135 multo
1139 2076 1335 2135 evidentiores
1365 2091 1417 2151 per
1439 2072 1561 2144 motum,

207 2179 295 2235 quatu
317 2165 381 2221 sine
402 2172 493 2221 motu.
538 2164 613 2222 Nam
643 2167 697 2223 etsi
726 2168 801 2225 inest
832 2169 862 2223 in
896 2164 1086 2241 unaqualibet
1108 2162 1185 2225 linea
1208 2173 1287 2221 reeta
1309 2161 1373 2236 ejus
1397 2157 1560 2240 dimidium,

207 2250 308 2321 tertia,
338 2260 459 2327 quarta,
492 2254 608 2325 quinta,
640 2259 723 2310 sexta
746 2269 904 2329 earumque
928 2251 1121 2329 multiplices,
1150 2251 1246 2310 latent
1275 2258 1371 2306 umen
1402 2265 1455 2306 eac
1485 2246 1561 2305 iuter
1662 2289 1665 2295 .

208 2344 305 2411 partes
328 2337 417 2408 alias,
449 2341 502 2396 toti
532 2340 852 2411 incommensurabiles,
884 2343 912 2396 in
944 2357 1002 2399 una
1031 2350 1060 2404 et
1083 2338 1183 2397 eadem
1208 2338 1377 2396 contusione
1407 2352 1472 2393 cum
1496 2340 1559 2392 tota

208 2426 250 2481 sie
278 2424 483 2502 absconditae,
512 2435 544 2483 ut
571 2429 596 2484 si
629 2428 753 2487 maxime
782 2418 910 2488 secunda
941 2428 1017 2485 linea
1047 2425 1179 2501 aequalis
1209 2425 1405 2500 aliquotarum
1433 2422 1560 2500 partiutu

208 2509 296 2571 alicui
319 2519 378 2570 stet
403 2513 488 2586 juxta
513 2522 619 2585 totam,
649 2515 729 2573 verbi
759 2532 848 2574 eausa
880 2515 959 2573 turbs
982 2514 1210 2590 superliminaris
1240 2513 1325 2570 trium
1348 2500 1459 2587 pedum
1475 2508 1561 2583 juria

210 2606 325 2673 postem
348 2601 482 2672 quinum,
514 2601 578 2676 ejus
602 2611 698 2659 tamen
722 2605 869 2679 proportio
892 2602 930 2660 ad
955 2612 1048 2661 totum
1070 2618 1127 2660 uon
1152 2597 1194 2658 iia
1216 2599 1301 2658 laclia
1323 2596 1499 2665 innotescat,
1529 2612 1564 2654 ac

208 2688 233 2744 si
260 2693 357 2744 motus
380 2686 486 2759 aliquis
509 2688 721 2764 comparabiles
745 2688 943 2764 longitudines
966 2690 1126 2760 discernat,
1151 2690 1310 2747 constituat
1332 2693 1362 2745 et
1382 2683 1562 2768 determinet.

211 2772 311 2831 Causa
333 2773 407 2832 haec
430 2783 482 2845 est,
506 2776 584 2850 quod
608 2776 658 2834 ubi
684 2780 833 2851 quantitas
856 2786 901 2836 est
924 2780 986 2835 sine
1009 2785 1089 2834 motu
1113 2774 1272 2835 secuudum
1295 2790 1369 2846 eam,
1393 2773 1432 2829 ibi
1456 2771 1563 2841 omnia,

210 2877 287 2934 quae
316 2861 415 2918 insunt
448 2864 475 2918 in
507 2865 685 2936 quantitate,
717 2865 803 2922 simul
834 2872 901 2923 sunt
930 2864 1032 2922 eodem
1065 2871 1209 2939 ternpore,
1241 2878 1341 2920 omues
1370 2876 1409 2917 sc.
1435 2860 1559 2934 partium

211 2951 340 3004 omnium
372 2951 572 3025 proportiones
600 2949 777 3023 adttoium3
810 2959 840 3009 at
872 2953 896 3010 si
927 2951 1076 3026 quantitas
1103 2950 1205 3024 aliqua
1236 2959 1315 3006 motu
1340 2944 1467 3021 quodam
1496 2957 1564 3022 per·

108 3020 113 3045 ‘
210 3037 358 3104 transitur,
383 3043 452 3093 tunc
474 3035 517 3113 (ut
539 3044 583 3095 est
604 3046 702 3095 motus
724 3036 864 3114 essentia)
885 3056 962 3115 quae
986 3039 1177 3113 pertransitae
1190 3043 1257 3093 strui
1274 3036 1485 3112 proportiones,
1508 3048 1563 3091 eae

209 3139 267 3179 uon
291 3132 359 3179 snut
381 3122 520 3199 amplias,
550 3141 626 3199 quae
658 3126 785 3183 nondum
813 3134 881 3185 suut
904 3128 1111 3201 pertransitus,
1145 3122 1273 3180 nondum
1304 3123 1393 3181 etiam
1417 3128 1499 3193 suut,
1531 3126 1563 3177 et

210 3226 269 3268 una
292 3212 415 3283 quaevis
438 3214 585 3286 proportio
608 3212 673 3271 sola
695 3222 753 3282 cst,
778 3230 848 3271 curn·
866 3224 963 3272 motus
987 3215 1015 3269 in
1039 3212 1103 3287 ejus
1126 3212 1251 3285 vestigia
1273 3210 1415 3286 pervenit.
1460 3206 1506 3265 Ita
1531 3204 1569 3271 lit

210 3299 394 3354 successione
418 3308 564 3368 motuum,
593 3310 625 3356 ut
649 3298 838 3359 enucleentur
864 3301 1065 3377 proportiones
1093 3298 1280 3369 iramrouicae
1310 3297 1347 3353 ab
1371 3294 1562 3365 inconcinnis,

211 3391 240 3443 et
261 3392 391 3442 secretae
413 3404 432 3441 a
454 3388 580 3443 mixtura
602 3384 726 3454 illarum,
751 3386 842 3446 veluti
866 3406 955 3464 purae
978 3389 1007 3443 in
1031 3385 1095 3444 luce
1118 3386 1330 3442 constituantur
1360 3381 1456 3456 adque
1479 3396 1563 3440 com-

210 3470 445 3545 prehendendum
469 3475 603 3531 sensibus
626 3476 855 3549 exporrigentur.
900 3474 1043 3548 Adeoque
1065 3490 1101 3531 ue
1116 3489 1198 3530 meus
1218 3474 1281 3548 ipsa
1297 3468 1415 3543 quidem
1440 3471 1468 3523 iu
1494 3467 1564 3525 data

210 3560 382 3631 quantitate,
397 3562 599 3634 proportiones
622 3560 821 3620 harmonicas·
839 3564 901 3620 siue
926 3561 1052 3637 quadam
1085 3567 1181 3617 motus
1209 3559 1335 3633 imagine
1363 3555 1502 3614 discernit
1524 3551 1563 3611 ab

211 3647 389 3705 inconcinnis
417 3647 551 3717 induitis,
581 3656 649 3707 aute
677 3657 707 3706 et
730 3660 796 3727 post
818 3651 980 3723 stantibus,
1012 3647 1064 3707 sed
1094 3647 1275 3724 pertransitis
1298 3638 1395 3727 (verbi
1417 3659 1507 3700 causa
1528 3642 1557 3697 iu

211 3728 335 3812 circuio)
358 3734 504 3816 sabiensis
531 3735 667 3805 infinitis,
698 3738 726 3793 iu
756 3737 896 3796 subtensa
927 3738 1029 3795 tertiae
1059 3743 1111 3793 aut
1141 3741 1263 3809 quartae
1290 3733 1392 3808 partis*
1409 3727 1507 3788 circuli
1521 3736 1560 3785 et

210 3818 354 3877 similibus
378 3838 501 3895 operosa
530 3831 575 3879 est
597 3824 718 3899 ejusque
742 3823 1018 3882 demonstrationem
1049 3823 1174 3897 exquirit
1201 3827 1389 3897 praestatque
1418 3817 1561 3889 cogitatu,

212 3906 289 3982 quod
312 3917 442 3982 praestat
464 3900 567 3967 manus
591 3910 680 3968 ducta
700 3910 792 3983 linea,
822 3919 854 3968 ut
877 3929 942 3971 eam
965 3911 1022 3969 hoc
1044 3917 1110 3967 actu
1139 3914 1271 3967 secemat
1301 3906 1338 3965 ab
1361 3903 1480 3962 infinitis
1503 3916 1562 3960 non

212 3996 347 4064 cogitatis
377 4007 407 4052 et
428 4013 486 4053 uon
511 3995 621 4068 ductis,
651 3998 769 4072 atejus
800 4000 1019 4072 congruentiam
1050 4006 1101 4054 aut
1124 3995 1367 4071 incongruitatem
1399 3992 1562 4049 seorsima

212 4083 314 4139 ceteris
337 4098 417 4139 mens
441 4086 595 4143 intueatur.

298 4168 384 4225 Meus
413 4170 530 4244 quidem
560 4174 616 4229 ista
642 4178 753 4246 potest.
778 4173 848 4246 quia
875 4170 1028 4231 voluntate
1051 4172 1140 4227 utitur
1170 4183 1281 4241 suoque
1305 4165 1447 4223 arbitratu
1475 4162 1564 4222 saltat

212 4255 315 4344 {milla
338 4260 531 4331 quantitatum
560 4259 672 4316 infinita
694 4258 852 4326 divisione,
883 4276 959 4334 quae
988 4267 1052 4318 tota
1081 4257 1170 4315 menti
1193 4253 1278 4311 simul
1309 4261 1425 4329 praesto
1457 4258 1503 4309 est
1524 4247 1564 4309 ad

213 4349 227 4401 t
330 4344 413 4413 dum,
443 4347 592 4404 sensioues
624 4363 693 4405 vero
724 4347 985 4422 perceptioucsque
1015 4345 1091 4405 aliae
1121 4341 1285 4409 naturales,
1318 4346 1414 4396 motus
1437 4337 1563 4411 denique

213 4341 380 4524 aar.
413 4449 462 4505 per
486 4449 560 4507 quos
583 4433 760 4507 adjuvantur
789 4437 1004 4509 perceptiones,
1034 4449 1091 4489 non
1119 4433 1160 4487 sic
1189 4431 1216 4484 iu
1241 4429 1395 4484 animantis
1419 4432 1564 4501 potestate

213 4509 375 4604 meliti,
406 4521 430 4574 si
453 4519 557 4577 infiniti
581 4523 644 4579 soni
677 4530 727 4579 arrt
754 4521 887 4578 binorum
912 4520 1093 4595 planetarum
1124 4515 1254 4573 infruitae
1277 4514 1481 4589 angulationes
1514 4527 1564 4588 per

214 4607 306 4665 ιὀιιιιιι
331 4606 429 4663 circuli
454 4608 595 4665 ambitum
626 4608 710 4665 simul
743 4608 846 4667 codem
870 4616 1000 4683 tempore
1035 4608 1107 4663 iuter
1130 4620 1162 4662 se
1185 4602 1324 4661 corilusae
1347 4608 1459 4671 esseut,
1490 4615 1562 4673 pos·

214 4695 269 4750 sint
291 4710 323 4750 se
346 4693 509 4751 subducere
532 4713 549 4751 a
573 4695 725 4769 rejecticlls
749 4697 835 4770 inque
858 4693 938 4752 solos
960 4693 1109 4770 placentes
1131 4707 1196 4749 sese
1212 4692 1356 4765 recipere3
1380 4704 1453 4763 opus
1476 4688 1565 4760 igitur

213 4779 323 4838 babent
345 4789 435 4851 motu,
459 4799 517 4855 quo
541 4781 735 4840 intercedente
758 4784 864 4854 omnia,
887 4799 963 4857 quae
987 4780 1159 4855 quantitatis
1183 4794 1272 4836 eausa
1295 4776 1434 4834 contusae
1456 4782 1563 4844 essent,

214 4885 266 4942 per
289 4878 422 4942 tempora
445 4868 629 4927 succedentis
645 4868 829 4942 evolvantur,
853 4877 885 4926 ut
899 4867 1014 4942 singula
1030 4866 1095 4926 sola
1114 4865 1248 4923 sensibus
1270 4862 1412 4921 accidant.
1452 4858 1566 4934 Quodsi

216 4953 292 5012 oculi
316 4953 411 5013 simile
441 4956 510 5029 quid
540 4958 628 5013 menti
652 4966 790 5032 possunt,
822 4965 854 5016 ut
886 4973 921 5015 ex
945 4956 1115 5015 contusione
1147 4951 1259 5009 infinita
1282 4966 1339 5010 una
1369 4949 1577 5024 praesentium·

216 5046 278 5100 siue
303 5049 383 5100 motu
414 5040 524 5113 eligant
553 5046 766 5119 praestantiora
793 5041 841 5125 (ut
871 5046 895 5101 si
919 5060 1057 5101 manuum
1086 5056 1156 5097 usae
1179 5039 1355 5106 ministerio,
1388 5054 1422 5094 er
1445 5033 1565 5091 intinitls
1659 5086 1662 5090 ,

215 5129 314 5188 circuli
339 5131 487 5188 subteusis
508 5130 699 5207 possibilibus
722 5130 832 5205 eligant
845 5130 1049 5205 delineentque
1065 5128 1233 5186 subtensam
1255 5126 1357 5182 tertlae
1374 5125 1457 5199 parti,
1486 5120 1565 5196 latus

214 5234 255 5277 sc.
278 5212 447 5296 trianguli),
471 5214 502 5276 id
524 5220 617 5292 ipsum
641 5235 699 5276 nou
722 5226 782 5274 tam
807 5217 892 5288 oculi,
917 5235 1005 5292 quam
1029 5231 1109 5274 mens
1134 5215 1198 5287 lpsa
1220 5228 1272 5288 per
1295 5210 1395 5269 oculos
1419 5206 1577 5270 censenda.

215 5313 261 5363 est
283 5303 388 5374 iacere,
412 5320 465 5362 nec
488 5304 544 5362 boc
567 5304 654 5380 plane
678 5306 741 5362 sine
763 5311 859 5373 motu,
884 5312 916 5361 ut
939 5303 1013 5373 dixi,
1037 5317 1184 5360 manuum.

296 5388 343 5450 Ut
366 5393 453 5465 igitur
476 5392 553 5450 hauc
575 5392 809 5450 observationem
834 5390 978 5465 prioribus
999 5387 1198 5465 pronunciatis
1221 5384 1418 5461 applicemus,
1442 5388 1565 5459 oporiet,

216 5481 240 5536 si
264 5495 310 5536 res
333 5478 435 5552 aliqua
457 5481 615 5553 genuinum
639 5478 726 5536 debet
749 5493 814 5535 esse
837 5477 1001 5551 subjeetum
1016 5474 1210 5552 proportionis
1232 5472 1428 5543 harmonicae,
1451 5463 1577 5544 oportst'

217 5569 337 5639 inquam
359 5573 389 5623 et
411 5569 619 5641 quantitatem,
650 5563 863 5638 longitudinem
893 5580 934 5622 sc.
965 5565 994 5623 in
1018 5560 1069 5621 illa
1092 5577 1121 5619 re
1145 5564 1240 5618 inesse
1268 5567 1297 5617 et
1326 5559 1411 5633 signa
1441 5574 1505 5617 esse
1526 5555 1567 5616 ad
1633 5627 1634 5630 Ἴ

216 5654 286 5711 bine
308 5654 418 5724 minus,
450 5656 475 5712 si
498 5650 650 5728 longitudo
675 5659 719 5712 est
742 5649 882 5729 circulus,
915 5648 963 5710 vel
986 5650 1077 5723 trina,
1107 5650 1131 5706 si
1154 5655 1234 5713 recta
1257 5646 1350 5719 linea,
1373 5642 1567 5733 quorumvel
