3684 7259
309 1190 374 1252 aas
498 1177 501 1182 ’
716 1186 759 1243 ne
776 1186 1040 1260 magnaeanum
1061 1189 1238 1248 umorum.

221 1361 226 1371 '
308 1362 546 1440 muhaflouibm
563 1362 785 1420 uaireraallcrum
803 1372 832 1420 et
848 1365 1041 1436 simpliciorum
1058 1365 1226 1435 merim?
1260 1365 1384 1422 Dicimus
1409 1364 1494 1435 enirm
1520 1363 1557 1421 ad
1572 1380 1656 1436 quaa

309 1443 378 1499 aitse
393 1442 433 1498 rei
450 1441 680 1512 investigationem
701 1444 802 1515 ubique
819 1445 952 1517 principia
968 1453 996 1502 et
1013 1445 1214 1516 propositiones
1234 1461 1296 1501 esse
1313 1444 1589 1502 demonstrationibus
1606 1458 1657 1502 scu

308 1518 524 1588 conclusionibus
546 1530 683 1593 cognatas.
720 1522 750 1579 Si
773 1525 854 1594 igitur
875 1525 1025 1596 singularia
1049 1524 1259 1594 universalibus,
1285 1523 1308 1579 si
1330 1524 1440 1580 sensilia
1462 1522 1655 1579 ratiocinativis

309 1606 373 1658 suat
391 1616 500 1669 musae,
519 1602 653 1674 quomodo
671 1602 730 1659 fieri
746 1611 851 1680 potest,
876 1614 906 1662 ut
924 1604 1160 1664 demonstrationis
1178 1604 1310 1659 terminus
1327 1601 1362 1657 ad
1379 1602 1465 1673 magis
1482 1600 1655 1671 universalia,

308 1693 363 1736 uon
379 1679 415 1744 ad
432 1680 557 1749 partialis
574 1679 707 1736 referatur
724 1689 808 1760 utque
824 1684 1047 1741 intellectualium
1066 1701 1146 1756 quam
1159 1683 1297 1739 sensilium
1309 1681 1455 1736 urendam
1471 1679 1655 1751 cognatiorem

309 1756 581 1815 demonstrationibus
599 1761 769 1829 probemus'i·
800 1764 844 1820 Sic
869 1766 939 1819 enim
957 1765 1121 1833 loquuntur:
1147 1779 1202 1818 nou
1227 1762 1249 1817 si
1273 1762 1334 1832 quis
1358 1761 1537 1829 demonstret,
1563 1759 1655 1828 aequi·

310 1854 417 1893 crurum
441 1836 541 1891 habere
564 1838 677 1906 angulos
695 1839 801 1898 duobus
818 1844 899 1899 rectis
917 1844 1059 1913 aequales,
1086 1843 1157 1898 idem
1181 1842 1392 1910 aequilaterum,
1417 1839 1489 1896 idem
1507 1839 1654 1904 scalenum,

309 1916 365 1973 boc
379 1918 448 1973 scire
466 1925 508 1973 est
524 1916 687 1988 legitimum,
711 1919 760 1975 sed
777 1922 801 1975 is
816 1922 957 1977 scientiam
974 1922 1090 1991 propria
1102 1921 1201 1975 dictam
1218 1918 1344 1987 habebit,
1363 1918 1410 1986 qui
1428 1918 1462 1973 de
1480 1918 1553 1973 omni
1570 1919 1655 1973 arian·

310 1986 374 2056 galo
393 1985 549 2057 simpliciter
566 1990 620 2045 hoc
636 1989 869 2049 demonstraverit
904 1995 986 2049 Item:
1007 1990 1171 2064 universalia
1188 1990 1300 2045 maiora
1317 2004 1378 2046 essa
1395 1988 1431 2044 sd
1449 1988 1656 2045 demonstratio·

310 2082 379 2134 pern,
398 2082 478 2136 qnam
495 2068 676 2137 parbcuiaria
712 2071 852 2140 Amplius:
872 2072 957 2138 magis
975 2068 1166 2125 uniuersalium
1184 2084 1246 2124 ease
1263 2068 1519 2131 demonstrationes.
1542 2084 1578 2124 ex
1594 2068 1656 2139 qut

310 2145 361 2200 bus
379 2159 442 2198 sero
466 2154 591 2202 coustant
609 2146 865 2215 demonstrationes,
894 2151 941 2228 illa
965 2152 1058 2221 priora
1075 2165 1135 2205 essa
1160 2155 1188 2203 et
1209 2154 1308 2203 natura
1329 2146 1492 2215 praecedere
1509 2146 1658 2215 singularia

309 2232 337 2282 et
353 2240 450 2281 musas
468 2240 528 2280 esse
546 2241 647 2295 eorum,
665 2244 735 2297 quae
753 2230 910 2299 probantur.
946 2230 1064 2286 linitum
1076 2228 1160 2297 igitur
1177 2231 1277 2285 absunt
1289 2227 1419 2284 scientiae
1436 2228 1604 2300 apodicticae
1621 2227 1655 2282 ab

309 2303 369 2373 hoe,
388 2308 419 2358 ut
436 2303 507 2359 circa
523 2305 675 2373 posteriora
693 2315 755 2362 omn
772 2316 800 2363 et
818 2308 976 2365 obscuriora
994 2306 1103 2364 sensilia
1119 2306 1321 2399 propositiones
1339 2324 1404 2365 suas
1428 2308 1580 2364 mendicato
1599 2306 1655 2364 eol·

263 2453 265 2458 ,
310 2384 405 2453 ligant.
440 2383 535 2439 Dicam
553 2383 664 2453 insuper
682 2392 710 2463 et
727 2385 779 2442 hoc
796 2388 920 2442 tertium:
943 2386 1006 2441 illos
1023 2386 1139 2441 animam
1164 2386 1285 2444 viliorem
1302 2386 1393 2443 iacere
1415 2388 1481 2458 ipsis
1504 2386 1656 2458 speciebus.

311 2459 357 2532 qul
375 2462 443 2519 haec
460 2462 561 2520 dbunt
597 2463 667 2519 Nam
686 2464 708 2519 si
726 2467 838 2522 materia
856 2466 968 2538 suscipit
986 2484 1003 2522 a
1020 2474 1118 2522 natura
1135 2466 1195 2532 illa,
1214 2482 1284 2536 quae
1302 2472 1365 2520 suni
1383 2465 1538 2521 essentialia
1554 2474 1583 2521 et
1600 2480 1655 2520 ma·

311 2541 352 2613 gis
370 2542 444 2597 entia
461 2551 489 2599 et
506 2538 679 2609 evidentiora,
697 2546 785 2601 anima
803 2561 866 2601 vero
883 2545 1029 2617 posteriori
1041 2554 1103 2602 actu
1123 2544 1222 2615 accipit
1240 2543 1339 2599 abillis
1351 2544 1528 2615 exemplaque
1546 2550 1575 2598 et
1590 2542 1656 2598 iura·

308 2619 385 2689 mnes
403 2629 465 2677 ortu
482 2624 626 2692 posteriori
647 2622 725 2692 fingit
747 2625 774 2680 in
794 2640 823 2679 se
840 2627 914 2696 ipsa,
941 2626 1089 2696 respiciens
1107 2624 1142 2681 ad
1155 2624 1293 2694 essentias
1318 2622 1426 2679 viliores
1449 2630 1477 2679 et
1495 2623 1656 2700 abstrahens

308 2701 462 2771 asceteria,
480 2717 549 2772 quae
568 2704 715 2770 secundum
733 2704 818 2773 ipsius
836 2712 961 2759 naturam
979 2707 1053 2759 sunt
1061 2702 1262 2774 inseparabilia,
1281 2718 1373 2758 nonne
1385 2703 1501 2758 animam
1519 2703 1580 2772 ipsa
1598 2718 1655 2757 ma-

308 2779 376 2835 toria
394 2778 575 2835 obscuriorem
593 2780 852 2851 indigentioremque
869 2783 989 2840 iaciunt?
1024 2784 1095 2839 Nam
1113 2790 1142 2838 et
1157 2782 1272 2838 materia
1288 2782 1365 2837 locus
1384 2787 1428 2837 eat
1444 2781 1593 2837 nummata
1612 2797 1654 2838 ra-

307 2857 438 2926 tionibus,
465 2861 537 2915 sient
558 2860 647 2916 anima
669 2862 810 2931 speciebus
828 2864 1039 2927 ennicariis).
1074 2864 1157 2919 Esset
1174 2876 1237 2915 vero
1261 2859 1309 2915 ilia
1327 2860 1403 2915 locus
1427 2859 1575 2930 prioribus.
1600 2858 1655 2915 ista

308 2938 484 3007 secundariis,
502 2948 530 2994 ei
547 2939 595 2994 illa
612 2940 738 2995 ducatum
757 2940 940 3003 obtinentibus
958 2941 986 2996 in
1004 2940 1127 3008 essendo,
1148 2939 1202 2995 ista
1219 2938 1422 2995 subsistentiam
1439 2938 1602 2994 habentibus
1620 2938 1655 2993 ab

308 3015 375 3086 illis,
400 3016 516 3088 denique
535 3016 583 3076 illa
599 3017 680 3074 iactis
698 3018 844 3074 secundum
862 3019 1020 3089 essentiam,
1045 3020 1100 3076 ista
1116 3017 1280 3088 nuncupatis
1302 3017 1451 3073 secuudum
1467 3016 1652 3073 intentionem

309 3092 451 3163 Quomodo
476 3097 559 3166 igitur
583 3098 684 3167 anima,
710 3098 808 3153 mentis
831 3105 859 3154 et
882 3098 1074 3159 intellectualis
1096 3097 1199 3167 primae
1220 3096 1355 3153 essentiae
1374 3096 1512 3166 particeps
1535 3104 1563 3152 et
1585 3111 1656 3165 qnae

308 3174 488 3243 cognitionem
505 3175 568 3232 inde
586 3185 797 3233 consummatam
815 3176 905 3247 habet,
924 3178 1058 3249 quomodo
1075 3176 1186 3246 inquam
1203 3175 1284 3231 etiam
1303 3173 1552 3230 obscurissimarum
1570 3174 1655 3231 totius

311 3253 381 3310 ritae
399 3257 550 3324 specierum
567 3258 619 3311 erit
636 3254 851 3327 receptaculum,
872 3256 956 3312 infimi
975 3255 1079 3311 scilicet
1095 3255 1124 3310 iu
1141 3251 1223 3310 rebus
1240 3254 1341 3323 gratim
1363 3254 1534 3326 omniumque
1557 3254 1655 3325 imper·

309 3329 451 3388 lectissimi
468 3332 503 3388 ad
521 3333 685 3391 essendum?
721 3335 821 3389 Verum
840 3334 910 3389 hauc
928 3335 1082 3405 opinionem
1100 3348 1259 3404 oppugnare
1275 3332 1414 3406 pluribus,
1432 3350 1502 3403 quae
1520 3334 1621 3393 dudum
1639 3351 1656 3390 a

308 3408 399 3465 multis
417 3419 460 3467 est
477 3412 614 3484 flagellata
632 3431 666 3471 ex
682 3415 791 3480 meum,
809 3429 1005 3484 superuacuum
1024 3413 1155 3468 existimo.

274 3539 277 3548 .
380 3488 482 3558 Quodsi
499 3510 553 3549 uon
571 3493 693 3550 existunt
707 3494 914 3552 mathematicae
932 3494 1038 3564 species
1056 3508 1105 3561 per
1119 3493 1327 3550 abstractionem
1340 3494 1550 3565 materiatarum,
1568 3509 1657 3568 neque

310 3584 359 3639 per
376 3568 562 3626 collectionem
580 3587 686 3643 eorum,
712 3590 783 3644 quae
800 3576 892 3629 insunt
909 3571 937 3627 in
955 3568 1138 3641 singularibus
1157 3575 1324 3643 communia,
1351 3590 1439 3643 neque
1466 3575 1574 3631 omnino
1592 3584 1657 3632 sunt

309 3657 370 3707 ortu
387 3650 552 3719 posteriores
570 3660 618 3709 aut
634 3669 669 3709 ex
687 3652 846 3733 usualibus,
863 3667 987 3718 ‚necesse
1005 3651 1098 3720 utique
1116 3649 1211 3717 fuerit,
1237 3660 1268 3708 ut
1285 3653 1376 3708 anima
1393 3652 1435 3708 uel
1453 3668 1470 3708 a
1487 3669 1517 3709 sa
1534 3654 1596 3724 ipsa
1613 3654 1657 3711 vel

310 3740 434 3790 amente
451 3737 615 3788 transsumat
632 3730 708 3801 illas,
735 3734 777 3788 vel
796 3732 913 3801 denique
938 3739 966 3788 et
984 3748 1001 3786 a
1019 3745 1048 3786 se
1073 3737 1100 3785 et
1120 3747 1137 3786 a
1154 3738 1244 3787 mente
1270 3730 1389 3799 simul.·)
1424 3731 1566 3805 verensi
1591 3746 1608 3785 a
1627 3746 1657 3785 se

310 3812 377 3882 sola,
396 3812 530 3884 quomodo
548 3820 628 3868 erunt
644 3812 774 3881 imagines
790 3811 1013 3868 intellectualium
1032 3810 1196 3880 specierum,
1217 3808 1351 3880 quomodo
1370 3816 1449 3866 erunt
1467 3808 1570 3866 mediae
1587 3809 1658 3864 inem

229 3958 233 3965 Δ
311 3893 464 3965 partibilem
483 3898 511 3947 et
527 3888 717 3960 impartibilem
737 3898 869 3957 naturam,
887 3907 949 3946 cum
965 3888 1066 3946 nullam
1083 3888 1209 3959 aprinis
1231 3889 1490 3946 consummationem
1513 3888 1548 3944 ad
1566 3903 1658 3944 esseu-

312 3973 374 4029 dum
393 3969 561 4029 sortiantur?
578 3965 715 4038 quomodo
731 3968 849 4039 denique
866 3970 954 4041 prima
973 3963 1104 4040 exempla,
1121 3954 1309 4038 paiadigmata
1327 3966 1370 4023 sel
1387 3961 1479 4039 ide'ae,
1505 3983 1575 4039 quae
1594 3976 1658 4025 sunt

309 4052 338 4105 in
356 4058 456 4121 niente,
477 4056 541 4105 suut
558 4048 742 4102 uniuersorum
761 4047 916 4117 principes?
952 4046 998 4101 Sin
1016 4062 1079 4101 uero
1098 4061 1115 4101 a
1132 4052 1226 4125 merito⁸
1238 4045 1297 4100 sola
1314 4051 1533 4103 transsumuntur
1556 4047 1658 4103 iliani·

312 4146 392 4199 mam,
410 4127 544 4200 quomodo
562 4128 652 4182 anima
669 4126 788 4181 manebit
805 4125 865 4195 ipsa
883 4140 913 4180 se
932 4124 992 4195 ipsa
1010 4139 1127 4196 operans
1146 4140 1230 4195 seque
1247 4126 1334 4195 ipsam
1351 4131 1470 4200 movens,
1489 4127 1512 4181 si
1529 4126 1658 4184 maionem

312 4224 381 4280 quae
399 4215 462 4265 sunt
478 4208 506 4262 in
524 4208 592 4276 ipsa,
610 4206 646 4262 ad
663 4219 784 4261 normam
802 4204 994 4260 subsistentiae
1012 4203 1119 4260 illarum
1137 4219 1239 4272 rernm,
1267 4220 1338 4274 quae
1355 4207 1390 4262 ab
1408 4204 1461 4259 alio
1480 4204 1599 4273 cientur,
1615 4207 1657 4261 iu-

310 4287 448 4364 duxerunt
465 4288 492 4343 in
510 4288 596 4357 ipsam
615 4282 742 4341 aliunde?
776 4284 813 4338 Et
831 4283 895 4353 quid
913 4282 1022 4339 differet
1040 4284 1130 4339 anima
1147 4297 1164 4337 a
1181 4282 1306 4351 materia,
1326 4298 1395 4353 quae
1414 4283 1502 4338 solum
1520 4289 1657 4354 potestate

310 4375 353 4424 est
370 4366 472 4433 omnia,
490 4364 557 4419 nihil
574 4373 638 4419 iero
657 4363 691 4418 de
709 4361 856 4421 materiatis
871 4364 1015 4433 speciebus
1034 4361 1164 4432 generat?
1635 4404 1637 4407 <

395 4447 492 4501 Restm
509 4443 603 4511 igitur,
631 4448 661 4495 ut
680 4440 770 4495 anhns
786 4446 813 4493 ct
831 4455 848 4494 a
865 4455 895 4494 sc
911 4442 972 4510 ipsa
995 4448 1024 4496 et
1041 4457 1057 4496 a
1074 4448 1165 4495 mente
1183 4446 1350 4496 umssumat
1365 4440 1420 4496 ista
1444 4448 1472 4495 et
1497 4448 1528 4498 ut
1543 4442 1605 4511 ipsa
1621 4440 1660 4496 ait

310 4524 437 4583 absoluta
454 4522 648 4579 commmatio
666 4520 830 4590 specierum,
857 4535 928 4588 quae
946 4519 980 4574 ab
997 4518 1226 4575 intellectualibus
1249 4520 1344 4589 primis
1362 4520 1494 4589 exemplis
1512 4536 1561 4576 seu
1578 4536 1658 4591 para-

310 4599 471 4675 digmatibus
488 4619 506 4656 a
523 4618 553 4657 se
570 4602 636 4671 ipsis
654 4600 753 4670 genitia
771 4599 974 4655 subsistentiam
992 4600 1094 4657 habent
1117 4608 1144 4653 ei
1162 4612 1302 4653 accessum
1328 4597 1364 4653 sd
1382 4598 1471 4667 ipsum
1497 4614 1573 4654 esse
1600 4616 1658 4656 aor-

310 4684 421 4740 liuntur.
456 4683 552 4751 Itaque
569 4677 738 4751 nequaquam
756 4686 799 4734 est
815 4679 905 4733 anima
922 4678 1018 4735 tabula
1032 4694 1107 4745 rasa,
1128 4678 1162 4732 sb
1180 4675 1304 4731 omnibus
1322 4676 1473 4732 rationibus
1492 4693 1590 4748 suom,
1609 4678 1658 4734 sed

311 4767 354 4818 sat
370 4750 472 4831 s'cripta
489 4775 596 4830 semper
612 4757 707 4814 abula
723 4758 877 4827 scribitque·
889 4766 917 4816 et
930 4758 995 4828 ipsa
1011 4758 1038 4811 in
1051 4773 1080 4814 se
1091 4758 1179 4826 ipsam
1198 4756 1376 4825 etscripturis
1390 4756 1519 4826 impletur
1530 4772 1547 4811 a
1558 4763 1657 4811 menta

313 4840 365 4896 Est
389 4840 460 4895 enim
486 4839 575 4894 anima
600 4851 677 4893 mens
703 4851 753 4892 seu
771 4837 931 4901 intellectus
959 4835 1081 4905 quidam,
1106 4833 1152 4905 qui
1171 4850 1200 4887 se
1218 4834 1307 4904 ipsum
1327 4835 1475 4890 secuudum
1491 4835 1610 4905 priorem
1627 4850 1658 4891 se

311 4918 479 4976 intelletum
499 4917 624 4985 revolvit,
650 4915 740 4985 imago
757 4913 829 4978 iliius
854 4920 882 4986 et
899 4914 987 4985 figura
1008 4929 1057 4967 seu
1080 4920 1160 4982 typus
1184 4910 1250 4966 ioris
1270 4910 1417 4983 iactus.**)
1454 4911 1483 4968 Si
1506 4912 1589 4982 uitur
1611 4910 1658 4969 iiie

312 4998 401 5055 omnia
417 4994 638 5054 intellectualiter
655 4999 705 5064 est,
723 4992 775 5047 erit
792 5000 821 5049 et
832 4993 921 5048 anima
933 4993 1022 5048 omnia
1035 4988 1197 5058 animaliter3
1217 4998 1245 5045 et
1258 4991 1281 5045 si
1293 4991 1339 5046 ilie
1351 4991 1550 5062 exemplariter,
1568 4992 1659 5048 anima

311 5077 434 5149 imaginis
451 5077 480 5130 in
497 5072 618 5142 modum
637 5080 666 5129 et
682 5071 705 5129 si
723 5071 769 5127 ilie
787 5072 945 5129 connectim
964 5078 992 5126 et
1003 5070 1106 5130 unitim,
1124 5070 1213 5125 anima
1225 5070 1337 5126 divisim.
1374 5069 1453 5140 Quod
1467 5088 1527 5129 oum
1540 5078 1568 5127 et
1578 5071 1658 5127 Plato

311 5154 498 5224 intellexisset,
504 5154 559 5222 m)
577 5153 692 5210 animm
704 5167 739 5207 ex
748 5151 871 5207 omnibus
884 5150 1024 5206 constituit
1036 5150 1178 5221 divisitque
1191 5148 1339 5205 secundum
1351 5164 1477 5204 numeros
1488 5149 1659 5222 reduxitque

312 5234 444 5303 analogiis
462 5240 490 5288 et
507 5230 658 5290 rationibus
675 5230 846 5295 harmonicis,
865 5230 946 5299 inque
964 5229 1051 5299 ipsam
1068 5228 1183 5284 contulit
1200 5228 1333 5299 principia
1350 5221 1437 5298 prima
1454 5226 1601 5298 figurarum
1620 5228 1658 5285 ei·

387 5374 414 5425 θ)
428 5372 530 5414 Animam
537 5371 689 5422 bicintailtgit
696 5369 904 5421 meneipmeipm,
920 5370 992 5411 Deum
1002 5372 1099 5411 crsatm
1105 5369 1219 5419 Platoeiar
1233 5370 1329 5412 mentam
1338 5379 1400 5418 vero,
1416 5380 1481 5421 quam
1491 5369 1614 5411 Obrimiaei
1623 5370 1656 5411 tt·

312 5428 470 5506 asraaiipaam
477 5426 549 5468 Deum
556 5425 692 5474 mern,
699 5425 762 5474 cujas
772 5426 878 5473 imegtuer
886 5426 940 5463 ruet
947 5433 1023 5463 omnes
1031 5424 1117 5464 mimae
1124 5425 1220 5470 umiae,
1229 5423 1359 5473 corporibus
1367 5422 1508 5463 emmunim
1520 5422 1657 5473 praetactae.

418 5481 429 5527 l
443 5478 577 5522 chiatlaula
591 5484 614 5518 st
629 5482 682 5518 ruet
696 5478 781 5516 animae
798 5473 934 5526 exempirria
947 5473 1072 5524 creatoris,
1089 5481 1116 5527 ,st
1135 5472 1291 5517 crismentur
1305 5477 1425 5518 etiamnum
1438 5476 1465 5515 ab
1479 5476 1519 5516 illo
1534 5486 1574 5525 per
1588 5487 1656 5528 quau·

315 5531 365 5572 dam
378 5532 442 5573 salat
454 5530 619 5572 irradiationem
632 5532 711 5569 vuitus
724 5527 794 5569 divini
807 5529 830 5568 iu
844 5530 914 5577 ipsas.
1621 5531 1624 5535 ·
1666 5553 1668 5557 -

390 5584 446 5633 Μ)
458 5585 485 5625 lc
499 5584 589 5624 Timaeo
625 5584 663 5634 qul
677 5586 713 5624 asi
726 5582 783 5625 citu-a
796 5592 880 5622 uuam
894 5580 1039 5636 dubitationis
1062 5581 1134 5621 aiaam
1150 5582 1320 5631 commentarius
1339 5578 1427 5630 quitiam
1447 5581 1469 5619 in
1484 5582 1576 5631 princ·
1589 5584 1659 5631 caput

313 5635 430 5678 (ineram
443 5646 485 5677 acu
498 5635 550 5676 iibri
562 5634 582 5675 1.
596 5610 680 5684 fissia,
702 5633 861 5690 amnaiormanp
875 5634 937 5673 iilum
950 5634 974 5674 lu
987 5629 1149 5684 philosophiam
1162 5634 1346 5686 Pythagoricum,
1368 5631 1393 5671 ut
1405 5631 1472 5674 iacllc
1491 5636 1556 5685 putat
1569 5636 1658 5677 amata

313 5688 401 5741 lassati
414 5691 439 5731 at
451 5688 520 5747 carba
532 5687 583 5739 ipsa
594 5685 665 5728 acea
677 5681 798 5728 litati&-
813 5684 945 5728 conismih
1255 5697 1258 5701 ·
1445 5697 1447 5706 ι
1728 5701 1730 5706 .
