3684 7259
752 1253 793 1310 ds
810 1253 966 1332 Harmonia
1499 1261 1538 1321 6'1

186 1430 327 1477 rusticatim
345 1431 444 1495 tangit,
462 1435 594 1496 postqum
612 1431 691 1479 nescit
708 1429 807 1492 placide
824 1437 849 1481 et
865 1433 1017 1481 urbeuatim.
1052 1431 1160 1481 Proinde
1178 1431 1318 1481 mirandum
1337 1445 1386 1480 nou
1405 1436 1455 1497 est,
1474 1434 1496 1480 si
1515 1436 1540 1480 et

186 1501 307 1561 temporis
327 1505 353 1548 et
370 1501 465 1549 laboris
482 1503 522 1550 rel
539 1502 643 1549 lusumti
660 1500 788 1564 hucusque
806 1505 942 1551 autetiam
961 1502 1076 1563 deinceps
1094 1502 1236 1550 insumendi
1258 1499 1284 1550 in
1302 1503 1369 1551 huuc
1385 1497 1539 1569 capuloque,

185 1568 345 1633 mpqnlos
363 1584 395 1618 ac
413 1572 564 1620 cersicmm
583 1571 707 1619 bominem
724 1573 861 1638 poeniteat,
886 1574 931 1637 qui
949 1572 1012 1621 uihll
1030 1579 1123 1620 rectum
1141 1578 1213 1635 putat
1231 1577 1255 1620 et
1273 1586 1372 1637 verum,
1404 1573 1452 1619 niel
1472 1571 1540 1636 quod

177 1640 237 1691 „scit
253 1640 321 1703 ipss,
340 1641 406 1705 imo,
425 1654 457 1689 ua
474 1642 593 1705 mentiar,
611 1655 660 1690 non
679 1642 733 1689 ecit
910 1687 919 1695 ,

275 1709 400 1773 Equidem
418 1710 503 1759 uthis
522 1711 620 1759 duobus
638 1711 778 1759 molestiam
796 1711 844 1758 tibi
862 1724 953 1771 erasm,
977 1725 1028 1760 nou
1046 1711 1248 1770 sst,vereudum.
1286 1713 1384 1759 Veritas
1402 1712 1463 1759 mihi
1482 1724 1538 1759 sco-

152 1775 165 1792 “
187 1791 236 1840 pua
252 1786 298 1843 est,
317 1781 387 1828 omui
405 1779 569 1829 delectatione
585 1781 676 1844 potior,
695 1786 913 1845 quantamcunque
931 1779 1078 1844 pollicentur
1095 1781 1194 1829 taudem
1207 1788 1347 1829 monstrosa
1359 1783 1471 1846 novitas;
1491 1781 1539 1829 iur-

186 1850 276 1911 prinels
303 1855 372 1899 totus
396 1851 493 1899 elianus
516 1865 572 1900 sum
595 1865 611 1898 a
633 1852 835 1900 contentionibus
860 1858 886 1899 et
903 1853 1079 1902 obstinatione.
1115 1851 1143 1900 Sl
1161 1852 1297 1900 monendus
1319 1852 1424 1914 aliquis,
1451 1864 1540 1900 moneo

188 1919 298 1967 breviter
315 1926 341 1968 et
359 1920 458 1984 blande,
476 1927 570 1969 remota
587 1923 722 1970 acerbitate
740 1927 765 1969 et
783 1921 934 1970 contumelia
951 1922 1090 1986 verborum,
1109 1927 1232 1985 quantum
1249 1925 1303 1981 ejus
1317 1922 1456 1983 perspicere
1466 1935 1539 1984 queo.

186 1988 233 2037 Sin
252 2002 303 2037 nou
322 1989 421 2049 obedit,
446 1992 468 2038 el
486 1997 606 2053 repugnet
629 1997 655 2039 et
672 2005 750 2051 nugas
767 1992 832 2053 agit,
856 1994 945 2039 omitto
968 1994 995 2041 lu
1013 1999 1138 2054 posterum
1156 1993 1262 2053 penitus.
1298 1990 1369 2039 Haec
1387 2004 1470 2051 mens,
1498 1991 1540 2039 lrlc

188 2060 295 2107 animus
312 2060 383 2107 mihi.
397 2084 429 2094 -
442 2060 501 2110 Jam
518 2075 545 2109 ss
559 2075 688 2130 ercusaus,
707 2061 774 2125 quod
793 2075 819 2109 se
836 2062 999 2110 immiscuerit
1016 2060 1103 2110 litibus
1116 2059 1267 2126 liegeliauis,
1286 2061 1379 2122 pergit:
1398 2061 1439 2109 Sic
1457 2066 1539 2108 tecum

186 2130 278 2194 mdo,
295 2144 347 2193 quo
365 2132 477 2191 apertius
494 2131 652 2180 mendacium
670 2138 695 2179 et
713 2130 839 2179 stoliditas
857 2133 994 2196 insignior,
1016 2132 1063 2180 hoc
1080 2132 1160 2191 magis
1179 2130 1339 2181 inclarescere
1357 2130 1497 2191 veritatem,
1516 2135 1541 2179 at

185 2199 284 2247 Mem
299 2200 445 2248 innocenter
461 2202 569 2263 appetiti
585 2202 635 2249 sibl
652 2202 701 2263 ipsi
720 2201 844 2262 praesidio
863 2203 926 2250 nari.
962 2203 1029 2250 illuc
1046 2193 1127 2266 neque
1145 2215 1189 2263 ego
1209 2201 1239 2249 de
1258 2200 1381 2260 dignitato
1399 2204 1540 2247 nostrarum

185 2270 282 2317 artium
298 2267 405 2325 multum
421 2272 447 2318 in
466 2271 636 2320 adversarium
653 2271 779 2319 effundere
796 2271 874 2321 solui.
911 2273 959 2321 list
975 2266 1041 2321 enim
1059 2276 1151 2335 major,
1179 2286 1255 2334 quam
1274 2275 1302 2317 ut
1322 2279 1376 2318 eam
1396 2268 1435 2318 vel
1453 2272 1539 2318 couri·

187 2338 280 2387 ciendo
297 2338 450 2389 labefactare
468 2342 539 2400 alter,
557 2347 601 2389 aut
619 2355 665 2402 ego
683 2340 839 2390 defendendo
851 2340 1006 2404 amplificare
1023 2355 1122 2406 queam.
1159 2342 1223 2402 Ergo
1237 2348 1265 2389 ut
1282 2341 1309 2387 iu
1327 2341 1365 2388 his
1383 2340 1457 2388 rebus
1478 2341 1540 2388 satis

186 2409 235 2456 sim
254 2408 384 2458 dissimilis
402 2409 511 2475 liuberti,
529 2411 628 2472 Nagslil
645 2417 671 2460 et
688 2412 868 2478 sociennorum,
886 2418 969 2461 tamen
989 2418 1027 2461 est
1043 2411 1113 2459 eliud
1131 2412 1259 2475 quoddam
1272 2423 1401 2458 commune
1420 2424 1476 2458 cum
1494 2410 1539 2457 ils·

186 2478 245 2526 dest
262 2477 370 2543 (letabor
388 2481 455 2528 enim
472 2486 496 2529 st
514 2495 554 2530 me
570 2487 650 2530 totum
668 2482 780 2543 aperiam
797 2483 857 2542 tibi;
880 2482 937 2530 sicia
962 2489 991 2531 ut
1014 2484 1061 2531 sim
1085 2480 1232 2548 candidus);
1259 2495 1288 2528 eo
1311 2492 1342 2527 ue
1361 2480 1495 2527 oucndarts
1513 2485 1537 2527 et

186 2561 228 2596 me
245 2562 357 2610 ugregss
375 2563 391 2597 a
408 2555 435 2599 te
451 2551 541 2599 iterum
559 2553 635 2600 etiam
652 2557 728 2615 atque
746 2553 821 2598 etiem
839 2558 931 2601 metuo.
967 2552 1034 2615 Quid
1054 2565 1110 2600 vero
1128 2552 1209 2599 illudi
1245 2551 1380 2616 Imperitia,
1399 2550 1536 2614 puerilitas,

185 2619 291 2666 inscitia
314 2620 341 2666 iu
364 2621 404 2667 his
427 2622 516 2683 rebus,
541 2635 605 2685 quas
630 2624 747 2684 profiteor
769 2627 793 2671 st
815 2622 903 2682 ignoro
930 2628 1027 2686 tamen3
1054 2636 1092 2670 res
1119 2635 1150 2668 sa
1174 2635 1223 2669 non
1242 2634 1299 2667 rara
1321 2619 1423 2683 quidem
1448 2626 1472 2667 et
1496 2620 1536 2666 in·

186 2689 312 2753 irequem,
331 2686 442 2738 insoleus
461 2694 554 2755 tamem
572 2691 665 2755 audax,
683 2693 754 2741 mire.
791 2690 948 2740 Constitutus
967 2706 1021 2740 sum
1039 2691 1164 2754 professor
1181 2692 1321 2739 matheseos
1344 2689 1429 2737 aliena
1446 2690 1537 2751 potius,

186 2771 265 2821 quam
283 2771 339 2806 mea
356 2760 493 2821 voluntate,
512 2765 640 2810 consumto
654 2763 711 2822 jam
728 2763 819 2809 aetatu
837 2760 897 2810 flore
915 2765 1019 2827 acieque
1037 2763 1127 2810 mentis
1145 2763 1269 2810 tractatu
1288 2761 1360 2819 longe
1373 2759 1485 2824 diversis,
1504 2757 1537 2806 ad

186 2840 254 2891 quae
272 2830 425 2893 aspirabam,
444 2835 469 2877 et
486 2832 508 2878 si
524 2829 615 2880 inisset
631 2834 727 2896 absque
739 2833 791 2879 iate
804 2835 939 2894 perpetuae
950 2832 1130 2881 invaletudinis
1142 2831 1346 2895 supervenientis,
1365 2831 1470 2878 tortasse
1481 2842 1537 2891 per·
1630 2859 1633 2866 .

185 2903 308 2947 rmturus
326 2912 394 2947 mam
412 2900 478 2948 bono
496 2914 551 2948 cum
570 2902 631 2953 Deo.
668 2902 768 2950 Accessi
784 2896 970 2962 adrobrbassoc
988 2920 1030 2953 aas
1046 2898 1193 2963 σ’ψιμαθης,
1212 2902 1345 2949 destitutus
1364 2901 1423 2946 visa
1437 2912 1495 2947 soce
1514 2904 1538 2948 st

185 2968 382 3018 manuductione
399 2970 546 3019 idoneorum
562 2978 749 3034 praeceptorum
768 2974 904 3039 ceterisque
922 2973 1082 3021 adminiculis
1101 2979 1125 3019 et
1142 2972 1243 3037 mediis,
1267 2983 1333 3034 quac
1361 2969 1394 3017 ad
1413 2970 1557 3016 excelles«

187 3037 252 3085 tiam
269 3038 352 3087 ierunt
369 3037 491 3103 aliquam.
527 3042 615 3105 ltaque
634 3043 819 3091 observationes
837 3050 862 3091 et
878 3044 1035 3092 inventiones
1060 3057 1076 3090 a
1093 3056 1132 3090 me
1150 3042 1233 3090 nullas
1251 3041 1332 3088 habeo
1356 3044 1455 3100 patore:
1478 3038 1537 3102 dux,

187 3113 267 3169 maa
285 3109 420 3175 ingenium,
439 3112 552 3172 impensa
570 3112 650 3178 deest,
674 3114 741 3160 nitor
759 3110 843 3160 aliena
861 3113 918 3178 dds,
944 3108 1022 3162 oculis
1040 3126 1091 3161 nou
1109 3113 1171 3160 meis
1189 3124 1276 3175 cerno,
1302 3111 1401 3157 interim
1419 3110 1465 3156 hoc
1483 3109 1538 3170 ipso

188 3178 308 3238 opinione
326 3194 382 3229 mea
398 3180 468 3245 lelix,
487 3182 508 3228 si
526 3194 591 3246 quae
609 3189 674 3231 recte
692 3181 849 3230 striderunt
867 3187 892 3231 et
909 3188 982 3231 acute
999 3182 1156 3231 tradiderunt
1173 3183 1226 3238 alii,
1245 3195 1289 3241 ego
1308 3193 1359 3227 uon
1378 3180 1458 3226 minus
1478 3178 1539 3226 dex·

186 3252 233 3313 tre,
253 3251 415 3310 emtiglorum
432 3252 504 3310 signa
522 3251 618 3316 legens,
642 3264 762 3315 assequar
780 3259 805 3300 et
822 3253 951 3316 discipulis
970 3266 1108 3315 proponam
1131 3259 1156 3300 et
1173 3253 1263 3300 saltem
1280 3251 1368 3313 aliqua
1390 3262 1490 3310 prosum
1508 3250 1536 3297 in

186 3318 251 3383 rita,
269 3320 292 3366 si
309 3333 359 3368 uon
378 3320 452 3369 datur
469 3322 542 3371 ultra.
578 3322 616 3369 Ac
634 3324 739 3370 nisime
757 3323 822 3371 bono
840 3325 913 3383 genio
932 3324 962 3371 iu¹
977 3328 1021 3371 tua
1039 3324 1196 3385 potissimum
1213 3321 1331 3369 incidisse
1348 3320 1437 3384 fatear,
1455 3320 1538 3378 iugra-

168 3392 232 3451 ¹tus
249 3389 316 3451 sim,
342 3389 451 3439 mendax
468 3396 493 3437 st
509 3392 616 3451 injurius
634 3394 745 3457 utrique,
770 3393 894 3457 siquidem
917 3393 950 3441 ad
968 3406 1049 3442 rerum
1074 3395 1203 3441 veritatem
1221 3384 1354 3455 α’κριβωαν
1378 3393 1403 3437 et
1420 3390 1538 3436 selectum

188 3456 297 3506 adhibes
313 3461 444 3522 verborum
461 3461 553 3527 iumen,
573 3462 670 3524 pondus
688 3467 712 3510 et
730 3464 915 3527 proprietatem,
935 3464 956 3511 si
974 3464 1030 3527 quis
1043 3461 1107 3526 'post
1119 3460 1282 3524 Goperuicum
1299 3459 1373 3508 alius.
1409 3456 1472 3505 Nam
1490 3458 1538 3519 Ty·

189 3526 279 3576 ebonis
294 3526 382 3590 lingua
398 3531 462 3578 mihi
480 3532 589 3592 proiecto
606 3534 689 3581 nescio
707 3545 759 3597 qua
776 3535 922 3594 garrulitate
941 3539 965 3581 et
982 3534 1143 3599 μαιρολογιᾳ
1160 3531 1333 3590 taediosam,
1351 3528 1399 3576 etsi
1410 3542 1448 3575 res
1468 3529 1539 3589 ipsae

189 3598 377 3661 sintoptimse
413 3600 483 3650 Unde
502 3600 603 3665 siquid
621 3603 855 3668 bouimeisiuest,
882 3603 950 3668 quod
974 3605 1066 3669 sentio,
1092 3603 1219 3667 quamsit
1244 3605 1332 3664 tenue,
1361 3598 1483 3662 quicquid
1501 3603 1539 3646 est

189 3669 244 3728 aius
261 3673 355 3735 nmen,
371 3676 444 3719 tuum
460 3676 506 3736 est,
524 3685 575 3719 nou
593 3686 683 3734 meum,
702 3673 724 3720 si
740 3686 791 3721 non
809 3680 869 3726 ectu
885 3673 994 3723 secundo
1013 3678 1049 3724 iut
1066 3673 1245 3735 philosophari,
1259 3675 1287 3717 et
1304 3671 1493 3732 primo.terneu,
1512 3667 1539 3716 ld

189 3736 259 3802 quod
277 3739 317 3787 sel
336 3754 366 3788 aa
383 3742 485 3805 nuperis
502 3735 607 3803 pagellis
625 3756 757 3803 agnoscere
776 3748 845 3805 potes
869 3749 893 3793 et
911 3745 937 3792 ui
956 3743 1030 3791 iallor
1052 3745 1175 3804 agnoscis.
1211 3741 1302 3789 Videre
1319 3739 1399 3801 gestio
1418 3735 1540 3799 Cleopam

189 3811 262 3858 mum
286 3806 413 3874 (Oenones
434 3810 552 3860 Pueriles.
592 3811 642 3863 Cir.
666 3801 714 3863 sol.
733 3813 775 3862 Π.
799 3805 829 3876 p.¹
846 3811 903 3866 173.
927 3810 1005 3879 483),
1032 3827 1081 3862 uon
1105 3814 1157 3863 vidi
1182 3816 1280 3877 umen,
1306 3810 1372 3858 alias
1398 3809 1543 3869 symbolam

189 3892 329 3939 mgaseem
867 3893 870 3902 ·

279 3950 362 4015 Atque
379 3951 442 4014 haee
458 3966 516 4002 cum
533 3954 570 4001 ita
587 3952 748 4017 sehabeeut,
768 3951 839 4001 doleo
852 3958 944 4008 tamen.
964 3967 1003 4002 me
1019 3968 1069 4002 uon
1082 3967 1179 4017 semper
1189 3950 1353 4012 intelligendo
1371 3954 1470 3998 tentum
1483 3961 1542 4011 pro·

188 4019 260 4085 gredi
277 4021 305 4069 iu
323 4022 382 4087 tuis,
400 4028 523 4086 quantum
541 4023 619 4071 dobeo
638 4028 663 4071 et
681 4025 754 4085 cupio
772 4036 832 4071 sane
860 4036 911 4071 nou
935 4029 981 4072 tua
998 4025 1088 4090 culpa,
1116 4026 1161 4088 qui
1179 4021 1217 4087 (ut
1239 4022 1336 4069 alicubi
1352 4020 1498 4083 protestaris
1518 4024 1543 4068 et

189 4102 235 4149 ego
253 4093 375 4139 mreutl
401 4091 474 4141 credo
492 4098 614 4158 tauquam
630 4093 698 4141 bono
717 4089 780 4157 siro)
799 4098 852 4140 toto
880 4099 980 4155 pectore
999 4096 1121 4143 aversaris
1140 4094 1204 4142 illud
1223 4109 1251 4140 ro
1270 4105 1403 4141 osoreseoe
1421 4090 1542 4138 Heracliti

189 4159 317 4225 vallesque
335 4157 448 4210 ut'totus
466 4163 572 4213 muudus
591 4168 701 4229 caperet,
728 4160 771 4211 sed
795 4176 850 4210 maa
868 4165 952 4226 potius
975 4164 1132 4225 ignoratione
1156 4163 1269 4224 illorum,
1295 4175 1361 4225 quae
1386 4158 1543 4219 adleganda

189 4233 236 4277 tue
252 4230 336 4279 afferri
354 4244 399 4294 par
418 4237 482 4293 erat,
501 4234 588 4295 qualia
606 4237 664 4281 sunt
681 4233 824 4293 lugarithmi
842 4233 944 4295 Nepoti,
963 4234 1118 4283 Archimedis
1130 4235 1162 4283 “et
1179 4232 1309 4295 Apollonii
1327 4230 1466 4295 quaedam,
1486 4242 1541 4277 cos-

189 4300 245 4349 sias
262 4306 289 4349 et
304 4303 401 4350 musica
417 4311 551 4365 praecepta
569 4310 594 4351 et
610 4304 732 4363 imprimis
750 4304 814 4351 liber
831 4303 863 4352 Χ.
881 4304 996 4353 Euclidis
1012 4306 1079 4368 inem
1097 4309 1179 4353 cetera
1197 4306 1250 4364 aius
1268 4304 1391 4366 auctoris,
1409 4306 1438 4347 ut
1455 4303 1480 4347 et
1497 4299 1542 4348 tri·

189 4372 371 4431 gouometrlam
389 4373 467 4421 calleo
485 4374 652 4436 mediocriter,
671 4374 721 4421 lmo
739 4378 764 4436 et
782 4373 871 4438 doceo,
890 4375 912 4422 si
932 4374 1002 4436 digni
1019 4374 1104 4441 adsint
1121 4369 1266 4437 auditores).
1303 4373 1332 4420 ln
1351 4372 1390 4419 his
1407 4376 1432 4417 et
1450 4366 1542 4423 simili-

190 4439 238 4489 bus
255 4441 319 4504 qula
343 4447 371 4490 tu
389 4441 448 4491 hinc
466 4441 524 4491 iude
552 4439 791 4492 demonstrationum
816 4448 890 4507 atque
908 4445 1105 4506 explicationum
1126 4450 1226 4494 tuarum
1244 4442 1407 4491 hundamenta
1432 4445 1457 4487 et
1474 4439 1542 4501 prin·

182 4509 260 4572 alpia
277 4513 422 4575 consumis,
447 4514 592 4573 praesertim
615 4514 643 4561 iu
661 4510 796 4561 Comment.
815 4512 902 4571 Martis
921 4519 946 4561 et
963 4514 1135 4567 Harmonicls,
1162 4516 1190 4563 dt
1213 4514 1346 4579 quominus
1367 4508 1543 4569 transspiciam

190 4594 237 4642 ego
253 4593 335 4645 usque
351 4584 378 4630 lu
395 4583 487 4630 intima
504 4584 644 4656 penetralia
662 4583 740 4631 Dirae
758 4588 830 4647 tuae,
857 4596 1011 4645 pernoscens·
1023 4585 1094 4632 iliam
1112 4586 1181 4634 intus
1200 4590 1224 4634 st
1241 4586 1268 4633 in
1287 4590 1343 4646 cute
1361 4580 1474 4642 adeoque
1491 4590 1542 4626 nou

189 4651 267 4712 semel
286 4653 401 4714 optarim,
420 4658 445 4700 te
462 4657 571 4701 stantem
588 4654 615 4701 in
632 4653 679 4701 hac
697 4652 816 4702 cathedra
833 4666 888 4701 meo
901 4653 956 4701 loco
969 4654 1063 4703 mederi
1080 4654 1182 4704 biulleri
1198 4657 1236 4704 tui
1254 4651 1365 4715 caligini,
1384 4650 1499 4698 coecitati
1517 4655 1543 4697 et

190 4722 309 4772 tenebris.
343 4722 433 4788 Itaque
451 4735 491 4771 me
510 4724 650 4785 provocasti
667 4723 700 4771 ad
719 4723 872 4788 colloquium
890 4724 1029 4774 literarium
1047 4724 1095 4774 hoc
1113 4726 1230 4790 consilio,
1258 4731 1286 4772 ut
1303 4726 1380 4785 esset,
1402 4732 1476 4784 quem
1495 4718 1541 4768 do·

190 4803 266 4856 esraa,
285 4804 360 4856 quem
378 4790 493 4853 maudo
511 4807 667 4858 recoqueres3
687 4805 718 4840 en
729 4806 775 4850 me
794 4793 849 4857 tibi,
867 4799 957 4841 nactus
976 4808 1002 4844 es
1015 4796 1153 4862 materiam,
1172 4796 1271 4860 qualem
1284 4792 1394 4842 solebas.
1431 4788 1474 4837 Sin
1493 4790 1541 4837 mi-

188 4871 238 4909 uus
256 4862 305 4911 boc
323 4863 394 4927 agis,
411 4866 441 4910 ut
455 4863 511 4923 ipss
529 4877 560 4911 ex
576 4877 616 4912 me
634 4862 723 4911 audias
741 4862 839 4927 aliquid
856 4864 904 4912 tibl
922 4877 1015 4913 novum
1032 4870 1077 4912 aut
1094 4870 1119 4913 te
1137 4865 1251 4926 dignum,
1278 4874 1369 4928 quaere
1387 4860 1435 4908 tibi
1453 4860 1541 4924 alium,

189 4944 307 4992 eguinum
324 4927 379 4979 suni
397 4930 537 4993 domi,‚usc
554 4935 606 4982 scio
624 4937 729 4981 noctuas
748 4933 865 4982 Athenae.
903 4931 1142 4985 condescensionem
1165 4940 1247 4997 tuam,
1265 4936 1294 4979 ut
1311 4944 1393 4993 vocas,
1412 4943 1462 4977 uon
1481 4941 1542 4977 saue

188 5014 298 5066 respuo,
325 5007 364 5051 est
380 5003 448 5052 enlm
465 4997 573 5051 tluitima
594 5004 818 5065 anthropopathiae
836 5004 1019 5068 theologorum,
1046 5012 1070 5053 st
1087 5007 1164 5054 habet
1187 5006 1311 5064 scriptura
1329 5001 1454 5062 exempla,
1483 5013 1500 5046 a
1517 5005 1542 5047 te

189 5072 246 5135 ipso
264 5071 389 5134 producta
405 5073 433 5120 in
451 5074 547 5134 egregio
566 5080 609 5122 tuo
623 5075 687 5122 libro
705 5073 736 5122 de
748 5074 828 5123 Stella
841 5074 920 5139 Nora,
933 5076 983 5140 ¹qui
996 5076 1057 5123 mihi
1069 5076 1218 5139 principium
1230 5073 1286 5136 luit,
1306 5072 1391 5121 oculos
1403 5070 1541 5135 aliquando

188 5142 248 5204 plus
267 5141 328 5190 aliis
346 5140 475 5203 aperiendi
498 5143 525 5190 in
549 5143 720 5206 philosophia,
744 5144 791 5192 etsi
814 5144 860 5193 diu
881 5146 929 5193 eim
953 5146 1061 5200 luctatus
1084 5160 1140 5195 cum
1166 5144 1352 5207 praeconceptis
1371 5141 1541 5207 opinionibus,

188 5213 336 5274 Μαι
353 5213 419 5261 eirea
436 5212 488 5260 dm
507 5206 618 5278 spissare
635 5213 778 5261 sublunaris
796 5213 891 5262 mundi.
927 5215 1028 5264 Interim
1047 5221 1138 5277 mareu,
1157 5212 1224 5277 quod
1243 5213 1317 5273 vulgo
1336 5211 1388 5260 dici
1405 5212 1476 5276 solet,
1495 5211 1541 5261 hs-

174 5283 270 5332 relea·
280 5280 353 5331 iaeta'
364 5294 417 5331 non
434 5295 489 5331 esse
505 5287 596 5332 temere
614 5283 734 5332 trahenda
750 5284 777 5333 in
796 5287 1005 5348 consequentiam,
1027 5283 1054 5333 id
1072 5286 1148 5331 etiam
1165 5283 1212 5331 hoc
1229 5282 1284 5331 loco
1303 5281 1483 5331 attendendum
1496 5284 1540 5343 ju-

190 5352 262 5417 dico,
283 5365 316 5408 ue
334 5351 400 5401 forte
417 5351 593 5410 condescensio
613 5354 659 5412 illa
675 5367 719 5402 seu
738 5356 820 5415 potius
839 5353 987 5403 indiscretus
1004 5368 1076 5403 emor
1093 5359 1118 5402 et
1135 5350 1228 5401 stolida
1249 5366 1279 5401 ac
1296 5358 1455 5415 praepostere
1471 5350 1541 5401 illius

188 5411 331 5488 messio,
355 5436 406 5471 uno
429 5423 529 5472 nomine
554 5424 683 5474 curiositas
708 5429 779 5473 exeat
801 5423 833 5472 ad
856 5423 1002 5481 tentandum
1024 5424 1114 5472 Deum.
1150 5423 1203 5472 Rea
1227 5429 1330 5487 uterque
1354 5425 1493 5486 Aegyptius
1516 5428 1541 5473 et

190 5490 334 5541 Chaldaem
358 5489 478 5556 illiusque
503 5493 617 5543 officiarii
637 5492 730 5556 Joseph
755 5500 780 5541 et
796 5493 884 5541 Daniel
906 5496 1000 5554 jactare
1023 5498 1148 5557 poteraut,
1174 5493 1254 5542 Deum
1276 5494 1325 5542 albi
1344 5492 1541 5543 condescendere

189 5576 220 5611 ac
237 5570 292 5610 aeas
309 5562 420 5611 dnonas
438 5568 463 5610 st
480 5564 578 5611 somnia
595 5574 640 5625 sua
658 5576 791 5627 eorumque
809 5564 1026 5625 interpretationes
1043 5566 1200 5623 deorsam
1222 5564 1330 5629 ideoque
1354 5554 1483 5624 indulgere
1501 5561 1540 5612 his

190 5638 215 5681 a
230 5633 281 5681 ulti
298 5633 472 5698 probabiliter,
490 5634 541 5681 imo
560 5631 724 5692 conliduntur:
742 5640 812 5682 arent
829 5635 895 5682 euim
913 5634 1050 5681 conformia
1067 5634 1193 5682 vocationi
1206 5648 1264 5682 suas
1279 5634 1309 5683 de
1322 5635 1362 5696 his
1374 5635 1455 5698 rebus,
1475 5637 1541 5697 qnte

190 5702 222 5751 sd
240 5703 354 5766 ipsorum
373 5716 459 5751 curam
471 5703 637 5767 pertinebant
653 5709 702 5757 sto.
737 5701 970 5767 Oalmdsuogrephl
987 5707 1069 5753 sutem
1087 5717 1120 5752 an
1137 5704 1171 5753 ad
1187 5704 1235 5756 hoe
1252 5705 1319 5755 idem
1337 5712 1380 5755 sut
1397 5706 1479 5754 vocati
1491 5706 1541 5752 siut

1340 5810 1384 5870 5}
