3684 7259
313 1221 376 1321 Sil
437 1264 440 1270 '
706 1241 753 1308 oe'
766 1251 889 1308 Motibus
906 1249 1082 1307 Planetarum
1100 1247 1279 1307 Harmonicis.

312 1431 375 1504 plus
394 1436 436 1487 εει
453 1446 533 1498 quarn
555 1426 597 1496 ¹i„
616 1426 778 1496 relinquitur
795 1425 911 1496 aliquid,
930 1425 1003 1496 quod
1020 1425 1181 1484 tantundem
1199 1423 1263 1496 plus
1281 1435 1324 1484 εει
1341 1443 1422 1499 qnam
1439 1428 1473 1498 ²i,
1491 1445 1541 1499 pru
1560 1444 1666 1485 summa

311 1509 481 1584 propriarum
499 1506 642 1575 utriusque
659 1506 873 1575 proportionum.
1518 1517 1525 1540 ⁸

399 1584 494 1659 Supra
517 1600 599 1661 prop.
624 1582 674 1643 ιθ,
703 1589 765 1642 erat
794 1583 912 1660 propria
936 1580 1124 1642 Veneriorum
1148 1588 1282 1641 motuum
1312 1584 1462 1662 proportio
1487 1577 1587 1666 Μ1000
1617 1582 1665 1645 vel

316 1670 385 1754 ⁸⁵1„
406 1672 556 1748 proxime,
586 1676 617 1727 at
645 1686 714 1729 raro
744 1687 809 1746 cap.
833 1672 862 1729 4.
891 1672 967 1729 inter
990 1670 1106 1728 Saturni
1135 1667 1285 1745 aphelium
1316 1677 1344 1730 et
1373 1668 1461 1733 Joris
1492 1670 1665 1749 perihelium

313 1764 452 1822 inventus
474 1766 519 1817 est
541 1771 679 1817 excessus
701 1774 791 1833 supra
817 1751 851 1837 ¹1,
874 1756 964 1835 paulo
986 1756 1094 1831 major,
1128 1756 1240 1817 scilicet
1262 1760 1337 1818 inter
1358 1751 1425 1839 ²⁶1„
1449 1768 1479 1820 et
1500 1753 1581 1840 ²⁷1„
1625 1758 1667 1819 Αι

313 1851 400 1907 unico
423 1845 535 1904 minuto
558 1843 703 1918 secundo,
737 1843 816 1920 qood
839 1844 917 1903 hand
940 1847 1003 1903 scio
1031 1862 1069 1903 an
1094 1844 1241 1903 discernat
1262 1847 1455 1922 astronomia,
1475 1846 1523 1907 'ad
1546 1846 1666 1907 Satnrrn

315 1934 465 2015 aphelinm
487 1940 599 1991 motum
621 1930 737 2004 addito,
762 1941 904 2007 aequatur
924 1932 1012 2009 plane
1035 1932 1184 2007 quantitas
1205 1930 1255 1993 hic
1275 1936 1464 2011 praescripta.
1738 1990 1740 1995 .

401 2020 616 2096 Propositio
639 2017 824 2077 XXXVIII.
872 2018 1112 2080 Additamentum
1132 2013 1236 2102 ²⁴³s25,
1258 2019 1296 2079 ad
1318 2038 1460 2081 summam
1484 2023 1665 2101 propriarum

314 2110 432 2171 Saturni
455 2116 484 2167 et
505 2106 607 2178 Jovia,
638 2124 714 2183 quae
743 2106 885 2166 hactenns
916 2108 1015 2185 primis
1044 2107 1206 2166 rationibus
1235 2110 1482 2182 constituebatur,
1511 2104 1569 2195 Ἄ,
1601 2110 1664 2169 dis·¹
1699 2118 1701 2121 ⁴

201 2259 203 2262 .
314 2196 500 2258 tribuendum
522 2197 565 2254 sic
585 2195 641 2253 init
663 2196 737 2253 inter
758 2192 907 2270 planetae,
939 2202 973 2253 ut
996 2193 1032 2253 de
1050 2210 1089 2258 co
1113 2192 1241 2254 Saturno
1270 2195 1421 2257 accederet
1443 2214 1558 2259 comma
1578 2193 1663 2279 8⁰l„,

314 2286 386 2346 Jori
408 2283 556 2343 residuum
583 2274 1003 2363 19683100000εειιὛοοιετε.
1100 2279 1106 2283 ”
1461 2310 1463 2315 ·

400 2381 623 2439 Distribuendnm
647 2380 713 2435 illud
736 2379 821 2435 fnisse
844 2382 918 2436 inter
939 2388 1085 2452 utrumque
1109 2361 1259 2452 planem,
1287 2384 1410 2453 seqnitur
1433 2401 1466 2441 ex
1490 2403 1534 2441 ax.
1556 2385 1601 2451 19,
1633 2392 1664 2440 ιιι

215 2478 218 2487 ’
314 2471 429 2534 uterque
555 2459 699 2516 latitudine
717 2476 878 2516 concurrere
895 2469 990 2530 posset
1014 2461 1049 2517 ad
1066 2460 1221 2516 harmonias
1240 2461 1405 2518 universales
1430 2465 1536 2531 gennis
1555 2462 1663 2517 sibila

313 2461 656 2682 miliariasle
673 2538 845 2594 intervallum
863 2548 906 2595 est
919 2541 1014 2595 minus
1033 2539 1157 2594 omnibus
1175 2539 1328 2605 concinnis,
1350 2542 1442 2598 nullae
1464 2543 1547 2611 igitur
1569 2556 1663 2611 super·

312 2632 375 2681 sunt
391 2613 482 2695 largus¹
533 2607 540 2622 ⁴
602 2618 674 2687 cae,
700 2617 798 2687 quibus
816 2618 883 2673 illud
903 2618 1039 2674 dividatur
1063 2618 1091 2673 in
1109 2623 1206 2689 partes
1221 2618 1289 2675 duas
1315 2621 1474 2690 nominum,
1497 2621 1550 2676 nisi
1575 2622 1663 2676 solum

311 2705 389 2775 illae,
416 2701 514 2773 φῶ.
537 2711 621 2767 snpra
642 2712 721 2767 prop.
738 2697 782 2754 26.
805 2697 839 2752 ad
864 2698 1013 2752 sectionem
1037 2696 1143 2752 dieseos
1164 2696 1220 2770 ijs„
1242 2713 1312 2767 opus
1329 2698 1394 2767 fuit3
1419 2706 1450 2755 ut
1468 2716 1503 2755 sc
1529 2702 1612 2755 abeat
1635 2699 1663 2753 in

314 2781 418 2841 comma
436 2779 494 2849 Ὗς,
514 2776 598 2849 (quod
620 2783 663 2831 εει
679 2791 763 2831 unum
781 2782 809 2830 et
827 2775 934 2847 qnidam
951 2775 1107 2845 primarium
1126 2791 1160 2829 ex
1177 2775 1225 2844 iia,
1251 2791 1321 2846 qnae
1340 2778 1478 2833 concinnis
1501 2779 1662 2847 inserviunt)

314 2864 387 2919 etin
404 2860 541 2916 residuum
563 2854 708 2923 roesam,
728 2855 800 2925 quod
818 2862 860 2910 est
878 2855 960 2924 paulo
977 2856 1066 2924 medus
1085 2863 1229 2923 commate,
1257 2870 1295 2910 nc.
1314 2855 1371 2925 “lm
1389 2856 1455 2911 fere.
1492 2858 1554 2914 Non
1572 2867 1662 2923 anum

277 2981 279 2985 -
312 2944 375 3012 duo,
392 2941 440 2996 sed
459 2954 542 2993 unum
561 2950 665 2990 comma
681 2932 772 2989 fuerat
791 2932 1013 3004 abscindendum,
1031 2934 1185 2989 nenimium
1198 2934 1354 3003 inaequales
1371 2944 1465 3004 partes
1477 2936 1583 3006 fierent,
1603 2956 1663 2993 cum

311 3022 436 3095 propriae
455 3015 565 3073 Saturni
583 3022 611 3070 et
628 3012 704 3068 Joris
723 3012 778 3066 sint
795 3014 919 3083 proxime
935 3013 1075 3084 aequales,
1094 3013 1244 3068 secuudum
1261 3015 1369 3068 axioma
1390 3016 1431 3072 to.
1452 3016 1534 3071 etium
1552 3018 1587 3071 ad
1601 3031 1663 3071 can·

236 3110 238 3115 '
313 3101 393 3156 cinna
410 3102 438 3154 ει
455 3097 488 3151 iia
504 3093 664 3149 minutiores
683 3098 775 3160 partas
794 3100 950 3161 extensum,
975 3091 1055 3147 aimnl
1074 3092 1155 3147 etiam
1173 3093 1248 3163 ideo,
1271 3094 1336 3161 quia
1354 3110 1458 3150 comma
1476 3095 1605 3151 definitur
1622 3096 1660 3149 in·

312 3176 433 3236 tenallia
443 3184 508 3230 tono
519 3173 622 3242 majore
633 3180 661 3227 et
673 3177 738 3227 tono
750 3169 861 3240 minore,
880 3187 934 3225 nou
946 3170 986 3225 ita
998 3169 1051 3225 duo
1063 3179 1204 3228 commata
1232 3174 1317 3229 Porro
1331 3174 1456 3244 Saturno,
1475 3174 1567 3231 altiori
1579 3184 1607 3231 et
1619 3192 1663 3231 va·

312 3258 420 3315 lentiori
432 3256 567 3325 planetae,
584 3253 735 3310 debebatur
751 3252 847 3307 harum
863 3248 982 3318 partium
992 3265 1048 3304 non
1059 3248 1107 3303 illa
1117 3250 1216 3320 potius,
1236 3269 1305 3319 quae
1316 3253 1409 3321 major,
1426 3253 1491 3312 licet
1507 3254 1531 3309 is
1550 3255 1663 3313 haberet

313 3335 449 3408 propriam
467 3335 499 3402 ⁴1,
516 3332 654 3401 majorem,
672 3332 720 3388 aad
737 3331 792 3400 illa,
810 3343 882 3398 quae
891 3327 966 3397 prior
978 3336 1006 3384 et
1017 3328 1163 3398 pulchrior,
1181 3331 1288 3386 honest
1301 3331 1564 3401 maginharmonica.
1595 3334 1663 3389 Nam

313 3418 342 3473 io
365 3431 408 3470 aa
427 3415 469 3470 to.
493 3412 632 3482 praecedit
657 3419 799 3482 respectus
822 3408 972 3478 prioritatis
995 3414 1022 3463 et
1042 3406 1217 3476 perfectionis
1240 3409 1427 3478 harmonicae,
1455 3409 1564 3468 ultimas
1588 3421 1664 3468 tenet
1709 3448 1711 3457 ι

315 3498 455 3563 respectus
473 3490 641 3559 quantitatis,
659 3490 724 3559 quia
741 3488 827 3547 nulla,
833 3485 1007 3557 pulchritudo
1025 3486 1113 3541 estin
1132 3487 1283 3558 quantitate
1303 3505 1353 3558 per
1369 3505 1409 3545 se.
1444 3489 1488 3546 Ita
1505 3498 1597 3548 motus
1615 3492 1663 3547 Sa·

313 3572 387 3632 turni
409 3570 481 3626 finnt
502 3569 572 3638 ⁸⁴10„
599 3570 680 3624 tertia
706 3570 792 3639 major
817 3564 984 3630 adulterina,
1010 3572 1041 3623 nt
1064 3563 1179 3622 lib.111.
1210 3582 1268 3636 cap.
1290 3566 1329 3623 12.
1354 3569 1563 3638 appellavimus,
1586 3572 1662 3628 loris

315 3666 379 3710 veri)
397 3649 521 3714 61’θἾεεοω
573 3669 575 3675 ’
1487 3707 1489 3712 .

326 3728 328 3732 ’
400 3725 525 3795 Nescio,
556 3738 595 3781 an
622 3723 697 3783 inter
727 3739 832 3782 cauam
863 3718 957 3779 additi
979 3718 1105 3782 Saturum
1133 3723 1285 3782 commatis
1309 3723 1348 3781 sit
1369 3726 1663 3801 commemorandum,

315 3822 349 3875 ut
375 3814 492 3874 scilieet
518 3817 648 3870 extrema
678 3809 796 3869 Saturni
827 3807 984 3867 intervalla
1010 3816 1131 3885 possent
1160 3811 1336 3870 constituere
1366 3812 1581 3888 proportionem
1610 3807 1663 3897 hs„

238 3905 242 3913 ’
314 3911 416 3963 tonum
438 3897 594 3973 majorem,
618 3915 655 3956 an
677 3898 777 3973 potius
799 3895 829 3954 ld
852 3895 929 3954 ultro
952 3896 1138 3956 resultaverit
1159 3914 1195 3956 ex
1217 3899 1314 3956 causis
1336 3898 1578 3960 concedentibus
1598 3920 1664 3961 mo·

316 3998 408 4051 tunm.
452 3985 555 4071 Habes
577 3985 665 4060 igitur
695 3983 743 4044 hio
764 3986 877 4060 potius,
907 3982 973 4041 loco
1001 3983 1161 4057 corollarii,
1192 4001 1325 4058 causam,
1357 4002 1408 4043 cur
1434 4003 1523 4062 snpra
1544 4005 1609 4066 cap.
1634 3993 1663 4064 t,

314 4078 367 4140 iol.
390 4075 464 4136 284.
494 4071 650 4131 intervalla
672 4072 791 4131 Saturni
814 4069 996 4147 deprehensa
1018 4073 1077 4130 sint
1104 4073 1166 4130 toni
1197 4071 1315 4147 majoris
1337 4076 1557 4150 proportionem
1581 4093 1663 4137 com-

314 4166 404 4247 plecti
425 4160 565 4241 prorime.
1337 4241 1340 4245 ι

401 4247 619 4324 Propositio
642 4243 800 4306 XXXIX.
844 4244 878 4303 Io
907 4242 1066 4303 harmoniis
1096 4242 1279 4321 planetarum
1303 4246 1527 4308 universalibus.
1548 4254 1662 4327 generis

317 4342 382 4401 duri
404 4337 549 4399 Saturnus
571 4342 652 4394 motu
676 4341 778 4394 exacte
799 4331 944 4412 perihelio
966 4330 1143 4393 concordare
1165 4350 1224 4424 non
1246 4337 1352 4411 potuit,
1375 4352 1429 4395 nec
1444 4332 1561 4414 Jupiter
1582 4346 1662 4401 motu

317 4424 566 4564 mctguffhei'rlilrg·
577 4502 686 4564 Suturni
703 4502 828 4573 aphelius
846 4520 907 4558 cum
926 4503 1044 4559 Telluris
1066 4512 1095 4559 et
1112 4502 1226 4559 Veneris
1247 4504 1363 4573 apheliis
1387 4514 1481 4562 exacte
1498 4510 1664 4566 concordare

318 4589 448 4655 debuerit,
476 4602 526 4655 per
541 4600 582 4655 pr.
602 4586 648 4647 31,
670 4580 843 4638 concordabit
861 4598 922 4637 cum
939 4582 1036 4639 iisdem
1053 4583 1134 4638 etiam
1157 4584 1180 4638 ia
1200 4584 1309 4639 Saturni
1326 4593 1427 4647 motus.
1453 4588 1499 4656 qui
1517 4597 1560 4644 eat
1576 4590 1664 4648 inten-

256 4736 259 4743 Ι
318 4668 374 4726 sior
391 4684 472 4738 quam
490 4664 613 4734 aphelius
632 4663 699 4731 ejus,
717 4677 766 4731 per
784 4677 865 4716 unam
882 4662 990 4717 tertiam
1009 4663 1103 4717 duram
1121 4662 1167 4730 ⁴!,3
1192 4661 1292 4732 aphelii
1309 4664 1380 4731 enim
1398 4666 1514 4723 Telluris
1532 4678 1560 4725 et
1576 4672 1663 4728 Verre.

317 4752 355 4805 ris
372 4748 476 4804 faciunt
492 4752 596 4800 sextam
615 4743 724 4807 duram,
750 4756 820 4808 quae
845 4757 895 4811 per
913 4741 1099 4798 demonstrata
1115 4741 1177 4797 libri
1195 4743 1242 4799 lli.
1262 4743 1403 4801 divisibilis
1422 4755 1465 4801 est
1488 4748 1516 4802 in
1534 4748 1664 4805 diatessa-

318 4845 368 4882 ron
387 4833 415 4880 et
432 4827 540 4880 tertiam
558 4823 661 4887 duram,
679 4837 744 4889 ergo
760 4827 850 4875 motus
869 4819 988 4888 Saturni,
1007 4820 1053 4891 qui
1071 4820 1160 4876 adbuc
1178 4819 1290 4877 celerior
1302 4823 1406 4878 eatboc
1419 4824 1476 4892 jam
1490 4829 1663 4896 concordato,
1749 4843 1752 4848 ·

316 4906 389 4963 intra
405 4912 497 4961 umen
513 4902 725 4971 magnitudinem
741 4896 874 4954 intervalli
893 4898 1026 4967 concinni,
1043 4899 1067 4953 is
1085 4916 1140 4954 non
1159 4910 1255 4957 exacte
1273 4902 1455 4959 concordabit
1490 4906 1604 4961 Attalis
1623 4916 1663 4962 est

317 4983 466 5056 perihelius
492 4981 602 5038 Saturni
625 4979 791 5050 ipsissimus,
816 4977 880 5045 quia
903 4977 990 5033 distat
1011 4979 1045 5033 ab
1063 4978 1122 5047 ejus
1141 4978 1247 5048 aphelio
1274 4981 1337 5052 plns
1360 4986 1439 5053 quam
1461 4983 1605 5041 intervallo
1623 4987 1662 5056 ⁴1„

317 5061 379 5135 plus
396 5062 500 5119 scilicet
523 5078 577 5116 uno
599 5066 731 5115 commate
750 5055 804 5127 ’0100
827 5056 1016 5127 (quodminus
1041 5066 1083 5114 est
1101 5061 1231 5115 concinno
1248 5060 1368 5127 minimo)
1391 5076 1440 5130 per
1464 5080 1504 5132 pr.
1525 5065 1566 5121 38„
1602 5067 1661 5121 Non

317 5140 463 5198 concordat
484 5141 567 5210 igitur
590 5146 684 5196 exacte
707 5138 856 5209 perihelius
876 5137 992 5193 Saturni.
1031 5138 1065 5191 Αι
1089 5154 1138 5192 uec
1161 5146 1256 5193 exacte
1279 5138 1402 5209 aphelius
1427 5140 1519 5212 Joris,
1544 5143 1568 5199 is
1592 5144 1661 5198 enim

320 5238 381 5278 cum
399 5220 529 5290 perihelio
548 5218 665 5289 Saturni,
683 5236 738 5274 nou
755 5224 851 5274 exacte
869 5216 1044 5288 consonante,
1063 5224 1194 5273 consonat
1212 5233 1262 5289 per
1280 5217 1411 5288 diapason
1424 5220 1596 5291 perfectum,
1614 5238 1662 5290 per

319 5316 362 5372 pr.
380 5299 411 5365 S,
431 5313 514 5369 quare
532 5315 581 5368 per
599 5297 671 5353 dicta
688 5297 749 5353 libr.
766 5298 816 5353 m.
835 5313 885 5352 nec
902 5296 962 5366 ipse
980 5303 1076 5352 exacte
1094 5313 1242 5365 consonare
1260 5297 1367 5368 poterit

339 5400 341 5404 ’
406 5390 621 5467 Propositio
644 5389 711 5454 XL.
756 5389 804 5449 Ad
827 5375 1007 5449 communem
1022 5387 1108 5450 ιΙοεὶε
1133 5388 1279 5451 ethlartia
1301 5390 1511 5467 divergentium
1530 5398 1661 5454 motuum

321 5477 502 5538 harmoniam
533 5474 587 5559 V„
618 5478 826 5557 triadiapason,
859 5477 1005 5554 prioribus
1035 5478 1197 5539 rationibus
1227 5476 1401 5552 stabilitam,
1434 5476 1504 5537 addi
1534 5481 1662 5557 oportuit

298 5564 427 5626 ‘lemma
448 5565 642 5627 Platonicum.
933 5630 935 5634 ,

407 5647 477 5702 Nam
495 5648 558 5715 quia
574 5648 645 5717 iuter
661 5645 785 5715 aphelioa
804 5646 912 5702 Saturni
930 5653 958 5701 et
975 5646 1090 5703 Telluris
1107 5647 1202 5704 debuit
1220 5661 1280 5710 esee
1301 5646 1356 5717 ¹i„,
1381 5648 1434 5703 hoc
1451 5655 1494 5703 est
1516 5647 1597 5719 '’im,
1613 5664 1661 5721 per

323 5724 373 5795 31,
397 5727 431 5781 ab
457 5723 565 5806 aphelio
592 5740 656 5780 sero
674 5719 849 5801 Telluriajad
871 5723 1031 5801 perihelinm
1055 5725 1151 5784 Martie
1174 5723 1268 5781 debuit
1289 5740 1350 5781 esse
1369 5726 1414 5796 ⁸1„
1432 5725 1486 5782 hoc
1503 5732 1546 5781 eat
1563 5724 1661 5797 ³⁸⁴l„„
