3684 7259
1136 1223 1421 1285 Judicium
1446 1224 1671 1298 Kepleri
1706 1226 1777 1292 de
1809 1218 2187 1348 mensum-ura
2218 1222 2559 1297 aequatione.
2896 1305 2900 1312 .
3064 1227 3186 1291 617

493 1398 681 1456 doceri
716 1401 962 1470 publice,
998 1402 1295 1474 propositis
1331 1403 1694 1474 documentis,
1746 1409 1809 1460 ut
1841 1404 2130 1480 adjuvetur
2163 1402 2502 1462 subditorum
2536 1402 2897 1459 imbecillitas.
2968 1400 3020 1469 2)
3055 1400 3192 1456 Pars

492 1487 582 1537 est
609 1480 890 1549 justitiae,
944 1498 1107 1550 quam
1162 1491 1220 1539 et
1254 1498 1441 1538 sacrae
1486 1483 1673 1540 literae
1718 1483 1995 1542 inculcant
2036 1481 2360 1552 populorum
2405 1482 2852 1540 moderatoribus.
2923 1478 3064 1550 Quia
3095 1478 3192 1532 im·

488 1561 792 1631 perandum
829 1569 928 1629 est,
967 1562 1339 1616 conservanda
1373 1561 1535 1617 etiam
1570 1562 1782 1633 imperii
1817 1577 2016 1618 arcana
2039 1569 2096 1617 et
2119 1562 2473 1618 instrumenta
2496 1559 2803 1634 necessaria
2844 1558 3191 1625 cavendaque

494 1639 837 1695 incommoda
861 1647 926 1694 et
940 1639 1133 1695 turbae
1158 1639 1320 1694 etiam
1339 1656 1438 1710 per
1461 1640 1798 1710 indirectum,
1820 1641 2005 1710 itaque
2031 1642 2192 1696 etiam
2218 1655 2316 1709 per
2336 1625 2779 1708 inaequalitatem
2803 1645 3259 1694 mensurarum..

664 1719 904 1773 Primum
940 1719 1360 1774 instrumentum
1395 1733 1517 1774 esse
1554 1719 1960 1796 gubernationis
1996 1719 2138 1783 banc
2188 1720 2634 1810 inaequalitatem
2666 1719 3000 1793 persuadeor
3035 1721 3193 1788 argu·

465 1797 689 1872 ‚mentis
726 1798 828 1865 his,
867 1804 1129 1868 quantum
1168 1813 1354 1854 eorum
1382 1797 1498 1868 jam
1534 1799 1786 1855 occurrit.
1860 1799 2040 1870 Saepe
2074 1806 2314 1855 mutatur
2347 1818 2385 1880 p
2496 1816 2561 1856 us
2598 1808 2694 1856 aut
2718 1814 2970 1855 mensura
3005 1792 3191 1852 autad

491 1877 857 1935 sublevandos
915 1879 1107 1947 inopes
1159 1884 1257 1933 aut
1324 1879 1381 1932 ιιι
1433 1876 1698 1933 bellorum
1748 1877 2183 1934 necessitatibus.
2268 1879 2340 1948 (B
2533 1895 2586 1934 m
2647 1876 2877 1933 Romani
2936 1877 3162 1929 menses.
3168 1872 3213 1941 ),

493 1955 600 2012 nic
634 1957 801 2025 igitur
837 1956 1211 2015 consideratur
1247 1962 1342 2011 aut
1377 1956 1705 2023 existimatio
1757 1959 2109 2029 magistratus
2161 1966 2257 2013 aut
2305 1974 2337 2014 c
2536 1958 2683 2013 dium
2734 1956 2867 2024 fisci,
2905 1963 3194 2047 utrumque

490 2050 594 2107 per
615 2035 901 2092 sanciam.
956 2037 1217 2095 Mensura
1241 2037 1381 2091 enim
1419 2044 1625 2091 mutata
1660 2037 1897 2118 admittit
1932 2044 2273 2108 praetextum
2308 2025 2397 2098 im
2580 2035 2682 2092 dae
2717 2036 2966 2106 publicae
3001 2031 3196 2104 iniqui·
3251 2077 3267 2094 .

490 2118 659 2184 tatis,
714 2132 815 2171 nec
867 2116 1047 2170 statim
1079 2116 1293 2185 patefit,
1346 2117 1543 2171 mutari
1578 2132 1636 2170 re
1671 2107 1798 2171 ver'a
1832 2133 2013 2172 rerum
2049 2117 2268 2187 pretia.
2313 2105 2546 2172 cavetur
2586 2116 2752 2185 igitur
2797 2115 2997 2170 invidia
3032 2110 3195 2180 vulgi.

498 2196 590 2252 ἕο
627 2195 720 2266 qui
754 2210 1036 2263 mensuras
1071 2195 1279 2261 minuit,
1313 2195 1597 2264 pretiaque
1636 2211 1745 2251 una
1778 2196 1988 2265 minuit,
2023 2203 2248 2264 putatur
2282 2196 2686 2287 proportionem
2709 2194 2982 2268 custodire
3017 2190 3196 2262 pristi-

492 2292 647 2340 nam,
684 2274 789 2330 etsi
824 2260 964 2328 banc
1001 2272 1236 2329 fortasse
1282 2288 1343 2329 re
1377 2288 1506 2328 vera
1539 2280 1771 2329 mutat..
1804 2274 1958 2341 Quae
2011 2282 2367 2344 exportantur
2415 2274 2690 2344 coprosins
2745 2288 2905 2341 quam
2956 2269 3194 2344 expedit,

492 2370 598 2409 nec
633 2354 792 2408 aliter
826 2351 1057 2407 inhiberi
1101 2359 1352 2421 possunt,
1402 2351 1714 2408 introducta
1770 2364 2055 2409 mensurae
2103 2351 2416 2409 diversitate
2469 2354 2793 2409 inhibentur
2865 2352 3196 2407 Mercatores

488 2432 716 2488 lucello
750 2431 973 2486 minoris
1026 2445 1312 2486 mensurae
1363 2447 1465 2502 per
1515 2421 1998 2492 dissimulationem
2035 2431 2348 2504 propositae
2386 2434 2708 2488 invitantur
2732 2429 2800 2485 ad
2853 2426 3196 2498 importantia

481 2512 820 2582 necessaria.
887 2510 1208 2567 Assuefiuut
1232 2512 1395 2566 etiam
1428 2510 1632 2568 subditi
1665 2514 1736 2568 ad
1763 2512 2141 2593 capessendis-J
2303 2513 2350 2565 'a
2376 2517 2432 2566 et
2456 2509 2859 2592 agnoscendum
2887 2506 3195 2562 dominium.

492 2590 671 2661 Saepe
735 2589 969 2647 levicula
1003 2590 1232 2645 mutatio
1291 2605 1578 2647 mensurae
1622 2592 1762 2647 viam
1808 2596 2057 2663 praestat
2170 2581 2199 2664 ⁴,
2300 2606 2367 2658 ‚e
2417 2595 2473 2645 et
2516 2584 2830 2645 fructuosae
2883 2584 3198 2641 exactionis.

490 2666 664 2739 Ajunt
697 2669 862 2756 hffius
896 2668 975 2722 rei
1009 2668 1258 2750 egregios
1296 2668 1533 2726 artifices
1567 2669 1759 2727 inisse
1773 2671 2071 2727 Venetos.
2264 2699 2297 2740 ,
2312 2669 2410 2741 qui
2445 2668 2577 2724 talia
2611 2667 2834 2734 faciunt,
2869 2671 3073 2736 cogunt
3095 2679 3194 2719 nos

2052 2749 2119 2816 ..η
2186 2765 2203 2786 ,-

494 2748 567 2805 ω
589 2747 991 2912 imm
1026 2834 1207 2880 tamen
1246 2826 1467 2883 confieri
1503 2827 1727 2898 possit„
1764 2827 2011 2895 ingentes
2066 2789 2320 2884 videntur
2356 2828 2548 2884 turbae
2583 2823 2922 2882 metuendae
2993 2805 3197 2893 Magna

490 2903 662 2963 orie
705 2949 718 2956 -
994 2905 1149 2959 ebem
1186 2906 1471 2973 confusio,
1509 2921 1633 2960 uam
1672 2905 1783 2961 suis
1827 2923 1961 2975 gens
2015 2909 2237 2978 quaevis
2291 2908 2557 2963 mensuris
2609 2905 2880 2974 assuevit,
2931 2903 2999 2958 ιιι
3054 2904 3195 2958 vitae

489 3004 527 3043 ιι
805 2989 826 3058 J
865 2985 957 3046 Re
983 2993 1108 3052 itur,
1146 2984 1383 3040 existent
1416 2982 1637 3040 fraudes
1661 2985 1952 3055 plurimae,
1979 2987 2107 3048 dum
2131 2985 2458 3054 callidiores,
2495 2984 2859 3060 intelligentia
2880 2973 3194 3038 mutationis

494 3060 700 3135 abusi„
805 3047 936 3119 d'ent
972 3063 1339 3134 simplicibus,
1386 3064 1543 3119 ιιιιιιιι
1590 3064 1657 3119 de
1700 3065 1806 3120 hac
1854 3066 2242 3135 inaequalitate
2277 3066 2549 3128 victitant
2596 3064 2814 3121 carituri
2848 3061 3200 3122 necessariisr

497 3148 545 3202 si
599 3144 668 3200 ab
719 3160 786 3199 ea
821 3144 1201 3198 destituantur.
1275 3141 1460 3196 Omnis
1495 3151 1855 3198 mercatorum
1917 3145 2253 3214 experientia
2288 3144 2684 3212 annihilabitur
2728 3154 2785 3205 et
2835 3142 3200 3201 turbabuntur

496 3218 836 3280 commercia.
928 3215 1174 3292 Cumque
1228 3220 1401 3288 omnis
1458 3222 1694 3289 generis
1729 3223 2049 3293 compendia
2101 3231 2157 3278 et
2209 3222 2430 3280 fraudes
2482 3240 2583 3295 per
2633 3226 2776 3282 banc
2827 3216 3197 3281 diversitatem

492 3311 866 3369 exerceantur,
900 3298 1116 3358 vua-ar
1135 3283 1441 3368 aequalitas
1465 3300 1678 3356 nonnisi
1715 3317 1812 3371 per
1834 3305 1942 3358 vim
1971 3303 2205 3359 stabiliri
2227 3319 2406 3375 posse.
2477 3304 2710 3360 Tantum
2737 3318 2952 3375 operae,
2987 3299 3199 3356 tantum
3229 3363 3237 3372 ,

466 3377 1136 3550 ·vigilantiae1mffl
1159 3379 1581 3515 affinitatibus
1611 3381 1862 3438 omnibus
1895 3398 1930 3437 a
1972 3398 2182 3440 summo
2207 3382 2276 3437 ad
2300 3390 2621 3453 postremos,
2659 3392 2719 3437 ut
2743 3382 2936 3437 merito
2961 3378 3198 3446 dubites,

494 3479 562 3519 an
601 3477 796 3533 operae
849 3476 882 3530 p
1115 3455 1189 3542 sit
1293 3453 1474 3513 iurum
1533 3460 1665 3513 haec
1701 3460 1790 3517 lex
1830 3465 2054 3533 perlata.
2130 3465 2278 3517 Haec
2311 3462 2570 3520 Stevinus
2602 3462 2797 3531 tetigit,
2850 3477 2972 3516 cum
3006 3456 3201 3525 innuit,

495 3560 610 3600 rem
649 3556 770 3596 esse
805 3541 860 3595 in
895 3519 1123 3609 imperio
1158 3553 1297 3609 pune
1337 3541 1477 3609 impu
1469 3541 1718 3597 ssihilem
1742 3585 1754 3609 ,
1810 3561 1918 3609 qun
1970 3545 2170 3597 multae
2226 3542 2637 3597 ιιιιιιιιιιιιιιιιιει
2672 3557 2879 3596 merum
2915 3538 3198 3609 imperium

501 3617 749 3677 Caesaris
803 3619 870 3673 de
904 3617 1050 3673 facto
1101 3629 1381 3689 respuunt.
1469 3617 1930 3677 Considerandum
1986 3625 2182 3686 utiam
2246 3635 2459 3689 semper
2509 3621 2682 3679 fuisse
2732 3618 3191 3700 inaequalitatem.

496 3700 757 3757 Furtasse
794 3712 893 3751 nec
930 3698 1006 3751 ita
1042 3697 1345 3751 necessaria
1373 3705 1454 3753 cst
1479 3697 1802 3757 unirer-salia
1826 3701 2146 3769 aequalitas,
2186 3699 2343 3755 modo
2381 3699 2525 3756 intra
2548 3716 2715 3755 unum
2748 3706 2960 3756 coetum
2985 3702 3204 3754 maneat

495 3795 665 3853 unum
720 3790 893 3844 genus
937 3773 1239 3832 mensurae.
1317 3777 1377 3829 Iu
1414 3777 1649 3833 metaliis
1685 3777 1938 3849 pretiosis
1990 3781 2299 3833 ncrsssaris
2348 3778 2453 3834 fuit
2505 3781 2827 3836 universalis
2878 3777 3199 3848 aequalitas,

494 3856 625 3927 quia
669 3862 1103 3924 quaquaversum
1141 3857 1457 3925 pervadunt.
1529 3853 1657 3909 Nun
1689 3857 1766 3909 itu
1806 3873 2042 3921 merces,
2090 3873 2226 3925 quas
2266 3854 2453 3915 vectus
2487 3859 2713 3929 impedit
2746 3867 2844 3916 aut
2878 3859 3072 3915 natura
3106 3862 3200 3911 aut

496 3936 673 4006 copia.
743 3934 936 4003 Neque
990 3933 1131 3987 enim
1185 3937 1473 3989 Austriaes
1525 3937 1653 3989 vinu
1701 3933 2014 3995 inferuntur
2066 3937 2118 3989 iu
2174 3937 2395 3993 Gallias.
2468 3939 2574 3993 Est
2625 3947 2816 3996 autem
2862 3939 3199 4025 quarundam

495 4015 758 4070 mercium
793 4022 989 4068 natura
1023 4012 1165 4071 talis.
1205 4025 1265 4065 ιιι
1301 4013 1369 4065 ml
1409 4017 1774 4069 diversitatum
1814 4028 2182 4073 mensurarum
2222 4017 2428 4086 invitet,
2464 4018 2513 4071 v.
2549 4034 2595 4072 c
2634 4018 2967 4072 frumentum
3008 4017 3199 4071 rece'ns

496 4102 556 4150 et
586 4095 767 4160 vetus,
802 4102 1041 4148 mustum
1078 4100 1133 4147 et
1173 4093 1593 4162 rinu1u.Quue
1629 4093 1990 4161 inaequalitas
2026 4097 2130 4153 etsi
2166 4093 2282 4149 tulli
2310 4096 2443 4151 etin
2468 4096 2705 4152 valorem
2730 4096 2965 4152 transire
2999 4097 3200 4167 potest,

493 4190 605 4229 non
642 4171 803 4227 facile
838 4171 894 4225 id
929 4178 1114 4240 potest
1149 4173 1213 4225 uh
1253 4173 1525 4225 huminum
1565 4173 2030 4229 cunsusmdiusm
2909 4209 2912 4213 ·

670 4251 876 4323 Opinor
909 4250 1094 4319 itaque
1125 4250 1489 4306 inc-:insultum
1529 4273 1665 4317 esse
1701 4253 1846 4309 banc
1878 4253 2054 4325 Iegem
2110 4257 2290 4325 rugari
2327 4256 2396 4311 ad
2431 4255 2698 4327 populum
2729 4260 2826 4311 aut
2871 4250 3200 4342 promulgari

493 4332 680 4388 statim
714 4329 885 4383 initio.
959 4326 1101 4397 Quin
1136 4345 1185 4397 p
1197 4333 1317 4385 ujus
1353 4333 1677 4401 pedetentim
1718 4337 2054 4401 procedatur
2130 4337 2484 4401 Magistratus
2522 4352 2619 4407 pro
2646 4351 2706 4391 se
2730 4335 2961 4405 quisque
2966 4334 3204 4402 exigant

496 4426 601 4467 sua
632 4408 833 4464 telonia
868 4414 923 4462 et
959 4408 1385 4465 contributimes
1425 4413 1693 4481 etiamque
1730 4413 1978 4481 publicus
2016 4433 2295 4469 mensores
2329 4415 2682 4470 constituant.
2752 4412 2877 4467 Fiet
2913 4417 2985 4466 ut
3009 4405 3202 4479 vulgus

497 4490 737 4563 pertaesi
774 4489 965 4544 harum
1003 4488 1401 4542 divexa-ninum
1445 4493 1701 4583 paulatini
1742 4493 1794 4545 iu
1846 4509 2002 4545 unum
2054 4497 2194 4562 illurn
2242 4494 2658 4562 magistratuum
2693 4487 2867 4560 leg'em
2903 4497 3201 4548 transeam.
3241 4511 3246 4516 ·

672 4567 941 4638 Equidem
977 4567 1309 4624 fortitudinis
1346 4576 1431 4625 est
1463 4570 1757 4644 proprium,
1793 4570 1852 4624 ιιι
1886 4555 2199 4627 difficilibus
2254 4571 2510 4653 occupari
2561 4570 2633 4638 ad
2683 4575 2843 4625 usum
2898 4560 3201 4642 publicum3

494 4648 659 4705 modo
695 4662 803 4702 nou
858 4646 1001 4723 desit
1055 4646 1360 4702 fortitudini
1408 4649 1693 4706 consilium
1749 4658 1804 4705 et
1859 4650 2285 4743 circumspectio.
2357 4647 2521 4707 Ferit
2556 4645 2734 4716 Deus,
2770 4657 2833 4705 ut
2865 4666 2900 4704 a
2931 4665 2993 4704 re
3027 4649 3203 4733 viliori

496 4726 682 4784 exorsi
720 4726 956 4781 universi
992 4725 1062 4782 ad
1099 4741 1421 4781 consensum
1459 4728 1516 4781 in
1549 4727 1712 4783 rebus
1747 4730 1995 4785 maximis
2030 4732 2202 4800 magis
2237 4732 2518 4801 magisque
2553 4728 2865 4807 assuefiant.

674 4807 725 4869 3)
760 4806 1168 4876 Progressiouis
1204 4805 1511 4875 aequalitas
1548 4824 1616 4862 an
1642 4808 2038 4865 introducenda
2072 4817 2130 4867 et
2163 4812 2216 4868 4)
2252 4826 2322 4866 an
2357 4810 2586 4881 principi
2847 4808 2952 4863 ‘um
2989 4822 3202 4893 mensu·

493 4902 681 4944 rarum
718 4886 861 4941 idem
898 4886 1355 4982 constituendum,
1393 4887 1675 4957 quaeritur
1708 4888 1764 4983 ιιι
1801 4888 2156 4959 sequentibus
2193 4888 2462 4960 capitibus
2500 4890 2713 4959 pressiu

1596 5067 1705 5128 Ad
1750 5067 1991 5147 caput
2031 5068 2113 5129 11.

531 5264 538 5271 .
672 5220 1117 5288 Progressionem
1151 5230 1497 5274 numerorum
1532 5218 1809 5275 denariam
1845 5220 2096 5277 existimo
2129 5220 2282 5277 nullo
2318 5227 2499 5294 pacto,
2534 5220 2691 5295 nulla
2723 5237 2966 5294 unquam
2999 5221 3058 5288 ιιι
3091 5236 3202 5275 ma-

496 5298 641 5356 teria
691 5298 1140 5363 labefactandam.
1230 5298 1335 5354 Est
1364 5298 1526 5353 enim
1581 5315 1864 5355 commune
1912 5299 2188 5355 vinculum
2254 5294 2567 5355 intellectus
2619 5306 2676 5354 et
2727 5300 2994 5370 quaedam
3042 5293 3205 5367 quasi

498 5378 802 5435 communis
837 5379 1023 5447 lingua
1058 5380 1296 5444 omnium
1346 5378 1624 5449 gentium,
1681 5396 1716 5434 a
1750 5385 1949 5433 natura
1993 5376 2244 5433 instituta
2292 5377 2349 5431 in
2403 5376 2693 5446 digitorum
2744 5375 3108 5446 multitudine,
3142 5390 3261 5432 re·

497 5458 810 5515 hominibus
829 5457 991 5527 longe
1017 5456 1366 5525 familiariori,
1405 5472 1564 5526 qnam
1589 5464 1719 5513 sunt
1742 5458 2016 5525 coelestia,
2054 5462 2116 5511 ut
2147 5455 2211 5511 12
2232 5470 2467 5523 menses,
2503 5453 2573 5512 30
2596 5454 2729 5526 dies,
2764 5454 2800 5510 7
2821 5454 3072 5525 planetae
3095 5456 3200 5511 etc.

496 5536 644 5592 Nam
679 5535 826 5605 qnod
862 5535 1174 5591 obtenditur
1209 5536 1531 5607 Scytharum
1556 5538 1864 5612 exemplum
1889 5553 1958 5593 ex
1981 5533 2297 5598 Aristotele,
2331 5497 2550 5591 traditio
2574 5533 2719 5595 intra
2742 5533 2976 5589 auctoris
3006 5532 3204 5589 librum
3291 5566 3294 5570 .

499 5613 766 5670 subsistit.
836 5618 947 5670 Διιι
978 5614 1126 5670 natio
1162 5621 1282 5680 erat
1303 5612 1463 5683 plane
1486 5614 1772 5672 barbarica
1794 5622 1854 5671 et
1874 5613 1943 5669 ab
1962 5627 2066 5669 usu
2091 5610 2354 5668 sermonis
2377 5611 2657 5684 destinata,
2693 5618 2791 5669 aut
2812 5618 2965 5672 certe
2987 5591 3204 5682 fallacia

500 5692 785 5766 attalia,
840 5710 907 5752 ac
939 5691 1145 5771 siquis
1183 5692 1418 5765 diceret,
1451 5693 1683 5754 Latinos
1716 5708 1844 5758 „uon
1879 5693 2027 5751 alu-a
2048 5690 2124 5751 Π
2157 5705 2470 5783 numerare,
2519 5689 2985 5798 quiapostlnac
3016 5696 3200 5750 uotam
