<?xml version="1.0" encoding="UTF-8"?>
<!DOCTYPE html PUBLIC "-//W3C//DTD XHTML 1.0 Transitional//EN"
    "http://www.w3.org/TR/xhtml1/DTD/xhtml1-transitional.dtd">
<html xmlns="http://www.w3.org/1999/xhtml" xml:lang="en" lang="en">
 <head>
  <title>
</title>
<meta http-equiv="Content-Type" content="text/html;charset=utf-8" />
  <meta name='ocr-system' content='tesseract 3.04.00' />
  <meta name='ocr-capabilities' content='ocr_page ocr_carea ocr_par ocr_line ocrx_word'/>
</head>
<body>
  <div class='ocr_page' id='page_1' title='image "./joanniskepleria09frisgoog_0441.png"; bbox 0 0 3684 7259; ppageno 0'>
   <div class='ocr_carea' id='block_1_1' title="bbox 1693 1221 3173 1300">
    <p class='ocr_par' dir='ltr' id='par_1_1' title="bbox 1693 1221 3173 1300">
     <span class='ocr_line' id='line_1_1' title="bbox 1693 1221 3173 1300; baseline 0.009 -25"><span class='ocrx_word' id='word_1_1' title='bbox 1693 1221 1972 1291; x_wconf 71' lang='lat' dir='ltr'><strong>Apologia.</strong></span> <span class='ocrx_word' id='word_1_2' title='bbox 2504 1287 2509 1292; x_wconf 60' lang='grc'><em>,</em></span> <span class='ocrx_word' id='word_1_3' title='bbox 2808 1292 2816 1300; x_wconf 49' lang='grc'><em>,</em></span> <span class='ocrx_word' id='word_1_4' title='bbox 3047 1227 3173 1288; x_wconf 75' lang='lat'><strong>429</strong></span> 
     </span>
    </p>
   </div>
   <div class='ocr_carea' id='block_1_2' title="bbox 415 1395 3280 5760">
    <p class='ocr_par' dir='ltr' id='par_1_2' title="bbox 415 1395 3280 5760">
     <span class='ocr_line' id='line_1_2' title="bbox 487 1395 3177 1477; baseline -0.001 -17"><span class='ocrx_word' id='word_1_5' title='bbox 487 1415 699 1460; x_wconf 81' lang='lat' dir='ltr'><strong>norum</strong></span> <span class='ocrx_word' id='word_1_6' title='bbox 763 1398 1201 1459; x_wconf 83' lang='lat' dir='ltr'><strong>fundamentum</strong></span> <span class='ocrx_word' id='word_1_7' title='bbox 1260 1417 1388 1458; x_wconf 86' lang='lat' dir='ltr'><strong>esse</strong></span> <span class='ocrx_word' id='word_1_8' title='bbox 1445 1407 1741 1472; x_wconf 88' lang='lat' dir='ltr'><strong>naturam,</strong></span> <span class='ocrx_word' id='word_1_9' title='bbox 1769 1441 1773 1444; x_wconf 86' lang='lat'>-</span> <span class='ocrx_word' id='word_1_10' title='bbox 1805 1401 2066 1477; x_wconf 74' lang='lat' dir='ltr'>inprimis</span> <span class='ocrx_word' id='word_1_11' title='bbox 2131 1400 2188 1456; x_wconf 90' lang='lat' dir='ltr'><strong>in</strong></span> <span class='ocrx_word' id='word_1_12' title='bbox 2246 1413 2462 1456; x_wconf 89' lang='lat' dir='ltr'><strong>conson</strong></span> <span class='ocrx_word' id='word_1_13' title='bbox 2594 1398 2606 1413; x_wconf 82' lang='grc'><strong><em>’</em></strong></span> <span class='ocrx_word' id='word_1_14' title='bbox 2659 1438 2674 1467; x_wconf 89' lang='grc'><em>,</em></span> <span class='ocrx_word' id='word_1_15' title='bbox 2739 1395 2950 1471; x_wconf 84' lang='lat' dir='ltr'><strong>quibus</strong></span> <span class='ocrx_word' id='word_1_16' title='bbox 2995 1400 3177 1457; x_wconf 85' lang='lat' dir='ltr'><strong>utitur</strong></span> 
     </span>
     <span class='ocr_line' id='line_1_3' title="bbox 492 1482 3269 1562; baseline -0.001 -17"><span class='ocrx_word' id='word_1_17' title='bbox 492 1485 736 1559; x_wconf 76' lang='lat' dir='ltr'><strong>artifex,</strong></span> <span class='ocrx_word' id='word_1_18' title='bbox 784 1504 897 1545; x_wconf 91' lang='lat' dir='ltr'><strong>non</strong></span> <span class='ocrx_word' id='word_1_19' title='bbox 946 1485 1105 1545; x_wconf 87' lang='lat' dir='ltr'><strong>aliud</strong></span> <span class='ocrx_word' id='word_1_20' title='bbox 1152 1488 1357 1561; x_wconf 89' lang='lat' dir='ltr'><strong>hujus,</strong></span> <span class='ocrx_word' id='word_1_21' title='bbox 1405 1485 1563 1544; x_wconf 89' lang='lat' dir='ltr'><strong>aliud</strong></span> <span class='ocrx_word' id='word_1_22' title='bbox 1610 1487 1767 1545; x_wconf 89' lang='lat' dir='ltr'><strong>illius</strong></span> <span class='ocrx_word' id='word_1_23' title='bbox 1812 1489 2051 1547; x_wconf 87' lang='lat' dir='ltr'><strong>auribus</strong></span> <span class='ocrx_word' id='word_1_24' title='bbox 2097 1485 2355 1562; x_wconf 88' lang='lat' dir='ltr'><strong>placere,</strong></span> <span class='ocrx_word' id='word_1_25' title='bbox 2403 1503 2464 1543; x_wconf 86' lang='lat' dir='ltr'><strong>se</strong></span> <span class='ocrx_word' id='word_1_26' title='bbox 2626 1482 2799 1542; x_wconf 72' lang='lat' dir='ltr'><strong>tudem</strong></span> <span class='ocrx_word' id='word_1_27' title='bbox 2844 1499 3175 1545; x_wconf 88' lang='lat' dir='ltr'><strong>consonan-</strong></span> <span class='ocrx_word' id='word_1_28' title='bbox 3260 1508 3269 1518; x_wconf 94' lang='lat'><strong>·</strong></span> 
     </span>
     <span class='ocr_line' id='line_1_4' title="bbox 490 1570 3175 1651; baseline 0 -19"><span class='ocrx_word' id='word_1_29' title='bbox 490 1577 700 1632; x_wconf 89' lang='lat' dir='ltr'><strong>tiarum</strong></span> <span class='ocrx_word' id='word_1_30' title='bbox 760 1591 1062 1633; x_wconf 88' lang='lat' dir='ltr'><strong>numerum</strong></span> <span class='ocrx_word' id='word_1_31' title='bbox 1119 1576 1193 1634; x_wconf 90' lang='lat' dir='ltr'><strong>ab</strong></span> <span class='ocrx_word' id='word_1_32' title='bbox 1253 1576 1509 1633; x_wconf 86' lang='lat' dir='ltr'><strong>omnium</strong></span> <span class='ocrx_word' id='word_1_33' title='bbox 1554 1574 1852 1632; x_wconf 88' lang='lat' dir='ltr'><strong>hominum</strong></span> <span class='ocrx_word' id='word_1_34' title='bbox 1912 1575 2150 1633; x_wconf 90' lang='lat' dir='ltr'><strong>auribus</strong></span> <span class='ocrx_word' id='word_1_35' title='bbox 2196 1574 2429 1651; x_wconf 71' lang='lat' dir='ltr'><strong>approb¹</strong></span> <span class='ocrx_word' id='word_1_36' title='bbox 2576 1575 2581 1580; x_wconf 84' lang='grc'><em>“</em></span> <span class='ocrx_word' id='word_1_37' title='bbox 2680 1570 2754 1630; x_wconf 91' lang='lat' dir='ltr'><strong>od</strong></span> <span class='ocrx_word' id='word_1_38' title='bbox 2806 1570 3019 1630; x_wconf 88' lang='lat' dir='ltr'><strong>indicio</strong></span> <span class='ocrx_word' id='word_1_39' title='bbox 3068 1582 3175 1647; x_wconf 89' lang='lat' dir='ltr'><strong>est,</strong></span> 
     </span>
     <span class='ocr_line' id='line_1_5' title="bbox 489 1645 3175 1738; baseline -0 -20"><span class='ocrx_word' id='word_1_40' title='bbox 489 1669 733 1720; x_wconf 88' lang='lat' dir='ltr'><strong>naturae</strong></span> <span class='ocrx_word' id='word_1_41' title='bbox 781 1661 893 1720; x_wconf 90' lang='lat' dir='ltr'><strong>hoc</strong></span> <span class='ocrx_word' id='word_1_42' title='bbox 940 1679 1086 1738; x_wconf 90' lang='lat' dir='ltr'><strong>opus</strong></span> <span class='ocrx_word' id='word_1_43' title='bbox 1132 1680 1278 1721; x_wconf 87' lang='lat' dir='ltr'><strong>esse.</strong></span> <span class='ocrx_word' id='word_1_44' title='bbox 1370 1662 1459 1718; x_wconf 85' lang='lat' dir='ltr'><strong>Ex</strong></span> <span class='ocrx_word' id='word_1_45' title='bbox 1489 1661 1655 1719; x_wconf 90' lang='lat' dir='ltr'><strong>libris</strong></span> <span class='ocrx_word' id='word_1_46' title='bbox 1702 1671 2004 1721; x_wconf 86' lang='lat' dir='ltr'><strong>auctorum</strong></span> <span class='ocrx_word' id='word_1_47' title='bbox 2052 1661 2324 1738; x_wconf 85' lang='lat' dir='ltr'><strong>decerpta</strong></span> <span class='ocrx_word' id='word_1_48' title='bbox 2366 1652 2449 1718; x_wconf 77' lang='lat' dir='ltr'><strong>si¹</strong></span> <span class='ocrx_word' id='word_1_49' title='bbox 2636 1645 2722 1718; x_wconf 69' lang='lat' dir='ltr'><strong>sta</strong></span> <span class='ocrx_word' id='word_1_50' title='bbox 2763 1656 2930 1731; x_wconf 81' lang='lat' dir='ltr'>libri,</span> <span class='ocrx_word' id='word_1_51' title='bbox 2979 1676 3055 1717; x_wconf 86' lang='lat' dir='ltr'><strong>an</strong></span> <span class='ocrx_word' id='word_1_52' title='bbox 3103 1677 3175 1720; x_wconf 84' lang='lat' dir='ltr'><strong>ex</strong></span> 
     </span>
     <span class='ocr_line' id='line_1_6' title="bbox 489 1746 3170 1826; baseline -0 -19"><span class='ocrx_word' id='word_1_53' title='bbox 489 1751 740 1826; x_wconf 88' lang='lat' dir='ltr'><strong>proprio,</strong></span> <span class='ocrx_word' id='word_1_54' title='bbox 789 1766 902 1807; x_wconf 91' lang='lat' dir='ltr'><strong>non</strong></span> <span class='ocrx_word' id='word_1_55' title='bbox 951 1760 1040 1808; x_wconf 89' lang='lat' dir='ltr'><strong>est</strong></span> <span class='ocrx_word' id='word_1_56' title='bbox 1084 1753 1309 1808; x_wconf 89' lang='lat' dir='ltr'><strong>animus</strong></span> <span class='ocrx_word' id='word_1_57' title='bbox 1357 1766 1463 1808; x_wconf 89' lang='lat' dir='ltr'><strong>nec</strong></span> <span class='ocrx_word' id='word_1_58' title='bbox 1507 1747 1671 1807; x_wconf 90' lang='lat' dir='ltr'><strong>locus</strong></span> <span class='ocrx_word' id='word_1_59' title='bbox 1718 1759 1907 1808; x_wconf 90' lang='lat' dir='ltr'><strong>tecum</strong></span> <span class='ocrx_word' id='word_1_60' title='bbox 1940 1749 2197 1826; x_wconf 70' lang='lat' dir='ltr'><strong>litigare,</strong></span> <span class='ocrx_word' id='word_1_61' title='bbox 2225 1747 2475 1819; x_wconf 82' lang='lat' dir='ltr'><strong>sufficit,</strong></span> <span class='ocrx_word' id='word_1_62' title='bbox 2525 1746 2681 1823; x_wconf 90' lang='lat' dir='ltr'><strong>quod</strong></span> <span class='ocrx_word' id='word_1_63' title='bbox 2711 1762 2914 1806; x_wconf 87' lang='lat' dir='ltr'><strong>verum</strong></span> <span class='ocrx_word' id='word_1_64' title='bbox 2959 1746 3019 1804; x_wconf 90' lang='lat' dir='ltr'><strong>id</strong></span> <span class='ocrx_word' id='word_1_65' title='bbox 3064 1756 3170 1822; x_wconf 89' lang='lat' dir='ltr'><strong>est,</strong></span> 
     </span>
     <span class='ocr_line' id='line_1_7' title="bbox 490 1835 3176 1913; baseline -0.001 -18"><span class='ocrx_word' id='word_1_66' title='bbox 490 1835 648 1912; x_wconf 91' lang='lat' dir='ltr'><strong>qnod</strong></span> <span class='ocrx_word' id='word_1_67' title='bbox 695 1839 751 1893; x_wconf 90' lang='lat' dir='ltr'><strong>in</strong></span> <span class='ocrx_word' id='word_1_68' title='bbox 798 1840 1226 1913; x_wconf 89' lang='lat' dir='ltr'><strong>comparatione</strong></span> <span class='ocrx_word' id='word_1_69' title='bbox 1272 1837 1422 1908; x_wconf 82' lang='lat' dir='ltr'><strong>dixi,</strong></span> <span class='ocrx_word' id='word_1_70' title='bbox 1479 1854 1581 1910; x_wconf 90' lang='lat' dir='ltr'><strong>ea,</strong></span> <span class='ocrx_word' id='word_1_71' title='bbox 1645 1854 1796 1911; x_wconf 89' lang='lat' dir='ltr'><strong>quae</strong></span> <span class='ocrx_word' id='word_1_72' title='bbox 1841 1856 1879 1895; x_wconf 90' lang='lat' dir='ltr'><strong>a</strong></span> <span class='ocrx_word' id='word_1_73' title='bbox 1927 1838 2218 1895; x_wconf 86' lang='lat' dir='ltr'><strong>veteribus</strong></span> <span class='ocrx_word' id='word_1_74' title='bbox 2280 1844 2526 1912; x_wconf 82' lang='lat' dir='ltr'><strong>possunt</strong></span> <span class='ocrx_word' id='word_1_75' title='bbox 2568 1836 2903 1905; x_wconf 90' lang='lat' dir='ltr'><strong>transsumi,</strong></span> <span class='ocrx_word' id='word_1_76' title='bbox 2966 1851 3176 1908; x_wconf 13' lang='lat' dir='ltr'><strong>metex</strong></span> 
     </span>
     <span class='ocr_line' id='line_1_8' title="bbox 492 1914 3176 2000; baseline 0.001 -21"><span class='ocrx_word' id='word_1_77' title='bbox 492 1941 684 1982; x_wconf 88' lang='lat' dir='ltr'><strong>rerum</strong></span> <span class='ocrx_word' id='word_1_78' title='bbox 729 1933 938 1982; x_wconf 88' lang='lat' dir='ltr'><strong>natura</strong></span> <span class='ocrx_word' id='word_1_79' title='bbox 985 1942 1201 1984; x_wconf 88' lang='lat' dir='ltr'><strong>eruere.</strong></span> <span class='ocrx_word' id='word_1_80' title='bbox 1293 1923 1705 1982; x_wconf 87' lang='lat' dir='ltr'><strong>Definitionem</strong></span> <span class='ocrx_word' id='word_1_81' title='bbox 1751 1942 1862 2000; x_wconf 89' lang='lat' dir='ltr'><strong>ego</strong></span> <span class='ocrx_word' id='word_1_82' title='bbox 1911 1932 2122 1983; x_wconf 89' lang='lat' dir='ltr'><strong>certam</strong></span> <span class='ocrx_word' id='word_1_83' title='bbox 2182 1940 2337 1998; x_wconf 90' lang='lat' dir='ltr'><strong>pono</strong></span> <span class='ocrx_word' id='word_1_84' title='bbox 2385 1923 2912 1982; x_wconf 80' lang='lat' dir='ltr'><strong>consonantiarum.</strong></span> <span class='ocrx_word' id='word_1_85' title='bbox 3003 1914 3176 1982; x_wconf 81' lang='lat' dir='ltr'><strong>Hauc</strong></span> 
     </span>
     <span class='ocr_line' id='line_1_9' title="bbox 492 2009 3176 2088; baseline -0 -20"><span class='ocrx_word' id='word_1_86' title='bbox 492 2010 886 2070; x_wconf 88' lang='lat' dir='ltr'><strong>definitionem</strong></span> <span class='ocrx_word' id='word_1_87' title='bbox 932 2015 1161 2088; x_wconf 81' lang='lat' dir='ltr'><strong>recipit,</strong></span> <span class='ocrx_word' id='word_1_88' title='bbox 1221 2011 1504 2087; x_wconf 88' lang='lat' dir='ltr'><strong>quidquid</strong></span> <span class='ocrx_word' id='word_1_89' title='bbox 1552 2012 1788 2070; x_wconf 89' lang='lat' dir='ltr'><strong>auribus</strong></span> <span class='ocrx_word' id='word_1_90' title='bbox 1837 2014 2111 2088; x_wconf 88' lang='lat' dir='ltr'><strong>probatur</strong></span> <span class='ocrx_word' id='word_1_91' title='bbox 2158 2019 2221 2069; x_wconf 89' lang='lat' dir='ltr'><strong>ut</strong></span> <span class='ocrx_word' id='word_1_92' title='bbox 2266 2023 2616 2085; x_wconf 85' lang='lat' dir='ltr'><strong>consonum,</strong></span> <span class='ocrx_word' id='word_1_93' title='bbox 2688 2012 2936 2085; x_wconf 82' lang='lat' dir='ltr'><strong>respuit,</strong></span> <span class='ocrx_word' id='word_1_94' title='bbox 3001 2009 3176 2084; x_wconf 91' lang='lat' dir='ltr'><strong>quid-</strong></span> 
     </span>
     <span class='ocr_line' id='line_1_10' title="bbox 493 2097 3177 2182; baseline -0 -26"><span class='ocrx_word' id='word_1_95' title='bbox 493 2099 631 2173; x_wconf 87' lang='lat' dir='ltr'><strong>quid</strong></span> <span class='ocrx_word' id='word_1_96' title='bbox 680 2116 847 2156; x_wconf 87' lang='lat' dir='ltr'><strong>aures</strong></span> <span class='ocrx_word' id='word_1_97' title='bbox 893 2109 1174 2176; x_wconf 87' lang='lat' dir='ltr'><strong>respuunt</strong></span> <span class='ocrx_word' id='word_1_98' title='bbox 1234 2108 1298 2157; x_wconf 91' lang='lat' dir='ltr'><strong>ut</strong></span> <span class='ocrx_word' id='word_1_99' title='bbox 1345 2100 1661 2157; x_wconf 89' lang='lat' dir='ltr'><strong>dissonum.</strong></span> <span class='ocrx_word' id='word_1_100' title='bbox 1752 2100 1975 2157; x_wconf 89' lang='lat' dir='ltr'><strong>Horum</strong></span> <span class='ocrx_word' id='word_1_101' title='bbox 2030 2098 2230 2174; x_wconf 84' lang='lat' dir='ltr'><strong>aliqua</strong></span> <span class='ocrx_word' id='word_1_102' title='bbox 2288 2100 2462 2158; x_wconf 87' lang='lat' dir='ltr'><strong>etiam</strong></span> <span class='ocrx_word' id='word_1_103' title='bbox 2507 2097 2875 2182; x_wconf 63' lang='lat' dir='ltr'><strong>Pythagogas</strong></span> <span class='ocrx_word' id='word_1_104' title='bbox 2921 2113 3177 2156; x_wconf 84' lang='lat' dir='ltr'><strong>consona</strong></span> 
     </span>
     <span class='ocr_line' id='line_1_11' title="bbox 490 2171 3194 2263; baseline 0 -20"><span class='ocrx_word' id='word_1_105' title='bbox 490 2187 669 2258; x_wconf 84' lang='lat' dir='ltr'><strong>dixit,</strong></span> <span class='ocrx_word' id='word_1_106' title='bbox 728 2185 925 2261; x_wconf 88' lang='lat' dir='ltr'><strong>aliqua</strong></span> <span class='ocrx_word' id='word_1_107' title='bbox 973 2204 1228 2246; x_wconf 89' lang='lat' dir='ltr'><strong>consona</strong></span> <span class='ocrx_word' id='word_1_108' title='bbox 1286 2189 1412 2263; x_wconf 88' lang='lat' dir='ltr'><strong>ipse</strong></span> <span class='ocrx_word' id='word_1_109' title='bbox 1457 2189 1725 2260; x_wconf 82' lang='lat' dir='ltr'><strong>negavit,</strong></span> <span class='ocrx_word' id='word_1_110' title='bbox 1787 2186 2162 2247; x_wconf 83' lang='lat' dir='ltr'><strong>Ptolemaeus</strong></span> <span class='ocrx_word' id='word_1_111' title='bbox 2218 2185 2546 2251; x_wconf 79' lang='lat' dir='ltr'><strong>affirmavit.</strong></span> <span class='ocrx_word' id='word_1_112' title='bbox 2634 2184 2765 2244; x_wconf 86' lang='lat' dir='ltr'><strong>Non</strong></span> <span class='ocrx_word' id='word_1_113' title='bbox 2827 2192 3019 2244; x_wconf 90' lang='lat' dir='ltr'><strong>tamen</strong></span> <span class='ocrx_word' id='word_1_114' title='bbox 3066 2171 3194 2260; x_wconf 73' lang='lat' dir='ltr'><strong>ego‘</strong></span> 
     </span>
     <span class='ocr_line' id='line_1_12' title="bbox 491 2272 3176 2353; baseline 0 -24"><span class='ocrx_word' id='word_1_115' title='bbox 491 2291 679 2348; x_wconf 87' lang='lat' dir='ltr'><strong>neque</strong></span> <span class='ocrx_word' id='word_1_116' title='bbox 727 2272 828 2329; x_wconf 90' lang='lat' dir='ltr'><strong>illa</strong></span> <span class='ocrx_word' id='word_1_117' title='bbox 874 2292 1061 2349; x_wconf 88' lang='lat' dir='ltr'><strong>neque</strong></span> <span class='ocrx_word' id='word_1_118' title='bbox 1111 2277 1222 2333; x_wconf 90' lang='lat' dir='ltr'><strong>ista</strong></span> <span class='ocrx_word' id='word_1_119' title='bbox 1269 2275 1484 2351; x_wconf 86' lang='lat' dir='ltr'><strong>recipio</strong></span> <span class='ocrx_word' id='word_1_120' title='bbox 1533 2275 1677 2329; x_wconf 70' lang='lat' dir='ltr'><strong>inter</strong></span> <span class='ocrx_word' id='word_1_121' title='bbox 1725 2293 2001 2353; x_wconf 64' lang='lat' dir='ltr'><strong>cerrenus,</strong></span> <span class='ocrx_word' id='word_1_122' title='bbox 2049 2277 2190 2349; x_wconf 70' lang='lat' dir='ltr'><strong>qnia</strong></span> <span class='ocrx_word' id='word_1_123' title='bbox 2230 2274 2599 2349; x_wconf 65' lang='lat' dir='ltr'><strong>I&#39;Jthugnras</strong></span> <span class='ocrx_word' id='word_1_124' title='bbox 2644 2282 2747 2331; x_wconf 91' lang='lat' dir='ltr'><strong>aut</strong></span> <span class='ocrx_word' id='word_1_125' title='bbox 2790 2272 2928 2346; x_wconf 86' lang='lat' dir='ltr'><strong>quia</strong></span> <span class='ocrx_word' id='word_1_126' title='bbox 2974 2272 3176 2330; x_wconf 88' lang='lat' dir='ltr'><strong>Ptole-</strong></span> 
     </span>
     <span class='ocr_line' id='line_1_13' title="bbox 492 2358 3178 2442; baseline 0 -24"><span class='ocrx_word' id='word_1_127' title='bbox 492 2378 692 2418; x_wconf 87' lang='lat' dir='ltr'><strong>maeus</strong></span> <span class='ocrx_word' id='word_1_128' title='bbox 740 2359 798 2417; x_wconf 90' lang='lat' dir='ltr'><strong>id</strong></span> <span class='ocrx_word' id='word_1_129' title='bbox 845 2360 1020 2435; x_wconf 86' lang='lat' dir='ltr'><strong>dixit,</strong></span> <span class='ocrx_word' id='word_1_130' title='bbox 1082 2361 1182 2419; x_wconf 89' lang='lat' dir='ltr'><strong>sed</strong></span> <span class='ocrx_word' id='word_1_131' title='bbox 1245 2364 1384 2437; x_wconf 90' lang='lat' dir='ltr'><strong>quia</strong></span> <span class='ocrx_word' id='word_1_132' title='bbox 1440 2362 1685 2436; x_wconf 68' lang='lat' dir='ltr'><strong>primum</strong></span> <span class='ocrx_word' id='word_1_133' title='bbox 1725 2369 1933 2433; x_wconf 63' lang='lat' dir='ltr'><strong>sunt-es,</strong></span> <span class='ocrx_word' id='word_1_134' title='bbox 1962 2421 1964 2423; x_wconf 75' lang='grc'>,</span> <span class='ocrx_word' id='word_1_135' title='bbox 1997 2361 2206 2421; x_wconf 73' lang='lat' dir='ltr'><strong>deiude</strong></span> <span class='ocrx_word' id='word_1_136' title='bbox 2234 2361 2514 2421; x_wconf 69' lang='lat' dir='ltr'><strong>‘definitio</strong></span> <span class='ocrx_word' id='word_1_137' title='bbox 2566 2376 2694 2419; x_wconf 84' lang='lat' dir='ltr'><strong>mea</strong></span> <span class='ocrx_word' id='word_1_138' title='bbox 2746 2362 3031 2436; x_wconf 89' lang='lat' dir='ltr'><strong>recipiunt</strong></span> <span class='ocrx_word' id='word_1_139' title='bbox 3076 2358 3178 2442; x_wconf 83' lang='lat' dir='ltr'><strong>illa</strong></span> 
     </span>
     <span class='ocr_line' id='line_1_14' title="bbox 490 2446 3175 2524; baseline 0.001 -20"><span class='ocrx_word' id='word_1_140' title='bbox 490 2450 639 2506; x_wconf 88' lang='lat' dir='ltr'><strong>inter</strong></span> <span class='ocrx_word' id='word_1_141' title='bbox 685 2465 959 2506; x_wconf 85' lang='lat' dir='ltr'><strong>consona.</strong></span> <span class='ocrx_word' id='word_1_142' title='bbox 1050 2449 1244 2507; x_wconf 89' lang='lat' dir='ltr'><strong>Nolim</strong></span> <span class='ocrx_word' id='word_1_143' title='bbox 1291 2448 1560 2524; x_wconf 87' lang='lat' dir='ltr'><strong>equidem</strong></span> <span class='ocrx_word' id='word_1_144' title='bbox 1609 2462 1821 2513; x_wconf 68' lang='lat' dir='ltr'><strong>sauram</strong></span> <span class='ocrx_word' id='word_1_145' title='bbox 1865 2449 2106 2517; x_wconf 71' lang='lat' dir='ltr'><strong>nuribus</strong></span> <span class='ocrx_word' id='word_1_146' title='bbox 2150 2449 2586 2513; x_wconf 68' lang='lat' dir='ltr'><strong>ennsnntmtiam</strong></span> <span class='ocrx_word' id='word_1_147' title='bbox 2636 2446 2835 2505; x_wconf 82' lang='lat' dir='ltr'><strong>invitis</strong></span> <span class='ocrx_word' id='word_1_148' title='bbox 2868 2446 3175 2506; x_wconf 85' lang='lat' dir='ltr'><strong>obtrudere</strong></span> 
     </span>
     <span class='ocr_line' id='line_1_15' title="bbox 491 2521 3177 2617; baseline 0 -24"><span class='ocrx_word' id='word_1_149' title='bbox 491 2534 563 2593; x_wconf 90' lang='lat' dir='ltr'><strong>de</strong></span> <span class='ocrx_word' id='word_1_150' title='bbox 608 2538 871 2611; x_wconf 90' lang='lat' dir='ltr'><strong>proprio,</strong></span> <span class='ocrx_word' id='word_1_151' title='bbox 937 2554 1231 2610; x_wconf 89' lang='lat' dir='ltr'><strong>nunquam</strong></span> <span class='ocrx_word' id='word_1_152' title='bbox 1280 2545 1442 2595; x_wconf 85' lang='lat' dir='ltr'><strong>tanta</strong></span> <span class='ocrx_word' id='word_1_153' title='bbox 1488 2554 1579 2593; x_wconf 92' lang='lat' dir='ltr'><strong>me</strong></span> <span class='ocrx_word' id='word_1_154' title='bbox 1625 2533 1845 2609; x_wconf 66' lang='lat' dir='ltr'><strong>glut-ias</strong></span> <span class='ocrx_word' id='word_1_155' title='bbox 1892 2529 2178 2617; x_wconf 64' lang='lat' dir='ltr'><strong>sapidius</strong></span> <span class='ocrx_word' id='word_1_156' title='bbox 2224 2521 2486 2609; x_wconf 54' lang='lat' dir='ltr'><strong>incessit,</strong></span> <span class='ocrx_word' id='word_1_157' title='bbox 2546 2543 2607 2593; x_wconf 82' lang='lat' dir='ltr'><strong>ut</strong></span> <span class='ocrx_word' id='word_1_158' title='bbox 2650 2545 2893 2602; x_wconf 83' lang='lat' dir='ltr'><strong>naturae</strong></span> <span class='ocrx_word' id='word_1_159' title='bbox 2942 2535 3177 2595; x_wconf 89' lang='lat' dir='ltr'><strong>obtrec-</strong></span> 
     </span>
     <span class='ocr_line' id='line_1_16' title="bbox 490 2616 3173 2705; baseline -0.001 -24"><span class='ocrx_word' id='word_1_160' title='bbox 490 2623 730 2681; x_wconf 84' lang='lat' dir='ltr'><strong>tandum</strong></span> <span class='ocrx_word' id='word_1_161' title='bbox 779 2625 1128 2695; x_wconf 88' lang='lat' dir='ltr'><strong>censuerim,</strong></span> <span class='ocrx_word' id='word_1_162' title='bbox 1189 2624 1400 2682; x_wconf 85' lang='lat' dir='ltr'><strong>sufficit</strong></span> <span class='ocrx_word' id='word_1_163' title='bbox 1447 2623 1613 2685; x_wconf 71' lang='lat' dir='ltr'><strong>mihi⁴</strong></span> <span class='ocrx_word' id='word_1_164' title='bbox 1681 2625 1729 2681; x_wconf 69' lang='lat' dir='ltr'><strong>si</strong></span> <span class='ocrx_word' id='word_1_165' title='bbox 1781 2618 1996 2681; x_wconf 59' lang='lat' dir='ltr'><strong>causus·</strong></span> <span class='ocrx_word' id='word_1_166' title='bbox 2029 2641 2262 2697; x_wconf 59' lang='lat' dir='ltr'><strong>aarum,</strong></span> <span class='ocrx_word' id='word_1_167' title='bbox 2306 2616 2454 2705; x_wconf 60' lang='lat' dir='ltr'><strong>quire</strong></span> <span class='ocrx_word' id='word_1_168' title='bbox 2506 2633 2710 2681; x_wconf 74' lang='lat' dir='ltr'><strong>natura</strong></span> <span class='ocrx_word' id='word_1_169' title='bbox 2754 2631 3066 2695; x_wconf 88' lang='lat' dir='ltr'><strong>monstrat,</strong></span> <span class='ocrx_word' id='word_1_170' title='bbox 3118 2624 3173 2679; x_wconf 89' lang='lat' dir='ltr'><strong>in</strong></span> 
     </span>
     <span class='ocr_line' id='line_1_17' title="bbox 492 2697 3177 2797; baseline -0 -29"><span class='ocrx_word' id='word_1_171' title='bbox 492 2709 621 2768; x_wconf 89' lang='lat' dir='ltr'><strong>luce</strong></span> <span class='ocrx_word' id='word_1_172' title='bbox 679 2727 892 2785; x_wconf 90' lang='lat' dir='ltr'><strong>ponere</strong></span> <span class='ocrx_word' id='word_1_173' title='bbox 952 2727 1204 2788; x_wconf 87' lang='lat' dir='ltr'><strong>possum.</strong></span> <span class='ocrx_word' id='word_1_174' title='bbox 1295 2712 1535 2768; x_wconf 82' lang='lat' dir='ltr'><strong>Frustra</strong></span> <span class='ocrx_word' id='word_1_175' title='bbox 1597 2729 1733 2785; x_wconf 61' lang='lat' dir='ltr'><strong>erge</strong></span> <span class='ocrx_word' id='word_1_176' title='bbox 1797 2725 1853 2769; x_wconf 74' lang='lat' dir='ltr'><strong>tu</strong></span> <span class='ocrx_word' id='word_1_177' title='bbox 1905 2697 2047 2769; x_wconf 49' lang='lat' dir='ltr'><strong>milri</strong></span> <span class='ocrx_word' id='word_1_178' title='bbox 2093 2698 2345 2797; x_wconf 56' lang='lat' dir='ltr'><strong>dfiimlsj·</strong></span> <span class='ocrx_word' id='word_1_179' title='bbox 2406 2713 2562 2785; x_wconf 71' lang='lat' dir='ltr'><strong>quud</strong></span> <span class='ocrx_word' id='word_1_180' title='bbox 2622 2709 2978 2787; x_wconf 82' lang='lat' dir='ltr'><strong>comparatio</strong></span> <span class='ocrx_word' id='word_1_181' title='bbox 3046 2726 3177 2768; x_wconf 88' lang='lat' dir='ltr'><strong>mea</strong></span> 
     </span>
     <span class='ocr_line' id='line_1_18' title="bbox 494 2785 3176 2874; baseline 0.001 -20"><span class='ocrx_word' id='word_1_182' title='bbox 494 2799 763 2872; x_wconf 85' lang='lat' dir='ltr'><strong>nuspiam</strong></span> <span class='ocrx_word' id='word_1_183' title='bbox 810 2801 1121 2874; x_wconf 83' lang='lat' dir='ltr'><strong>arrogavit.</strong></span> <span class='ocrx_word' id='word_1_184' title='bbox 1212 2799 1438 2873; x_wconf 85' lang='lat' dir='ltr'><strong>Negas,</strong></span> <span class='ocrx_word' id='word_1_185' title='bbox 1485 2816 1576 2856; x_wconf 89' lang='lat' dir='ltr'><strong>me</strong></span> <span class='ocrx_word' id='word_1_186' title='bbox 1623 2801 1958 2858; x_wconf 88' lang='lat' dir='ltr'><strong>harmoniae</strong></span> <span class='ocrx_word' id='word_1_187' title='bbox 2005 2817 2167 2858; x_wconf 89' lang='lat' dir='ltr'><strong>meae</strong></span> <span class='ocrx_word' id='word_1_188' title='bbox 2213 2785 2513 2858; x_wconf 70' lang='lat' dir='ltr'><strong>materiam</strong></span> <span class='ocrx_word' id='word_1_189' title='bbox 2562 2798 2878 2855; x_wconf 88' lang='lat' dir='ltr'><strong>secundum</strong></span> <span class='ocrx_word' id='word_1_190' title='bbox 2926 2801 3176 2874; x_wconf 90' lang='lat' dir='ltr'><strong>promis-</strong></span> 
     </span>
     <span class='ocr_line' id='line_1_19' title="bbox 492 2880 3175 2967; baseline 0 -25"><span class='ocrx_word' id='word_1_191' title='bbox 492 2902 621 2942; x_wconf 88' lang='lat' dir='ltr'><strong>sum</strong></span> <span class='ocrx_word' id='word_1_192' title='bbox 669 2902 698 2942; x_wconf 92' lang='lat' dir='ltr'><strong>e</strong></span> <span class='ocrx_word' id='word_1_193' title='bbox 746 2903 931 2942; x_wconf 89' lang='lat' dir='ltr'><strong>rernm</strong></span> <span class='ocrx_word' id='word_1_194' title='bbox 978 2896 1185 2943; x_wconf 88' lang='lat' dir='ltr'><strong>natura</strong></span> <span class='ocrx_word' id='word_1_195' title='bbox 1232 2889 1476 2955; x_wconf 84' lang='lat' dir='ltr'><strong>eruisse,</strong></span> <span class='ocrx_word' id='word_1_196' title='bbox 1524 2895 1625 2943; x_wconf 86' lang='lat' dir='ltr'><strong>aut</strong></span> <span class='ocrx_word' id='word_1_197' title='bbox 1670 2905 1705 2943; x_wconf 88' lang='lat' dir='ltr'><strong>a</strong></span> <span class='ocrx_word' id='word_1_198' title='bbox 1754 2882 2141 2966; x_wconf 66' lang='lat' dir='ltr'><strong>fundamentis</strong></span> <span class='ocrx_word' id='word_1_199' title='bbox 2187 2889 2555 2945; x_wconf 84' lang='lat' dir='ltr'><strong>constituere.</strong></span> <span class='ocrx_word' id='word_1_200' title='bbox 2644 2884 2953 2967; x_wconf 81' lang='lat' dir='ltr'><strong>Materiam</strong></span> <span class='ocrx_word' id='word_1_201' title='bbox 2999 2880 3175 2959; x_wconf 85' lang='lat' dir='ltr'><strong>quam</strong></span> 
     </span>
     <span class='ocr_line' id='line_1_20' title="bbox 415 2970 3175 3050; baseline 0.001 -21"><span class='ocrx_word' id='word_1_202' title='bbox 415 2987 422 3002; x_wconf 90' lang='lat'><strong>·</strong></span> <span class='ocrx_word' id='word_1_203' title='bbox 490 2979 551 3030; x_wconf 89' lang='lat' dir='ltr'><strong>tu</strong></span> <span class='ocrx_word' id='word_1_204' title='bbox 597 2971 755 3030; x_wconf 90' lang='lat' dir='ltr'><strong>dicas</strong></span> <span class='ocrx_word' id='word_1_205' title='bbox 803 2973 1137 3032; x_wconf 81' lang='lat' dir='ltr'><strong>harmoniae</strong></span> <span class='ocrx_word' id='word_1_206' title='bbox 1184 2989 1292 3048; x_wconf 81' lang='lat' dir='ltr'><strong>ego</strong></span> <span class='ocrx_word' id='word_1_207' title='bbox 1341 2990 1455 3030; x_wconf 92' lang='lat' dir='ltr'><strong>non</strong></span> <span class='ocrx_word' id='word_1_208' title='bbox 1504 2974 1779 3048; x_wconf 88' lang='lat' dir='ltr'><strong>conjici0,</strong></span> <span class='ocrx_word' id='word_1_209' title='bbox 1826 2991 2018 3050; x_wconf 84' lang='lat' dir='ltr'><strong>neque</strong></span> <span class='ocrx_word' id='word_1_210' title='bbox 2064 2975 2134 3034; x_wconf 88' lang='lat' dir='ltr'><strong>de</strong></span> <span class='ocrx_word' id='word_1_211' title='bbox 2180 2974 2517 3032; x_wconf 85' lang='lat' dir='ltr'><strong>harmoniae</strong></span> <span class='ocrx_word' id='word_1_212' title='bbox 2567 2975 2807 3032; x_wconf 84' lang='lat' dir='ltr'><strong>materia</strong></span> <span class='ocrx_word' id='word_1_213' title='bbox 2852 2970 3175 3048; x_wconf 87' lang='lat' dir='ltr'><strong>quidquam</strong></span> 
     </span>
     <span class='ocr_line' id='line_1_21' title="bbox 501 3058 3266 3139; baseline 0.003 -24"><span class='ocrx_word' id='word_1_214' title='bbox 501 3058 677 3133; x_wconf 86' lang='lat' dir='ltr'><strong>hujus</strong></span> <span class='ocrx_word' id='word_1_215' title='bbox 724 3077 833 3134; x_wconf 81' lang='lat' dir='ltr'><strong>ego</strong></span> <span class='ocrx_word' id='word_1_216' title='bbox 877 3062 1135 3135; x_wconf 89' lang='lat' dir='ltr'><strong>promisi,</strong></span> <span class='ocrx_word' id='word_1_217' title='bbox 1204 3060 1307 3119; x_wconf 86' lang='lat' dir='ltr'><strong>sed</strong></span> <span class='ocrx_word' id='word_1_218' title='bbox 1354 3061 1463 3118; x_wconf 89' lang='lat' dir='ltr'><strong>boc</strong></span> <span class='ocrx_word' id='word_1_219' title='bbox 1510 3078 1600 3118; x_wconf 90' lang='lat' dir='ltr'><strong>me</strong></span> <span class='ocrx_word' id='word_1_220' title='bbox 1647 3060 1901 3120; x_wconf 81' lang='lat' dir='ltr'><strong>voluisse</strong></span> <span class='ocrx_word' id='word_1_221' title='bbox 1946 3061 2093 3120; x_wconf 89' lang='lat' dir='ltr'><strong>liber</strong></span> <span class='ocrx_word' id='word_1_222' title='bbox 2139 3063 2279 3139; x_wconf 86' lang='lat' dir='ltr'><strong>ipse&#39;</strong></span> <span class='ocrx_word' id='word_1_223' title='bbox 2310 3062 2836 3130; x_wconf 87' lang='lat' dir='ltr'><strong>tertius-testatur,</strong></span> <span class='ocrx_word' id='word_1_224' title='bbox 2893 3076 2984 3118; x_wconf 89' lang='lat' dir='ltr'><strong>me</strong></span> <span class='ocrx_word' id='word_1_225' title='bbox 3030 3077 3173 3119; x_wconf 90' lang='lat' dir='ltr'><strong>cau·-</strong></span> <span class='ocrx_word' id='word_1_226' title='bbox 3262 3120 3266 3124; x_wconf 84' lang='lat'><strong>.</strong></span> 
     </span>
     <span class='ocr_line' id='line_1_22' title="bbox 498 3147 3182 3223; baseline 0.001 -20"><span class='ocrx_word' id='word_1_227' title='bbox 498 3163 631 3217; x_wconf 77' lang='lat' dir='ltr'><strong>sae,</strong></span> <span class='ocrx_word' id='word_1_228' title='bbox 691 3163 793 3204; x_wconf 91' lang='lat' dir='ltr'><strong>cur</strong></span> <span class='ocrx_word' id='word_1_229' title='bbox 836 3156 1118 3206; x_wconf 88' lang='lat' dir='ltr'><strong>certarum</strong></span> <span class='ocrx_word' id='word_1_230' title='bbox 1166 3150 1556 3223; x_wconf 78' lang='lat' dir='ltr'><strong>quantitatum</strong></span> <span class='ocrx_word' id='word_1_231' title='bbox 1604 3150 1847 3221; x_wconf 84' lang='lat' dir='ltr'><strong>termini,</strong></span> <span class='ocrx_word' id='word_1_232' title='bbox 1873 3151 1953 3205; x_wconf 90' lang='lat' dir='ltr'><strong>·.in</strong></span> <span class='ocrx_word' id='word_1_233' title='bbox 2001 3166 2174 3208; x_wconf 86' lang='lat' dir='ltr'><strong>voces</strong></span> <span class='ocrx_word' id='word_1_234' title='bbox 2220 3149 2513 3207; x_wconf 87' lang='lat' dir='ltr'><strong>naturales</strong></span> <span class='ocrx_word' id='word_1_235' title='bbox 2560 3147 2900 3218; x_wconf 87' lang='lat' dir='ltr'><strong>introducti,</strong></span> <span class='ocrx_word' id='word_1_236' title='bbox 2963 3147 3182 3206; x_wconf 83' lang='lat' dir='ltr'><strong>faciant</strong></span> 
     </span>
     <span class='ocr_line' id='line_1_23' title="bbox 495 3234 3180 3312; baseline 0.001 -21"><span class='ocrx_word' id='word_1_237' title='bbox 495 3251 595 3291; x_wconf 88' lang='lat' dir='ltr'><strong>eas</strong></span> <span class='ocrx_word' id='word_1_238' title='bbox 642 3250 991 3312; x_wconf 87' lang='lat' dir='ltr'><strong>consonare,</strong></span> <span class='ocrx_word' id='word_1_239' title='bbox 1056 3236 1300 3293; x_wconf 90' lang='lat' dir='ltr'><strong>aliarum</strong></span> <span class='ocrx_word' id='word_1_240' title='bbox 1359 3237 1749 3311; x_wconf 86' lang='lat' dir='ltr'><strong>quantitatum</strong></span> <span class='ocrx_word' id='word_1_241' title='bbox 1816 3238 2040 3295; x_wconf 86' lang='lat' dir='ltr'><strong>termini</strong></span> <span class='ocrx_word' id='word_1_242' title='bbox 2100 3236 2212 3294; x_wconf 91' lang='lat' dir='ltr'><strong>hoc</strong></span> <span class='ocrx_word' id='word_1_243' title='bbox 2253 3235 2663 3308; x_wconf 63' lang='lat' dir='ltr'><strong>nontaciant,</strong></span> <span class='ocrx_word' id='word_1_244' title='bbox 2721 3234 2897 3308; x_wconf 80' lang='lat' dir='ltr'><strong>hujus</strong></span> <span class='ocrx_word' id='word_1_245' title='bbox 2944 3236 3180 3309; x_wconf 88' lang='lat' dir='ltr'><strong>inquam</strong></span> 
     </span>
     <span class='ocr_line' id='line_1_24' title="bbox 496 3322 3182 3399; baseline 0.001 -22"><span class='ocrx_word' id='word_1_246' title='bbox 496 3322 575 3378; x_wconf 88' lang='lat' dir='ltr'><strong>rei</strong></span> <span class='ocrx_word' id='word_1_247' title='bbox 624 3339 831 3379; x_wconf 88' lang='lat' dir='ltr'><strong>causas</strong></span> <span class='ocrx_word' id='word_1_248' title='bbox 897 3341 987 3380; x_wconf 88' lang='lat' dir='ltr'><strong>mc</strong></span> <span class='ocrx_word' id='word_1_249' title='bbox 1047 3341 1076 3380; x_wconf 88' lang='lat' dir='ltr'><strong>e</strong></span> <span class='ocrx_word' id='word_1_250' title='bbox 1126 3340 1311 3382; x_wconf 89' lang='lat' dir='ltr'><strong>rerum</strong></span> <span class='ocrx_word' id='word_1_251' title='bbox 1372 3331 1580 3387; x_wconf 85' lang='lat' dir='ltr'><strong>natura</strong></span> <span class='ocrx_word' id='word_1_252' title='bbox 1637 3326 1871 3385; x_wconf 88' lang='lat' dir='ltr'><strong>eruisse.</strong></span> <span class='ocrx_word' id='word_1_253' title='bbox 1963 3322 2095 3382; x_wconf 87' lang='lat' dir='ltr'><strong>Vin&#39;</strong></span> <span class='ocrx_word' id='word_1_254' title='bbox 2140 3326 2316 3399; x_wconf 89' lang='lat' dir='ltr'><strong>igitur</strong></span> <span class='ocrx_word' id='word_1_255' title='bbox 2372 3330 2437 3380; x_wconf 90' lang='lat' dir='ltr'><strong>tu</strong></span> <span class='ocrx_word' id='word_1_256' title='bbox 2493 3324 2675 3394; x_wconf 87' lang='lat' dir='ltr'><strong>scire,</strong></span> <span class='ocrx_word' id='word_1_257' title='bbox 2740 3338 2891 3396; x_wconf 84' lang='lat' dir='ltr'><strong>quae</strong></span> <span class='ocrx_word' id='word_1_258' title='bbox 2944 3324 3021 3379; x_wconf 89' lang='lat' dir='ltr'><strong>sit</strong></span> <span class='ocrx_word' id='word_1_259' title='bbox 3081 3322 3182 3381; x_wconf 89' lang='lat' dir='ltr'><strong>illa</strong></span> 
     </span>
     <span class='ocr_line' id='line_1_25' title="bbox 494 3402 3280 3490; baseline 0.002 -27"><span class='ocrx_word' id='word_1_260' title='bbox 494 3424 685 3466; x_wconf 89' lang='lat' dir='ltr'><strong>rerum</strong></span> <span class='ocrx_word' id='word_1_261' title='bbox 731 3411 979 3468; x_wconf 76' lang='lat' dir='ltr'><strong>natura?</strong></span> <span class='ocrx_word' id='word_1_262' title='bbox 1072 3410 1283 3467; x_wconf 79' lang='lat' dir='ltr'><strong>Anima</strong></span> <span class='ocrx_word' id='word_1_263' title='bbox 1343 3411 1601 3468; x_wconf 84' lang='lat' dir='ltr'><strong>humana</strong></span> <span class='ocrx_word' id='word_1_264' title='bbox 1654 3428 1789 3485; x_wconf 88' lang='lat' dir='ltr'><strong>pars</strong></span> <span class='ocrx_word' id='word_1_265' title='bbox 1844 3419 1932 3469; x_wconf 91' lang='lat' dir='ltr'><strong>est</strong></span> <span class='ocrx_word' id='word_1_266' title='bbox 1977 3420 2245 3484; x_wconf 79' lang='lat' dir='ltr'><strong>naturae,</strong></span> <span class='ocrx_word' id='word_1_267' title='bbox 2310 3412 2609 3469; x_wconf 82' lang='lat' dir='ltr'><strong>inanima</strong></span> <span class='ocrx_word' id='word_1_268' title='bbox 2668 3408 2889 3482; x_wconf 78' lang='lat' dir='ltr'><strong>relucet</strong></span> <span class='ocrx_word' id='word_1_269' title='bbox 2930 3408 3179 3490; x_wconf 75' lang='lat' dir='ltr'><strong>circulus</strong></span> <span class='ocrx_word' id='word_1_270' title='bbox 3277 3402 3280 3405; x_wconf 38' lang='lat'><strong>⁴</strong></span> 
     </span>
     <span class='ocr_line' id='line_1_26' title="bbox 498 3484 3181 3576; baseline 0.001 -24"><span class='ocrx_word' id='word_1_271' title='bbox 498 3511 621 3552; x_wconf 89' lang='lat' dir='ltr'><strong>cum</strong></span> <span class='ocrx_word' id='word_1_272' title='bbox 670 3499 790 3553; x_wconf 89' lang='lat' dir='ltr'><strong>suis</strong></span> <span class='ocrx_word' id='word_1_273' title='bbox 838 3496 1222 3555; x_wconf 85' lang='lat' dir='ltr'><strong>divisionibus</strong></span> <span class='ocrx_word' id='word_1_274' title='bbox 1267 3515 1368 3572; x_wconf 88' lang='lat' dir='ltr'><strong>per</strong></span> <span class='ocrx_word' id='word_1_275' title='bbox 1414 3498 1702 3571; x_wconf 86' lang='lat' dir='ltr'><strong>regularia</strong></span> <span class='ocrx_word' id='word_1_276' title='bbox 1746 3498 1958 3573; x_wconf 87' lang='lat' dir='ltr'><strong>plana,</strong></span> <span class='ocrx_word' id='word_1_277' title='bbox 2025 3507 2332 3576; x_wconf 85' lang='lat' dir='ltr'><strong>propterea</strong></span> <span class='ocrx_word' id='word_1_278' title='bbox 2394 3498 2532 3572; x_wconf 91' lang='lat' dir='ltr'><strong>quia</strong></span> <span class='ocrx_word' id='word_1_279' title='bbox 2577 3484 2813 3555; x_wconf 58' lang='lat' dir='ltr'><strong>animus*</strong></span> <span class='ocrx_word' id='word_1_280' title='bbox 2854 3504 2944 3554; x_wconf 86' lang='lat' dir='ltr'><strong>est</strong></span> <span class='ocrx_word' id='word_1_281' title='bbox 2985 3497 3181 3572; x_wconf 85' lang='lat' dir='ltr'><strong>imago</strong></span> 
     </span>
     <span class='ocr_line' id='line_1_27' title="bbox 495 3580 3184 3663; baseline 0.001 -24"><span class='ocrx_word' id='word_1_282' title='bbox 495 3582 642 3655; x_wconf 84' lang='lat' dir='ltr'><strong>Dei3</strong></span> <span class='ocrx_word' id='word_1_283' title='bbox 692 3602 761 3641; x_wconf 88' lang='lat' dir='ltr'><strong>ex</strong></span> <span class='ocrx_word' id='word_1_284' title='bbox 810 3583 1095 3643; x_wconf 84' lang='lat' dir='ltr'><strong>divisione</strong></span> <span class='ocrx_word' id='word_1_285' title='bbox 1143 3584 1370 3656; x_wconf 85' lang='lat' dir='ltr'><strong>circuli,</strong></span> <span class='ocrx_word' id='word_1_286' title='bbox 1435 3603 1586 3661; x_wconf 85' lang='lat' dir='ltr'><strong>quae</strong></span> <span class='ocrx_word' id='word_1_287' title='bbox 1633 3585 1697 3642; x_wconf 86' lang='lat' dir='ltr'><strong>fit</strong></span> <span class='ocrx_word' id='word_1_288' title='bbox 1741 3589 1796 3642; x_wconf 89' lang='lat' dir='ltr'><strong>in</strong></span> <span class='ocrx_word' id='word_1_289' title='bbox 1845 3589 2028 3663; x_wconf 88' lang='lat' dir='ltr'><strong>ipsius</strong></span> <span class='ocrx_word' id='word_1_290' title='bbox 2075 3581 2301 3644; x_wconf 84' lang='lat' dir='ltr'><strong>animae</strong></span> <span class='ocrx_word' id='word_1_291' title='bbox 2361 3580 2614 3643; x_wconf 80' lang='lat' dir='ltr'><strong>essentia</strong></span> <span class='ocrx_word' id='word_1_292' title='bbox 2667 3583 3184 3648; x_wconf 75' lang='lat' dir='ltr'><strong>secundumPro-</strong></span> 
     </span>
     <span class='ocr_line' id='line_1_28' title="bbox 467 3669 3183 3748; baseline 0.002 -22"><span class='ocrx_word' id='word_1_293' title='bbox 467 3669 673 3741; x_wconf 80' lang='lat' dir='ltr'><strong>cium,</strong></span> <span class='ocrx_word' id='word_1_294' title='bbox 742 3673 825 3727; x_wconf 91' lang='lat' dir='ltr'><strong>tui</strong></span> <span class='ocrx_word' id='word_1_295' title='bbox 870 3671 1187 3729; x_wconf 84' lang='lat' dir='ltr'><strong>Jamblicbi</strong></span> <span class='ocrx_word' id='word_1_296' title='bbox 1239 3673 1617 3748; x_wconf 88' lang='lat' dir='ltr'><strong>discipulum,</strong></span> <span class='ocrx_word' id='word_1_297' title='bbox 1678 3675 2108 3740; x_wconf 84' lang='lat' dir='ltr'><strong>constituuntur</strong></span> <span class='ocrx_word' id='word_1_298' title='bbox 2152 3674 2378 3732; x_wconf 88' lang='lat' dir='ltr'><strong>termini</strong></span> <span class='ocrx_word' id='word_1_299' title='bbox 2417 3672 2855 3732; x_wconf 82' lang='lat' dir='ltr'><strong>&#39;harmoniarum</strong></span> <span class='ocrx_word' id='word_1_300' title='bbox 2919 3672 3183 3737; x_wconf 84' lang='lat' dir='ltr'><strong>intellec-</strong></span> 
     </span>
     <span class='ocr_line' id='line_1_29' title="bbox 495 3756 3180 3837; baseline 0.001 -23"><span class='ocrx_word' id='word_1_301' title='bbox 495 3756 739 3815; x_wconf 89' lang='lat' dir='ltr'><strong>tualium</strong></span> <span class='ocrx_word' id='word_1_302' title='bbox 788 3760 842 3814; x_wconf 92' lang='lat' dir='ltr'><strong>in</strong></span> <span class='ocrx_word' id='word_1_303' title='bbox 889 3759 1125 3830; x_wconf 90' lang='lat' dir='ltr'><strong>mund0,</strong></span> <span class='ocrx_word' id='word_1_304' title='bbox 1177 3769 1237 3818; x_wconf 91' lang='lat' dir='ltr'><strong>ut</strong></span> <span class='ocrx_word' id='word_1_305' title='bbox 1283 3768 1417 3817; x_wconf 86' lang='lat' dir='ltr'><strong>tuus</strong></span> <span class='ocrx_word' id='word_1_306' title='bbox 1463 3758 1852 3833; x_wconf 85' lang='lat' dir='ltr'><strong>Jamblichus,</strong></span> <span class='ocrx_word' id='word_1_307' title='bbox 1903 3760 2281 3837; x_wconf 88' lang='lat' dir='ltr'><strong>intelligibili,</strong></span> <span class='ocrx_word' id='word_1_308' title='bbox 2330 3768 2394 3819; x_wconf 90' lang='lat' dir='ltr'><strong>ut</strong></span> <span class='ocrx_word' id='word_1_309' title='bbox 2438 3776 2568 3836; x_wconf 86' lang='lat' dir='ltr'><strong>ego,</strong></span> <span class='ocrx_word' id='word_1_310' title='bbox 2620 3761 2680 3817; x_wconf 89' lang='lat' dir='ltr'><strong>in</strong></span> <span class='ocrx_word' id='word_1_311' title='bbox 2724 3768 2915 3818; x_wconf 88' lang='lat' dir='ltr'><strong>mente</strong></span> <span class='ocrx_word' id='word_1_312' title='bbox 2961 3758 3180 3832; x_wconf 82' lang='lat' dir='ltr'><strong>divina,</strong></span> 
     </span>
     <span class='ocr_line' id='line_1_30' title="bbox 497 3844 3184 3926; baseline 0.001 -23"><span class='ocrx_word' id='word_1_313' title='bbox 497 3844 662 3919; x_wconf 87' lang='lat' dir='ltr'><strong>cujus</strong></span> <span class='ocrx_word' id='word_1_314' title='bbox 726 3845 1018 3923; x_wconf 79' lang='lat' dir='ltr'><strong>exemplar</strong></span> <span class='ocrx_word' id='word_1_315' title='bbox 1077 3847 1171 3905; x_wconf 89' lang='lat' dir='ltr'><strong>hic</strong></span> <span class='ocrx_word' id='word_1_316' title='bbox 1218 3856 1304 3905; x_wconf 87' lang='lat' dir='ltr'><strong>est</strong></span> <span class='ocrx_word' id='word_1_317' title='bbox 1349 3848 1632 3919; x_wconf 87' lang='lat' dir='ltr'><strong>humana,</strong></span> <span class='ocrx_word' id='word_1_318' title='bbox 1698 3848 2086 3908; x_wconf 84' lang='lat' dir='ltr'><strong>characterem</strong></span> <span class='ocrx_word' id='word_1_319' title='bbox 2142 3865 2328 3906; x_wconf 88' lang='lat' dir='ltr'><strong>rerum</strong></span> <span class='ocrx_word' id='word_1_320' title='bbox 2387 3849 2867 3926; x_wconf 78' lang='lat' dir='ltr'><strong>geometricarum</strong></span> <span class='ocrx_word' id='word_1_321' title='bbox 2930 3846 3062 3906; x_wconf 87' lang='lat' dir='ltr'><strong>inde</strong></span> <span class='ocrx_word' id='word_1_322' title='bbox 3108 3848 3184 3906; x_wconf 88' lang='lat' dir='ltr'><strong>ab</strong></span> 
     </span>
     <span class='ocr_line' id='line_1_31' title="bbox 498 3931 3183 4013; baseline 0.002 -24"><span class='ocrx_word' id='word_1_323' title='bbox 498 3940 623 3990; x_wconf 92' lang='lat' dir='ltr'><strong>ortu</strong></span> <span class='ocrx_word' id='word_1_324' title='bbox 669 3931 919 3991; x_wconf 90' lang='lat' dir='ltr'><strong>hominis</strong></span> <span class='ocrx_word' id='word_1_325' title='bbox 965 3953 1034 3992; x_wconf 86' lang='lat' dir='ltr'><strong>ex</strong></span> <span class='ocrx_word' id='word_1_326' title='bbox 1082 3935 1400 4011; x_wconf 86' lang='lat' dir='ltr'><strong>archetypo</strong></span> <span class='ocrx_word' id='word_1_327' title='bbox 1468 3952 1574 3993; x_wconf 89' lang='lat' dir='ltr'><strong>suo</strong></span> <span class='ocrx_word' id='word_1_328' title='bbox 1621 3938 1892 3994; x_wconf 88' lang='lat' dir='ltr'><strong>retinens.</strong></span> <span class='ocrx_word' id='word_1_329' title='bbox 1987 3935 2281 4013; x_wconf 81' lang='lat' dir='ltr'><strong>Amplius:</strong></span> <span class='ocrx_word' id='word_1_330' title='bbox 2339 3933 2765 4012; x_wconf 38' lang='lat' dir='ltr'><strong>auditus&#39;fpars</strong></span> <span class='ocrx_word' id='word_1_331' title='bbox 2820 3940 2909 3991; x_wconf 86' lang='lat' dir='ltr'><strong>est</strong></span> <span class='ocrx_word' id='word_1_332' title='bbox 2951 3936 3183 3994; x_wconf 83' lang='lat' dir='ltr'><strong>animae</strong></span> 
     </span>
     <span class='ocr_line' id='line_1_32' title="bbox 497 4007 3182 4108; baseline 0.001 -30"><span class='ocrx_word' id='word_1_333' title='bbox 497 4027 856 4094; x_wconf 88' lang='lat' dir='ltr'><strong>testaturque</strong></span> <span class='ocrx_word' id='word_1_334' title='bbox 903 4025 949 4078; x_wconf 90' lang='lat' dir='ltr'><strong>is</strong></span> <span class='ocrx_word' id='word_1_335' title='bbox 997 4022 1067 4080; x_wconf 87' lang='lat' dir='ltr'><strong>dc</strong></span> <span class='ocrx_word' id='word_1_336' title='bbox 1114 4025 1272 4081; x_wconf 89' lang='lat' dir='ltr'><strong>sonis</strong></span> <span class='ocrx_word' id='word_1_337' title='bbox 1319 4040 1631 4098; x_wconf 87' lang='lat' dir='ltr'><strong>eorumque</strong></span> <span class='ocrx_word' id='word_1_338' title='bbox 1678 4025 2120 4097; x_wconf 90' lang='lat' dir='ltr'><strong>quantitatibus,</strong></span> <span class='ocrx_word' id='word_1_339' title='bbox 2169 4039 2317 4099; x_wconf 85' lang='lat' dir='ltr'><strong>quas</strong></span> <span class='ocrx_word' id='word_1_340' title='bbox 2345 4007 2901 4108; x_wconf 54' lang='lat' dir='ltr'><strong>fflffiffiommunis</strong></span> <span class='ocrx_word' id='word_1_341' title='bbox 2947 4038 3182 4099; x_wconf 85' lang='lat' dir='ltr'><strong>reprae-</strong></span> 
     </span>
     <span class='ocr_line' id='line_1_33' title="bbox 501 4105 3183 4187; baseline 0.002 -24"><span class='ocrx_word' id='word_1_342' title='bbox 501 4116 693 4165; x_wconf 89' lang='lat' dir='ltr'><strong>sentat</strong></span> <span class='ocrx_word' id='word_1_343' title='bbox 739 4108 1076 4167; x_wconf 87' lang='lat' dir='ltr'><strong>intellectui.</strong></span> <span class='ocrx_word' id='word_1_344' title='bbox 1167 4110 1235 4167; x_wconf 88' lang='lat' dir='ltr'><strong>In</strong></span> <span class='ocrx_word' id='word_1_345' title='bbox 1282 4109 1372 4168; x_wconf 90' lang='lat' dir='ltr'><strong>his</strong></span> <span class='ocrx_word' id='word_1_346' title='bbox 1418 4114 1466 4169; x_wconf 88' lang='lat' dir='ltr'><strong>si</strong></span> <span class='ocrx_word' id='word_1_347' title='bbox 1514 4113 1805 4174; x_wconf 86' lang='lat' dir='ltr'><strong>invenitur</strong></span> <span class='ocrx_word' id='word_1_348' title='bbox 1847 4115 2181 4187; x_wconf 87' lang='lat' dir='ltr'><strong>p&#39;roportio,</strong></span> <span class='ocrx_word' id='word_1_349' title='bbox 2231 4112 2288 4167; x_wconf 93' lang='lat' dir='ltr'><strong>in</strong></span> <span class='ocrx_word' id='word_1_350' title='bbox 2332 4105 2633 4169; x_wconf 72' lang='lat' dir='ltr'><strong>intellectu</strong></span> <span class='ocrx_word' id='word_1_351' title='bbox 2669 4110 2797 4184; x_wconf 88' lang='lat' dir='ltr'><strong>jam</strong></span> <span class='ocrx_word' id='word_1_352' title='bbox 2841 4110 2915 4167; x_wconf 89' lang='lat' dir='ltr'><strong>ab</strong></span> <span class='ocrx_word' id='word_1_353' title='bbox 2962 4110 3183 4183; x_wconf 79' lang='lat' dir='ltr'><strong>origine</strong></span> 
     </span>
     <span class='ocr_line' id='line_1_34' title="bbox 501 4194 3186 4274; baseline 0.003 -25"><span class='ocrx_word' id='word_1_354' title='bbox 501 4195 790 4268; x_wconf 89' lang='lat' dir='ltr'><strong>relucens,</strong></span> <span class='ocrx_word' id='word_1_355' title='bbox 852 4199 978 4254; x_wconf 89' lang='lat' dir='ltr'><strong>soni</strong></span> <span class='ocrx_word' id='word_1_356' title='bbox 1024 4197 1083 4254; x_wconf 90' lang='lat' dir='ltr'><strong>hi</strong></span> <span class='ocrx_word' id='word_1_357' title='bbox 1133 4210 1438 4256; x_wconf 90' lang='lat' dir='ltr'><strong>censentur</strong></span> <span class='ocrx_word' id='word_1_358' title='bbox 1497 4198 1850 4274; x_wconf 85' lang='lat' dir='ltr'><strong>harmonici,</strong></span> <span class='ocrx_word' id='word_1_359' title='bbox 1913 4198 2047 4258; x_wconf 88' lang='lat' dir='ltr'><strong>hinc</strong></span> <span class='ocrx_word' id='word_1_360' title='bbox 2111 4195 2640 4257; x_wconf 60' lang='lat' dir='ltr'><strong>orit&#39;ur‘delectatio</strong></span> <span class='ocrx_word' id='word_1_361' title='bbox 2698 4197 2773 4255; x_wconf 89' lang='lat' dir='ltr'><strong>ab</strong></span> <span class='ocrx_word' id='word_1_362' title='bbox 2838 4198 2924 4255; x_wconf 89' lang='lat' dir='ltr'><strong>iis.</strong></span> <span class='ocrx_word' id='word_1_363' title='bbox 3019 4194 3186 4256; x_wconf 84' lang='lat' dir='ltr'><strong>Haec</strong></span> 
     </span>
     <span class='ocr_line' id='line_1_35' title="bbox 500 4283 3186 4367; baseline 0.001 -29"><span class='ocrx_word' id='word_1_364' title='bbox 500 4283 583 4339; x_wconf 89' lang='lat' dir='ltr'><strong>sic</strong></span> <span class='ocrx_word' id='word_1_365' title='bbox 628 4284 685 4337; x_wconf 92' lang='lat' dir='ltr'><strong>in</strong></span> <span class='ocrx_word' id='word_1_366' title='bbox 732 4300 959 4356; x_wconf 90' lang='lat' dir='ltr'><strong>genere.</strong></span> <span class='ocrx_word' id='word_1_367' title='bbox 1053 4284 1189 4343; x_wconf 85' lang='lat' dir='ltr'><strong>Jam</strong></span> <span class='ocrx_word' id='word_1_368' title='bbox 1239 4288 1295 4341; x_wconf 90' lang='lat' dir='ltr'><strong>in</strong></span> <span class='ocrx_word' id='word_1_369' title='bbox 1343 4288 1553 4361; x_wconf 82' lang='lat' dir='ltr'><strong>specie,</strong></span> <span class='ocrx_word' id='word_1_370' title='bbox 1601 4302 1738 4362; x_wconf 89' lang='lat' dir='ltr'><strong>pars</strong></span> <span class='ocrx_word' id='word_1_371' title='bbox 1780 4292 2028 4345; x_wconf 75' lang='lat' dir='ltr'><strong>naturae</strong></span> <span class='ocrx_word' id='word_1_372' title='bbox 2070 4303 2257 4345; x_wconf 90' lang='lat' dir='ltr'><strong>rerum</strong></span> <span class='ocrx_word' id='word_1_373' title='bbox 2289 4283 2742 4359; x_wconf 88' lang='lat' dir='ltr'><strong>intelligibilium</strong></span> <span class='ocrx_word' id='word_1_374' title='bbox 2789 4293 2876 4367; x_wconf 81' lang='lat' dir='ltr'><strong>est</strong></span> <span class='ocrx_word' id='word_1_375' title='bbox 2923 4284 3186 4359; x_wconf 83' lang='lat' dir='ltr'><strong>triangu-</strong></span> 
     </span>
     <span class='ocr_line' id='line_1_36' title="bbox 501 4369 3184 4452; baseline 0.001 -27"><span class='ocrx_word' id='word_1_376' title='bbox 501 4369 637 4441; x_wconf 90' lang='lat' dir='ltr'><strong>lum,</strong></span> <span class='ocrx_word' id='word_1_377' title='bbox 686 4387 818 4444; x_wconf 89' lang='lat' dir='ltr'><strong>pars</strong></span> <span class='ocrx_word' id='word_1_378' title='bbox 865 4371 1332 4448; x_wconf 87' lang='lat' dir='ltr'><strong>quadrangulum</strong></span> <span class='ocrx_word' id='word_1_379' title='bbox 1378 4380 1435 4431; x_wconf 91' lang='lat' dir='ltr'><strong>et</strong></span> <span class='ocrx_word' id='word_1_380' title='bbox 1478 4372 1679 4432; x_wconf 84' lang='lat' dir='ltr'><strong>sicde</strong></span> <span class='ocrx_word' id='word_1_381' title='bbox 1726 4376 1959 4444; x_wconf 90' lang='lat' dir='ltr'><strong>ceteris,</strong></span> <span class='ocrx_word' id='word_1_382' title='bbox 2009 4381 2066 4432; x_wconf 88' lang='lat' dir='ltr'><strong>et</strong></span> <span class='ocrx_word' id='word_1_383' title='bbox 2111 4371 2418 4452; x_wconf 22' lang='lat' dir='ltr'><strong>quodlibet,</strong></span> <span class='ocrx_word' id='word_1_384' title='bbox 2458 4371 2760 4446; x_wconf 86' lang='lat' dir='ltr'><strong>distinguit</strong></span> <span class='ocrx_word' id='word_1_385' title='bbox 2806 4369 3184 4428; x_wconf 78' lang='lat' dir='ltr'><strong>circulumin</strong></span> 
     </span>
     <span class='ocr_line' id='line_1_37' title="bbox 502 4456 3185 4536; baseline 0.001 -24"><span class='ocrx_word' id='word_1_386' title='bbox 502 4464 715 4533; x_wconf 87' lang='lat' dir='ltr'><strong>partes,</strong></span> <span class='ocrx_word' id='word_1_387' title='bbox 765 4475 914 4532; x_wconf 89' lang='lat' dir='ltr'><strong>quae</strong></span> <span class='ocrx_word' id='word_1_388' title='bbox 961 4459 1106 4516; x_wconf 86' lang='lat' dir='ltr'><strong>fiunt</strong></span> <span class='ocrx_word' id='word_1_389' title='bbox 1153 4462 1624 4535; x_wconf 85' lang='lat' dir='ltr'><strong>quantitate·seu</strong></span> <span class='ocrx_word' id='word_1_390' title='bbox 1671 4459 2035 4535; x_wconf 90' lang='lat' dir='ltr'><strong>longitudine</strong></span> <span class='ocrx_word' id='word_1_391' title='bbox 2080 4478 2187 4519; x_wconf 90' lang='lat' dir='ltr'><strong>sua</strong></span> <span class='ocrx_word' id='word_1_392' title='bbox 2232 4460 2457 4518; x_wconf 87' lang='lat' dir='ltr'><strong>termini</strong></span> <span class='ocrx_word' id='word_1_393' title='bbox 2503 4460 2891 4536; x_wconf 86' lang='lat' dir='ltr'><strong>proportionis</strong></span> <span class='ocrx_word' id='word_1_394' title='bbox 2936 4456 3185 4532; x_wconf 89' lang='lat' dir='ltr'><strong>alicujus</strong></span> 
     </span>
     <span class='ocr_line' id='line_1_38' title="bbox 501 4542 3184 4621; baseline 0.001 -21"><span class='ocrx_word' id='word_1_395' title='bbox 501 4542 888 4602; x_wconf 87' lang='lat' dir='ltr'><strong>harmonicae.</strong></span> <span class='ocrx_word' id='word_1_396' title='bbox 983 4546 1075 4604; x_wconf 83' lang='lat' dir='ltr'><strong>Ad</strong></span> <span class='ocrx_word' id='word_1_397' title='bbox 1119 4547 1417 4607; x_wconf 84' lang='lat' dir='ltr'><strong>numerum</strong></span> <span class='ocrx_word' id='word_1_398' title='bbox 1467 4548 1977 4605; x_wconf 86' lang='lat' dir='ltr'><strong>consonantiarum</strong></span> <span class='ocrx_word' id='word_1_399' title='bbox 2020 4549 2105 4606; x_wconf 89' lang='lat' dir='ltr'><strong>sic</strong></span> <span class='ocrx_word' id='word_1_400' title='bbox 2151 4548 2529 4606; x_wconf 89' lang='lat' dir='ltr'><strong>constitutum</strong></span> <span class='ocrx_word' id='word_1_401' title='bbox 2578 4553 2898 4621; x_wconf 82' lang='lat' dir='ltr'><strong>sequuntur</strong></span> <span class='ocrx_word' id='word_1_402' title='bbox 2939 4544 3184 4621; x_wconf 89' lang='lat' dir='ltr'><strong>reliqua,</strong></span> 
     </span>
     <span class='ocr_line' id='line_1_39' title="bbox 500 4623 3187 4716; baseline 0 -27"><span class='ocrx_word' id='word_1_403' title='bbox 500 4648 651 4706; x_wconf 87' lang='lat' dir='ltr'><strong>quae</strong></span> <span class='ocrx_word' id='word_1_404' title='bbox 698 4634 895 4690; x_wconf 90' lang='lat' dir='ltr'><strong>insunt</strong></span> <span class='ocrx_word' id='word_1_405' title='bbox 953 4634 1011 4691; x_wconf 91' lang='lat' dir='ltr'><strong>in</strong></span> <span class='ocrx_word' id='word_1_406' title='bbox 1056 4645 1229 4693; x_wconf 87' lang='lat' dir='ltr'><strong>cantu</strong></span> <span class='ocrx_word' id='word_1_407' title='bbox 1278 4633 1564 4693; x_wconf 84' lang='lat' dir='ltr'><strong>artificiali</strong></span> <span class='ocrx_word' id='word_1_408' title='bbox 1609 4630 2237 4716; x_wconf 30' lang='lat' dir='ltr'><strong>naturalia.⁴⁷)·‘.&#39;lam</strong></span> <span class='ocrx_word' id='word_1_409' title='bbox 2294 4634 2377 4692; x_wconf 84' lang='lat' dir='ltr'><strong>ito</strong></span> <span class='ocrx_word' id='word_1_410' title='bbox 2424 4641 2518 4707; x_wconf 91' lang='lat' dir='ltr'><strong>tu,</strong></span> <span class='ocrx_word' id='word_1_411' title='bbox 2581 4623 2863 4705; x_wconf 58' lang='lat' dir='ltr'><strong>Roberte&#39;,</strong></span> <span class='ocrx_word' id='word_1_412' title='bbox 2926 4640 2984 4691; x_wconf 90' lang='lat' dir='ltr'><strong>et</strong></span> <span class='ocrx_word' id='word_1_413' title='bbox 3028 4635 3187 4710; x_wconf 91' lang='lat' dir='ltr'><strong>prius</strong></span> 
     </span>
     <span class='ocr_line' id='line_1_40' title="bbox 501 4715 3187 4797; baseline 0.001 -21"><span class='ocrx_word' id='word_1_414' title='bbox 501 4729 697 4777; x_wconf 80' lang='lat' dir='ltr'><strong>everte</strong></span> <span class='ocrx_word' id='word_1_415' title='bbox 744 4718 849 4778; x_wconf 86' lang='lat' dir='ltr'><strong>bas</strong></span> <span class='ocrx_word' id='word_1_416' title='bbox 896 4729 1087 4797; x_wconf 90' lang='lat' dir='ltr'><strong>partes</strong></span> <span class='ocrx_word' id='word_1_417' title='bbox 1137 4731 1406 4795; x_wconf 88' lang='lat' dir='ltr'><strong>naturae,</strong></span> <span class='ocrx_word' id='word_1_418' title='bbox 1469 4723 1682 4780; x_wconf 86' lang='lat' dir='ltr'><strong>subrue</strong></span> <span class='ocrx_word' id='word_1_419' title='bbox 1741 4721 1888 4780; x_wconf 88' lang='lat' dir='ltr'><strong>haec</strong></span> <span class='ocrx_word' id='word_1_420' title='bbox 1943 4722 2350 4795; x_wconf 80' lang='lat' dir='ltr'><strong>fundamenta,</strong></span> <span class='ocrx_word' id='word_1_421' title='bbox 2411 4715 2809 4792; x_wconf 77' lang='lat' dir='ltr'><strong>tumdemu&#39;m</strong></span> <span class='ocrx_word' id='word_1_422' title='bbox 2855 4737 3032 4794; x_wconf 86' lang='lat' dir='ltr'><strong>nega,</strong></span> <span class='ocrx_word' id='word_1_423' title='bbox 3094 4736 3187 4779; x_wconf 88' lang='lat' dir='ltr'><strong>me</strong></span> 
     </span>
     <span class='ocr_line' id='line_1_41' title="bbox 496 4807 3184 4886; baseline 0.001 -24"><span class='ocrx_word' id='word_1_424' title='bbox 496 4808 843 4880; x_wconf 87' lang='lat' dir='ltr'><strong>promissum</strong></span> <span class='ocrx_word' id='word_1_425' title='bbox 885 4809 1190 4883; x_wconf 89' lang='lat' dir='ltr'><strong>implesse,</strong></span> <span class='ocrx_word' id='word_1_426' title='bbox 1238 4809 1577 4869; x_wconf 89' lang='lat' dir='ltr'><strong>naturaliter</strong></span> <span class='ocrx_word' id='word_1_427' title='bbox 1621 4811 1994 4884; x_wconf 84' lang='lat' dir='ltr'><strong>processisse.</strong></span> <span class='ocrx_word' id='word_1_428' title='bbox 2085 4810 2298 4886; x_wconf 83' lang='lat' dir='ltr'><strong>Negas,</strong></span> <span class='ocrx_word' id='word_1_429' title='bbox 2345 4826 2437 4868; x_wconf 88' lang='lat' dir='ltr'><strong>me</strong></span> <span class='ocrx_word' id='word_1_430' title='bbox 2483 4807 2803 4884; x_wconf 87' lang='lat' dir='ltr'><strong>quidquam</strong></span> <span class='ocrx_word' id='word_1_431' title='bbox 2837 4807 2912 4865; x_wconf 90' lang='lat' dir='ltr'><strong>ad</strong></span> <span class='ocrx_word' id='word_1_432' title='bbox 2943 4815 3184 4866; x_wconf 79' lang='lat' dir='ltr'><strong>naturae</strong></span> 
     </span>
     <span class='ocr_line' id='line_1_42' title="bbox 501 4892 3184 4972; baseline 0.001 -23"><span class='ocrx_word' id='word_1_433' title='bbox 501 4892 661 4969; x_wconf 88' lang='lat' dir='ltr'><strong>leges</strong></span> <span class='ocrx_word' id='word_1_434' title='bbox 724 4895 1091 4969; x_wconf 84' lang='lat' dir='ltr'><strong>emendasse,</strong></span> <span class='ocrx_word' id='word_1_435' title='bbox 1154 4896 1552 4956; x_wconf 82' lang='lat' dir='ltr'><strong>confusionem</strong></span> <span class='ocrx_word' id='word_1_436' title='bbox 1608 4899 1891 4956; x_wconf 83' lang='lat' dir='ltr'><strong>evitasse:</strong></span> <span class='ocrx_word' id='word_1_437' title='bbox 1953 4915 2068 4956; x_wconf 92' lang='lat' dir='ltr'><strong>non</strong></span> <span class='ocrx_word' id='word_1_438' title='bbox 2132 4906 2283 4957; x_wconf 86' lang='lat' dir='ltr'><strong>recte</strong></span> <span class='ocrx_word' id='word_1_439' title='bbox 2344 4914 2542 4972; x_wconf 84' lang='lat' dir='ltr'><strong>negas.</strong></span> <span class='ocrx_word' id='word_1_440' title='bbox 2654 4895 2767 4970; x_wconf 86' lang='lat' dir='ltr'><strong>Qui</strong></span> <span class='ocrx_word' id='word_1_441' title='bbox 2827 4896 3184 4971; x_wconf 85' lang='lat' dir='ltr'><strong>quantitates</strong></span> 
     </span>
     <span class='ocr_line' id='line_1_43' title="bbox 495 4982 3186 5065; baseline -0 -26"><span class='ocrx_word' id='word_1_442' title='bbox 495 4983 1005 5040; x_wconf 89' lang='lat' dir='ltr'><strong>consonantiarum</strong></span> <span class='ocrx_word' id='word_1_443' title='bbox 1054 4988 1581 5059; x_wconf 85' lang='lat' dir='ltr'><strong>concinnorumque</strong></span> <span class='ocrx_word' id='word_1_444' title='bbox 1615 4984 1905 5044; x_wconf 66' lang='lat' dir='ltr'><strong>⁴exscribit</strong></span> <span class='ocrx_word' id='word_1_445' title='bbox 1949 5003 2021 5044; x_wconf 87' lang='lat' dir='ltr'><strong>ex</strong></span> <span class='ocrx_word' id='word_1_446' title='bbox 2069 4986 2381 5056; x_wconf 85' lang='lat' dir='ltr'><strong>veteribus,</strong></span> <span class='ocrx_word' id='word_1_447' title='bbox 2437 4986 2486 5041; x_wconf 88' lang='lat' dir='ltr'><strong>is</strong></span> <span class='ocrx_word' id='word_1_448' title='bbox 2533 4983 2822 5065; x_wconf 86' lang='lat' dir='ltr'><strong>interdum</strong></span> <span class='ocrx_word' id='word_1_449' title='bbox 2868 4982 3046 5040; x_wconf 88' lang='lat' dir='ltr'><strong>aliam</strong></span> <span class='ocrx_word' id='word_1_450' title='bbox 3093 4984 3186 5039; x_wconf 91' lang='lat' dir='ltr'><strong>in-</strong></span> 
     </span>
     <span class='ocr_line' id='line_1_44' title="bbox 503 5068 3185 5142; baseline 0.003 -19"><span class='ocrx_word' id='word_1_451' title='bbox 503 5071 661 5126; x_wconf 87' lang='lat' dir='ltr'><strong>venit</strong></span> <span class='ocrx_word' id='word_1_452' title='bbox 724 5071 1143 5142; x_wconf 84' lang='lat' dir='ltr'><strong>quantitatem,</strong></span> <span class='ocrx_word' id='word_1_453' title='bbox 1210 5074 1367 5131; x_wconf 88' lang='lat' dir='ltr'><strong>verbi</strong></span> <span class='ocrx_word' id='word_1_454' title='bbox 1430 5088 1611 5131; x_wconf 88' lang='lat' dir='ltr'><strong>causa</strong></span> <span class='ocrx_word' id='word_1_455' title='bbox 1670 5074 1961 5136; x_wconf 84' lang='lat' dir='ltr'><strong>semitonii</strong></span> <span class='ocrx_word' id='word_1_456' title='bbox 2019 5074 2075 5130; x_wconf 90' lang='lat' dir='ltr'><strong>in</strong></span> <span class='ocrx_word' id='word_1_457' title='bbox 2138 5072 2414 5142; x_wconf 86' lang='lat' dir='ltr'><strong>Platone,</strong></span> <span class='ocrx_word' id='word_1_458' title='bbox 2471 5069 2650 5138; x_wconf 64' lang='lat' dir='ltr'><strong>⁵aliam</strong></span> <span class='ocrx_word' id='word_1_459' title='bbox 2712 5073 2779 5130; x_wconf 90' lang='lat' dir='ltr'><strong>in.</strong></span> <span class='ocrx_word' id='word_1_460' title='bbox 2825 5068 3185 5130; x_wconf 88' lang='lat' dir='ltr'><strong>Ptolemaeo.</strong></span> 
     </span>
     <span class='ocr_line' id='line_1_45' title="bbox 500 5152 3184 5239; baseline 0.001 -28"><span class='ocrx_word' id='word_1_461' title='bbox 500 5154 651 5230; x_wconf 84' lang='lat' dir='ltr'><strong>Ergo</strong></span> <span class='ocrx_word' id='word_1_462' title='bbox 700 5155 811 5214; x_wconf 93' lang='lat' dir='ltr'><strong>hoc</strong></span> <span class='ocrx_word' id='word_1_463' title='bbox 878 5158 1195 5217; x_wconf 85' lang='lat' dir='ltr'><strong>observans</strong></span> <span class='ocrx_word' id='word_1_464' title='bbox 1254 5161 1569 5235; x_wconf 85' lang='lat' dir='ltr'><strong>exscriptor</strong></span> <span class='ocrx_word' id='word_1_465' title='bbox 1630 5157 1847 5235; x_wconf 83' lang='lat' dir='ltr'><strong>duplex</strong></span> <span class='ocrx_word' id='word_1_466' title='bbox 1891 5162 1976 5218; x_wconf 92' lang='lat' dir='ltr'><strong>ait</strong></span> <span class='ocrx_word' id='word_1_467' title='bbox 2040 5165 2165 5219; x_wconf 85' lang='lat' dir='ltr'><strong>esse</strong></span> <span class='ocrx_word' id='word_1_468' title='bbox 2210 5160 2603 5231; x_wconf 86' lang='lat' dir='ltr'><strong>semitonium,</strong></span> <span class='ocrx_word' id='word_1_469' title='bbox 2650 5155 2899 5217; x_wconf 89' lang='lat' dir='ltr'><strong>alterum</strong></span> <span class='ocrx_word' id='word_1_470' title='bbox 2941 5152 3184 5239; x_wconf 41' lang='lat' dir='ltr'><strong>²2³s253,</strong></span> 
     </span>
     <span class='ocr_line' id='line_1_46' title="bbox 499 5238 3189 5325; baseline 0.001 -25"><span class='ocrx_word' id='word_1_471' title='bbox 499 5242 743 5301; x_wconf 89' lang='lat' dir='ltr'><strong>alterum</strong></span> <span class='ocrx_word' id='word_1_472' title='bbox 801 5238 969 5325; x_wconf 68' lang='lat' dir='ltr'><strong>¹·‘’s,6.</strong></span> <span class='ocrx_word' id='word_1_473' title='bbox 1060 5246 1152 5304; x_wconf 87' lang='lat' dir='ltr'><strong>Ita</strong></span> <span class='ocrx_word' id='word_1_474' title='bbox 1213 5249 1465 5305; x_wconf 81' lang='lat' dir='ltr'><strong>nascitur</strong></span> <span class='ocrx_word' id='word_1_475' title='bbox 1531 5248 1727 5323; x_wconf 91' lang='lat' dir='ltr'><strong>opinio</strong></span> <span class='ocrx_word' id='word_1_476' title='bbox 1792 5247 1972 5319; x_wconf 80' lang='lat' dir='ltr'><strong>falsa,</strong></span> <span class='ocrx_word' id='word_1_477' title='bbox 2041 5248 2208 5322; x_wconf 84' lang='lat' dir='ltr'><strong>quasi</strong></span> <span class='ocrx_word' id='word_1_478' title='bbox 2254 5254 2462 5304; x_wconf 80' lang='lat' dir='ltr'><strong>natura</strong></span> <span class='ocrx_word' id='word_1_479' title='bbox 2514 5245 2725 5305; x_wconf 89' lang='lat' dir='ltr'><strong>doceat</strong></span> <span class='ocrx_word' id='word_1_480' title='bbox 2789 5252 2848 5302; x_wconf 90' lang='lat' dir='ltr'><strong>et</strong></span> <span class='ocrx_word' id='word_1_481' title='bbox 2909 5251 3189 5303; x_wconf 87' lang='lat' dir='ltr'><strong>monstret</strong></span> 
     </span>
     <span class='ocr_line' id='line_1_47' title="bbox 447 5323 3185 5411; baseline 0.001 -25"><span class='ocrx_word' id='word_1_482' title='bbox 447 5323 451 5328; x_wconf 79' lang='grc'><strong><em>’</em></strong></span> <span class='ocrx_word' id='word_1_483' title='bbox 497 5338 824 5404; x_wconf 85' lang='lat' dir='ltr'><strong>utrumque,</strong></span> <span class='ocrx_word' id='word_1_484' title='bbox 872 5339 973 5388; x_wconf 90' lang='lat' dir='ltr'><strong>aut</strong></span> <span class='ocrx_word' id='word_1_485' title='bbox 1018 5336 1182 5407; x_wconf 86' lang='lat' dir='ltr'><strong>quasi</strong></span> <span class='ocrx_word' id='word_1_486' title='bbox 1232 5342 1386 5393; x_wconf 85' lang='lat' dir='ltr'><strong>reete</strong></span> <span class='ocrx_word' id='word_1_487' title='bbox 1430 5336 1761 5411; x_wconf 89' lang='lat' dir='ltr'><strong>promiscuo</strong></span> <span class='ocrx_word' id='word_1_488' title='bbox 1808 5351 1919 5392; x_wconf 88' lang='lat' dir='ltr'><strong>usn</strong></span> <span class='ocrx_word' id='word_1_489' title='bbox 1970 5334 2064 5392; x_wconf 85' lang='lat' dir='ltr'><strong>vel</strong></span> <span class='ocrx_word' id='word_1_490' title='bbox 2109 5333 2220 5392; x_wconf 91' lang='lat' dir='ltr'><strong>boc</strong></span> <span class='ocrx_word' id='word_1_491' title='bbox 2265 5333 2358 5393; x_wconf 83' lang='lat' dir='ltr'><strong>vel</strong></span> <span class='ocrx_word' id='word_1_492' title='bbox 2391 5331 2532 5400; x_wconf 82' lang='lat' dir='ltr'><strong>illud</strong></span> <span class='ocrx_word' id='word_1_493' title='bbox 2566 5331 2927 5391; x_wconf 87' lang='lat' dir='ltr'><strong>adhibeatur.</strong></span> <span class='ocrx_word' id='word_1_494' title='bbox 3017 5330 3185 5390; x_wconf 89' lang='lat' dir='ltr'><strong>Haec</strong></span> 
     </span>
     <span class='ocr_line' id='line_1_48' title="bbox 500 5417 3183 5497; baseline 0.002 -26"><span class='ocrx_word' id='word_1_495' title='bbox 500 5417 697 5492; x_wconf 85' lang='lat' dir='ltr'><strong>itaque</strong></span> <span class='ocrx_word' id='word_1_496' title='bbox 746 5418 1004 5477; x_wconf 82' lang='lat' dir='ltr'><strong>confusio</strong></span> <span class='ocrx_word' id='word_1_497' title='bbox 1053 5420 1340 5496; x_wconf 88' lang='lat' dir='ltr'><strong>quaedam</strong></span> <span class='ocrx_word' id='word_1_498' title='bbox 1387 5428 1475 5479; x_wconf 88' lang='lat' dir='ltr'><strong>est</strong></span> <span class='ocrx_word' id='word_1_499' title='bbox 1518 5420 1809 5480; x_wconf 88' lang='lat' dir='ltr'><strong>Platonici</strong></span> <span class='ocrx_word' id='word_1_500' title='bbox 1856 5422 2146 5480; x_wconf 88' lang='lat' dir='ltr'><strong>semitonii</strong></span> <span class='ocrx_word' id='word_1_501' title='bbox 2192 5437 2323 5481; x_wconf 88' lang='lat' dir='ltr'><strong>cnm</strong></span> <span class='ocrx_word' id='word_1_502' title='bbox 2355 5418 2623 5493; x_wconf 83' lang='lat' dir='ltr'><strong>naturali,</strong></span> <span class='ocrx_word' id='word_1_503' title='bbox 2671 5436 2822 5494; x_wconf 88' lang='lat' dir='ltr'><strong>quae</strong></span> <span class='ocrx_word' id='word_1_504' title='bbox 2870 5418 3056 5497; x_wconf 86' lang='lat' dir='ltr'><strong>major</strong></span> <span class='ocrx_word' id='word_1_505' title='bbox 3100 5418 3183 5491; x_wconf 80' lang='lat' dir='ltr'><strong>fit,</strong></span> 
     </span>
     <span class='ocr_line' id='line_1_49' title="bbox 497 5501 3184 5587; baseline 0.001 -26"><span class='ocrx_word' id='word_1_506' title='bbox 497 5504 546 5561; x_wconf 88' lang='lat' dir='ltr'><strong>si</strong></span> <span class='ocrx_word' id='word_1_507' title='bbox 594 5507 768 5563; x_wconf 88' lang='lat' dir='ltr'><strong>etiam</strong></span> <span class='ocrx_word' id='word_1_508' title='bbox 815 5505 870 5562; x_wconf 90' lang='lat' dir='ltr'><strong>id</strong></span> <span class='ocrx_word' id='word_1_509' title='bbox 917 5507 1285 5582; x_wconf 88' lang='lat' dir='ltr'><strong>adjungatur,</strong></span> <span class='ocrx_word' id='word_1_510' title='bbox 1334 5507 1490 5584; x_wconf 90' lang='lat' dir='ltr'><strong>quod</strong></span> <span class='ocrx_word' id='word_1_511' title='bbox 1536 5507 1879 5583; x_wconf 89' lang='lat' dir='ltr'><strong>relinquitur</strong></span> <span class='ocrx_word' id='word_1_512' title='bbox 1924 5509 2183 5567; x_wconf 89' lang='lat' dir='ltr'><strong>abscisso</strong></span> <span class='ocrx_word' id='word_1_513' title='bbox 2230 5506 2480 5566; x_wconf 80' lang='lat' dir='ltr'><strong>naturali</strong></span> <span class='ocrx_word' id='word_1_514' title='bbox 2529 5501 2660 5587; x_wconf 67' lang='lat' dir='ltr'><strong>¹&#39;’l,a</strong></span> <span class='ocrx_word' id='word_1_515' title='bbox 2706 5523 2743 5565; x_wconf 87' lang='lat' dir='ltr'><strong>a</strong></span> <span class='ocrx_word' id='word_1_516' title='bbox 2788 5507 2927 5565; x_wconf 84' lang='lat' dir='ltr'><strong>tono</strong></span> <span class='ocrx_word' id='word_1_517' title='bbox 2974 5507 3184 5582; x_wconf 90' lang='lat' dir='ltr'><strong>majori</strong></span> 
     </span>
     <span class='ocr_line' id='line_1_50' title="bbox 496 5584 3184 5679; baseline 0.002 -31"><span class='ocrx_word' id='word_1_518' title='bbox 496 5584 610 5672; x_wconf 75' lang='lat' dir='ltr'><strong>⁸l9,</strong></span> <span class='ocrx_word' id='word_1_519' title='bbox 659 5591 1002 5667; x_wconf 89' lang='lat' dir='ltr'><strong>relinquitur</strong></span> <span class='ocrx_word' id='word_1_520' title='bbox 1047 5599 1198 5654; x_wconf 92' lang='lat' dir='ltr'><strong>enim</strong></span> <span class='ocrx_word' id='word_1_521' title='bbox 1254 5590 1483 5679; x_wconf 63' lang='lat' dir='ltr'><strong>¹²⁸s135,</strong></span> <span class='ocrx_word' id='word_1_522' title='bbox 1529 5597 1900 5655; x_wconf 88' lang='lat' dir='ltr'><strong>semitonium</strong></span> <span class='ocrx_word' id='word_1_523' title='bbox 1929 5598 2119 5654; x_wconf 90' lang='lat' dir='ltr'><strong>minus</strong></span> <span class='ocrx_word' id='word_1_524' title='bbox 2166 5610 2271 5654; x_wconf 86' lang='lat' dir='ltr'><strong>seu</strong></span> <span class='ocrx_word' id='word_1_525' title='bbox 2317 5594 2491 5654; x_wconf 85' lang='lat' dir='ltr'><strong>diesis</strong></span> <span class='ocrx_word' id='word_1_526' title='bbox 2536 5592 2739 5668; x_wconf 86' lang='lat' dir='ltr'><strong>major,</strong></span> <span class='ocrx_word' id='word_1_527' title='bbox 2787 5592 2944 5670; x_wconf 90' lang='lat' dir='ltr'><strong>quod</strong></span> <span class='ocrx_word' id='word_1_528' title='bbox 2989 5602 3184 5654; x_wconf 88' lang='lat' dir='ltr'><strong>tamen</strong></span> 
     </span>
     <span class='ocr_line' id='line_1_51' title="bbox 499 5677 3184 5760; baseline 0.002 -23"><span class='ocrx_word' id='word_1_529' title='bbox 499 5683 609 5756; x_wconf 81' lang='lat' dir='ltr'><strong>e&#39;go</strong></span> <span class='ocrx_word' id='word_1_530' title='bbox 657 5677 1041 5739; x_wconf 87' lang='lat' dir='ltr'><strong>distinctionis</strong></span> <span class='ocrx_word' id='word_1_531' title='bbox 1088 5700 1271 5743; x_wconf 87' lang='lat' dir='ltr'><strong>causa</strong></span> <span class='ocrx_word' id='word_1_532' title='bbox 1315 5692 1374 5743; x_wconf 89' lang='lat' dir='ltr'><strong>et</strong></span> <span class='ocrx_word' id='word_1_533' title='bbox 1418 5690 1485 5743; x_wconf 88' lang='lat' dir='ltr'><strong>ut</strong></span> <span class='ocrx_word' id='word_1_534' title='bbox 1525 5683 1787 5743; x_wconf 80' lang='lat' dir='ltr'><strong>confusio</strong></span> <span class='ocrx_word' id='word_1_535' title='bbox 1831 5685 2063 5743; x_wconf 78' lang='lat' dir='ltr'><strong>vitetur:</strong></span> <span class='ocrx_word' id='word_1_536' title='bbox 2106 5687 2319 5743; x_wconf 87' lang='lat' dir='ltr'><strong>lemma</strong></span> <span class='ocrx_word' id='word_1_537' title='bbox 2363 5681 2544 5742; x_wconf 83' lang='lat' dir='ltr'><strong>malui</strong></span> <span class='ocrx_word' id='word_1_538' title='bbox 2590 5680 2905 5760; x_wconf 80' lang='lat' dir='ltr'><strong>appellare.</strong></span> <span class='ocrx_word' id='word_1_539' title='bbox 2984 5680 3184 5758; x_wconf 78' lang='lat' dir='ltr'><strong>Quae-</strong></span> 
     </span>
    </p>
   </div>
  </div>
 </body>
</html>
