3684 7259
800 1210 883 1272 Liber
900 1211 948 1270 lil.
967 1211 1120 1285 Caputlil.
1568 1219 1629 1282 tal

281 1386 403 1445 mnibus
420 1389 582 1458 incitamm,
608 1389 710 1460 quippe
733 1405 795 1445 cum
812 1388 959 1446 harmoniis
977 1387 1160 1458 delectentur,
1189 1405 1238 1446 seu
1260 1388 1326 1460 quia
1342 1388 1394 1446 Dei
1412 1389 1555 1460 imagines,
1583 1405 1633 1446 seu

281 1465 347 1542 qnia
364 1466 444 1528 molo
461 1466 635 1524 inenarrabili
653 1466 862 1524 transformatae
880 1475 944 1523 sunt
960 1466 989 1522 in
1007 1466 1101 1524 munli
1119 1468 1302 1539 geometriam.

368 1545 411 1602 lta
428 1544 497 1603 haec
514 1546 670 1602 harmonica
688 1545 875 1616 conformatio,
892 1546 920 1601 in
939 1555 1070 1615 quantum
1087 1546 1251 1615 harmonica,
1271 1544 1427 1603 Ptolemaeo
1439 1546 1566 1605 coelestis
1578 1556 1631 1619 ast,

281 1624 345 1678 mihi
362 1626 511 1694 mrrestris,
534 1635 590 1682 tam
607 1623 796 1692 materialiter,
824 1624 859 1681 ob
876 1615 992 1696 anguini
1009 1623 1159 1696 radiorum,
1187 1639 1268 1693 quam
1293 1621 1455 1695 formaliter,
1483 1625 1519 1682 cb
1536 1641 1632 1682 eorum

281 1700 351 1757 inter
369 1718 399 1757 se
416 1702 615 1769 habitudinem,
633 1720 704 1775 qnae
723 1705 881 1760 aestimatur
898 1704 933 1760 ab
951 1701 1041 1759 anima
1058 1700 1205 1758 sublunari.
1318 1707 1320 1712 ’

367 1782 563 1849 Argumentum
586 1782 670 1839 adero
693 1782 827 1854 dogmatis
852 1782 905 1838 mei
928 1780 1173 1852 evidentissimum,
1200 1781 1274 1850 qaod
1299 1781 1529 1852 configurationes
1554 1783 1632 1847 istae,

281 1872 349 1926 qaas
372 1876 422 1916 nos
446 1862 474 1916 in
491 1862 583 1919 'l'crris
607 1864 739 1941 sentimus
761 1862 888 1917 efficaces
913 1870 941 1918 et
959 1876 1104 1932 operosas,
1133 1875 1187 1916 non
1206 1859 1261 1915 sint
1285 1860 1356 1916 inter
1372 1860 1497 1930 manetes
1511 1862 1589 1932 ipsos
1604 1863 1632 1917 ia

280 1936 432 2006 enclosed
449 1948 555 1996 tantum
574 1945 645 1998 inter
662 1943 786 2000 binorum
804 1943 895 1998 radim
913 1941 975 1998 illos
993 1940 1067 1998 solos
1088 1947 1116 1997 et
1135 1940 1244 2006 unicos,
1272 1941 1319 2008 qui
1337 1942 1364 1996 in
1383 1941 1496 1996 Terram
1511 1948 1632 2008 noeman
1727 1950 1728 1954 ’

281 2016 416 2089 inciduut;
434 2020 487 2090 hic,
507 2023 626 2092 inquam,
644 2022 671 2077 in
689 2022 783 2077 Terris
802 2035 852 2076 nec
870 2021 976 2091 uspiam
994 2019 1059 2076 alibi
1076 2021 1105 2076 iu
1122 2019 1225 2076 mundo
1244 2026 1309 2075 sunt
1325 2019 1379 2075 hae
1396 2016 1632 2089 configurationes,

280 2111 341 2152 cum
358 2107 430 2164 sunt,
447 2108 476 2154 et
494 2110 559 2157 sunt
574 2101 667 2170 potins
686 2102 714 2155 in
732 2115 867 2155 concursu
885 2098 1022 2154 radiorum
1039 2097 1169 2167 punctuli,
1188 2115 1270 2172 quam
1287 2098 1315 2153 in
1333 2097 1453 2168 circius,
1473 2099 1633 2155 aestimatur

279 2181 386 2231 tantum
403 2179 527 2248 angulus,
545 2198 600 2250 quo
617 2189 790 2249 concurrunt,
808 2178 1000 2249 imaginah‘ene
1017 2193 1097 2235 arcus
1115 2194 1149 2236 ex
1168 2192 1303 2238 concursu
1319 2175 1458 2249 descripti,
1477 2178 1631 2248 cujnmcdi

279 2269 359 2311 artus
376 2258 429 2314 etsi
446 2260 534 2329 nobis,
552 2260 600 2330 qui
617 2258 704 2317 oculis
721 2260 831 2329 utimur,
849 2257 1007 2329 suppeditat
1023 2253 1151 2314 zodiacus
1168 2257 1291 2325 sensilis,
1309 2256 1551 2316 innumerabilibus
1568 2257 1633 2315 fluis

280 2333 425 2414 detinctm
442 2347 470 2392 et
488 2340 567 2408 quasi
585 2338 688 2395 dirism
706 2338 890 2407 subtilissime,
909 2346 939 2394 at
955 2346 1055 2395 natura
1072 2338 1196 2395 auimhs
1213 2334 1343 2394 mulum
1361 2335 1452 2404 allum,
1472 2338 1631 2409 amulorum

280 2395 376 2469 horum
393 2430 560 2486 mensorem,
587 2433 679 2472 secum
697 2418 758 2489 ipsa
774 2416 859 2474 habet
875 2419 959 2474 intua
996 2417 1104 2486 Cogitet
1119 2416 1176 2486 jam
1194 2414 1375 2487 philosophus
1392 2414 1503 2487 aliqua:
1529 2417 1552 2473 si
1570 2433 1630 2475 cor·

279 2506 347 2561 pora
363 2493 494 2551 caelestia
512 2495 573 2565 ipsa
590 2496 752 2567 principium
769 2496 853 2565 hujus
872 2495 1013 2553 efficaciae
1040 2512 1089 2566 per
1107 2494 1335 2564 configurationes
1359 2492 1387 2549 in
1409 2510 1440 2550 se
1459 2495 1528 2566 ipsis
1549 2496 1632 2554 habe·

279 2575 341 2625 rent
357 2584 551 2642 moneremque
569 2573 637 2629 haec
655 2575 797 2631 interiora.
816 2591 882 2641 non,
902 2584 934 2630 ut
950 2590 1001 2645 ego
1020 2576 1097 2644 volo,
1116 2575 1264 2644 objectisc.
1283 2571 1332 2629 sed
1347 2571 1447 2642 aedae,
1474 2573 1580 2630 actione
1598 2592 1632 2631 ea

279 2647 346 2719 ipsis
364 2652 524 2722 corporibus
543 2652 679 2708 defluente
698 2655 733 2709 ad
752 2671 802 2708 nos
820 2670 881 2709 cnm
900 2654 996 2727 radiis,
1018 2671 1074 2724 qua
1090 2653 1174 2724 igitur
1192 2654 1299 2708 ratione
1320 2650 1447 2722 planetae
1464 2667 1514 2722 per
1532 2668 1562 2710 se
1580 2653 1633 2710 ain·

238 2752 250 2771 ι
279 2724 337 2795 guli
353 2738 465 2798 possem
482 2727 638 2801 rescisce‘re,
658 2732 765 2800 quando
784 2732 828 2787 bie
847 2732 873 2786 in
893 2730 989 2788 ultima
1005 2730 1099 2788 muudi
1110 2730 1175 2802 pila
1195 2731 1223 2786 in
1234 2730 1335 2801 Turia,
1353 2730 1425 2785 inter
1436 2744 1466 2785 se
1477 2728 1534 2785 blni
1551 2729 1634 2788 radiis

279 2806 336 2862 anis
354 2816 495 2877 aspectum
518 2810 677 2880 formarent,
702 2811 765 2882 quia
788 2819 916 2882 aspectus
940 2811 1047 2868 nonnisi
1071 2810 1197 2868 binorum
1220 2810 1391 2880 planetarum
1410 2814 1463 2876 est,
1491 2825 1545 2879 quo
1562 2826 1634 2868 com·

280 2886 379 2942 mercio
398 2886 454 2943 bini
471 2889 598 2960 planetae
616 2892 687 2947 inter
705 2908 734 2946 se
753 2891 909 2961 longissime
927 2889 1015 2946 dissid
1034 2888 1211 2945 consiliasse
1229 2885 1467 2957 communicarent,
1486 2889 1557 2945 vires
1569 2905 1632 2947 con·

279 2962 381 3021 iurent
406 2966 495 3037 adque
512 2966 624 3024 Tenum
641 2978 669 3024 et
687 2969 714 3024 in
733 2969 824 3028 radios
842 2985 908 3026 suos
927 2971 962 3026 ad
980 2977 1118 3026 momenta
1135 2975 1295 3039 aspectuum
1317 2966 1490 3025 demitterent
1513 2968 1634 3028 ausu·

281 3058 343 3112 qne,
361 3044 478 3114 primum
496 3055 578 3117 atque
597 3057 687 3103 cesam
704 3057 845 3118 aspectus,
874 3064 983 3105 cessare
1000 3048 1132 3104 iacerent.
1169 3050 1279 3103 Annon
1298 3044 1360 3116 plns
1376 3047 1514 3115 quamnii
1527 3047 1633 3105 esscmi

281 3120 320 3176 Et
337 3137 372 3177 ne
389 3125 481 3179 multis
500 3126 666 3195 argumentis
684 3127 720 3181 sit
738 3144 816 3198 opus,
835 3128 905 3184 term
921 3129 967 3185 hic
984 3128 1043 3198 ipse
1059 3125 1294 3202 comparationum
1312 3124 1539 3194 Ptolemaicorum
1563 3144 1635 3186 cam·

280 3217 331 3273 pus
352 3201 457 3271 justum
481 3205 552 3261 iuter
570 3221 612 3260 me
636 3213 665 3261 et
683 3205 868 3263 Ptolemaeum
891 3206 1033 3275 judicium.
1070 3208 1264 3278 comparamus
1291 3205 1388 3260 merito
1416 3204 1548 3266 coclearia
1572 3217 1635 3262 cum

281 3277 458 3347 harmonicis,
483 3282 630 3340 abeodem
650 3284 721 3340 enim
745 3285 821 3341 fonte
838 3285 978 3342 fluxerunt
1000 3287 1028 3341 in
1048 3294 1192 3356 utrumqne
1216 3299 1303 3355 genus
1321 3299 1411 3338 rernm
1436 3283 1555 3341 rationes
1570 3283 1633 3341 har·

281 3361 412 3416 monicae.
449 3363 519 3430 Quid
538 3365 621 3433 igitur
638 3373 694 3433 est,
721 3365 795 3433 quod
818 3368 933 3423 choreas
958 3372 1047 3421 movet
1070 3364 1105 3418 nd
1128 3362 1255 3418 cantum?
1290 3361 1361 3417 lium
1385 3359 1504 3419 chordae
1525 3362 1579 3419 hoe
1596 3360 1634 3420 ia-

281 3439 376 3494 ciunt?
412 3441 467 3495 cur
484 3444 566 3511 igitur
590 3443 665 3498 surdi
683 3460 735 3498 uon
754 3452 896 3502 moventur
921 3445 956 3500 ad
975 3452 1071 3509 cautus
1097 3442 1205 3513 legem?
1240 3441 1338 3497 Nonne
1359 3439 1466 3509 species
1484 3454 1634 3512 consonan-

227 3517 229 3524 '
281 3516 378 3572 Qum
397 3518 424 3572 in
442 3535 522 3576 aures
540 3520 657 3577 influunt
674 3522 766 3592 ibique
789 3539 906 3580 saman
931 3522 1068 3582 communi
1090 3539 1126 3579 ex
1143 3521 1273 3581 instinctu
1294 3517 1412 3584 naturali
1435 3534 1485 3589 pro
1506 3515 1634 3598 jucundis

281 3604 309 3649 et
327 3597 412 3664 gratis
430 3602 636 3671 approbantur?
672 3602 769 3659 Nonne
787 3604 879 3672 anima
895 3610 952 3673 est,
975 3617 1046 3669 quac
1072 3606 1203 3671 percepta
1225 3598 1361 3657 cantilena
1384 3612 1484 3668 eorpus
1502 3613 1581 3655 snum
1598 3598 1633 3655 ad

281 3673 341 3742 sius
359 3674 432 3745 leges
451 3681 479 3734 et
496 3679 650 3749 rhythmum
669 3682 780 3736 movet?
800 3681 873 3752 qnod
891 3680 924 3736 lit
941 3696 996 3736 non
1014 3685 1119 3736 tanturn
1136 3680 1165 3735 in
1183 3680 1335 3736 uoluntario
1346 3683 1424 3733 moth
1436 3677 1566 3749 corporis,
1584 3676 1632 3734 sed

280 3752 361 3807 etiam
381 3756 408 3809 iu
428 3756 543 3813 naturali
562 3768 637 3815 motu
655 3758 855 3830 delectationis,
874 3763 910 3816 oh
922 3776 1021 3817 suaves
1033 3759 1235 3822 consonantias.
1270 3758 1385 3814 Frustra
1392 3756 1438 3812 hic
1450 3765 1634 3830 contempera-

280 3832 381 3888 tionem
400 3851 528 3891 sonerum
547 3837 638 3906 ullam,
657 3838 708 3894 uisi
728 3839 888 3895 rationalem
908 3846 935 3893 et
954 3838 1120 3895 solamente
1139 3853 1188 3892 serr
1206 3852 1256 3908 per
1268 3834 1438 3905 disciplinam
1456 3849 1506 3892 sen
1523 3836 1633 3892 instinc·

282 3917 339 3965 tum
356 3913 558 3986 perceptibilem
577 3918 697 3988 allegant
713 3917 983 3991 pseudophilosophi.
1020 3909 1028 3925 ‘

368 3992 406 4056 nt
423 3994 554 4051 hactenus
575 3996 683 4067 quidem
701 3998 734 4053 de
752 3998 865 4054 materia
884 3998 936 4053 mei
952 3995 1014 4053 libri
1032 3997 1137 4067 quarti,
1156 3997 1234 4068 crq'us
1252 3996 1414 4067 subjectum,
1433 3992 1574 4049 harmonia
1591 4004 1633 4047 ra·

282 4065 444 4143 diationnm,
471 4090 544 4129 mere
568 4082 697 4131 terrem
719 4084 770 4133 eat.
808 4076 888 4133 Aliud
911 4076 1024 4147 aliquod
1046 4075 1175 4150 snpoeadt
1191 4090 1278 4148 genua
1295 4072 1467 4144 hermoniae,
1495 4069 1634 4128 suasinus

283 4147 401 4205 coeleste
420 4168 468 4207 sen
486 4154 651 4211 mundanum
669 4155 775 4226 potins,
802 4155 836 4210 de
855 4173 909 4226 qno
927 4164 954 4213 et
972 4153 1145 4214 rtem
1169 4153 1226 4224 agit
1248 4152 1384 4225 capitibus
1406 4146 1582 4219 aequantibus
1606 4154 1635 4203 et

283 4242 333 4296 ego
351 4228 421 4283 libro
438 4245 498 4287 meo
516 4232 611 4303 quinto
629 4234 672 4302 egi
690 4232 772 4303 idque
789 4235 967 4305 praecipuum
985 4249 1098 4304 scopa·
1119 4227 1174 4298 ad
1191 4233 1276 4289 totins
1294 4230 1347 4287 mci
1366 4228 1456 4301 operis
1477 4226 1632 4284 harmonici.

846 4501 989 4573 CAPUT
1015 4500 1068 4572 xl.

301 4643 342 4700 Ut
367 4654 475 4701 motus
502 4646 650 4703 siderum
677 4647 858 4704 secundum
885 4646 1107 4789 altituidiuem
1133 4652 1349 4717 comparetur
1374 4642 1558 4716 generibus
1583 4643 1615 4698 ia

849 4734 990 4791 harmon
1008 4735 1065 4801 al).
1109 4785 1114 4795 ,,
1424 4735 1430 4742 ”

370 4881 536 4943 Secundam
558 4890 691 4942 motuum
712 4882 842 4962 speciem
862 4878 1024 4942 meandum
1046 4878 1230 4942 altitudinem
1251 4878 1434 4941 inveniemus
1457 4875 1633 4960 timiama!

283 4969 360 5044 parti
381 4969 581 5045 harmonicas,
607 4975 687 5045 qnae
708 4986 817 5047 genera
848 4967 928 5029 dicta
949 4967 1049 5030 habet.
1093 4967 1177 5030 Sicut
1204 4968 1282 5029 enim
1311 4968 1342 5026 in
1364 4964 1421 5026 hac
1447 4981 1556 5042 genera
1576 4964 1634 5032 tela

284 5063 361 5128 sunt,
384 5056 617 5131 enharmomum,
640 5055 865 5132 chromaticum,
888 5054 1085 5133 diatonicum,
1115 5056 1253 5116 disdncta
1274 5052 1489 5132 quantitatibus
1510 5066 1638 5130 properi¹

284 5144 396 5204 donum
419 5146 449 5202 in
472 5140 730 5218 tetrachordiafl),
760 5145 803 5204 sic
825 5153 854 5206 et
876 5142 928 5204 illa
958 5150 1017 5203 tres
1038 5143 1148 5203 formas
1171 5140 1392 5203 intervallorum
1422 5139 1634 5219 complectitur,

308 5305 310 5310 Ι
345 5233 353 5247 ’
386 5235 412 5307 i,
442 5232 530 5293 medii
558 5242 593 5292 et
610 5234 729 5292 maximi
739 5228 805 5305 ¹¹¹),
838 5248 914 5307 quae
941 5238 971 5291 et
992 5234 1074 5309 ipsae
1106 5231 1270 5307 quantinus
1296 5244 1435 5291 cnrmum
1461 5243 1635 5289 mumuran-

315 5311 318 5320 '
388 5366 395 5381 .
442 5321 586 5380 accessus
609 5320 698 5396 igitur
719 5319 882 5379 mediorum
903 5316 1133 5391 intervallorum,
1157 5319 1208 5395 qui
1230 5316 1391 5378 mediocres
1414 5314 1545 5392 undique
1565 5331 1634 5376 aar·

284 5423 334 5466 sus
363 5408 486 5478 habent,
519 5424 608 5485 quam
638 5411 769 5485 proxime
798 5406 983 5465 chromaticis
1011 5406 1168 5479 generibus
1186 5403 1255 5480 jure
1277 5406 1343 5481 qula
1366 5412 1532 5483 comparet,
1563 5403 1634 5480 qnia

286 5495 425 5555 atiamin
449 5495 494 5553 his
517 5494 624 5555 lichsni
647 5506 748 5554 secant
771 5491 868 5552 media
890 5491 1075 5553 tetrachordi
1090 5489 1137 5571 v);
1165 5494 1270 5569 atqui
1293 5494 1428 5552 mbilsno‘s
1451 5497 1553 5552 curam
1575 5489 1632 5550 lsa-

285 5580 370 5656 bant,
402 5586 466 5643 sive
495 5584 514 5641 ii
546 5580 584 5641 ed
607 5580 763 5642 intervalla
783 5599 803 5641 a
824 5578 919 5642 'lura‘
944 5579 1073 5640 maxims
1093 5586 1317 5657 aonmqnantur
1344 5580 1408 5640 slva
1438 5578 1485 5662 sd:
1504 5578 1633 5650 minima,

286 5669 503 5752 respondebunt
532 5669 729 5764 enharmoulls
759 5667 933 5754 generibus,
962 5667 1032 5746 qula
1052 5667 1124 5754 bina
1150 5664 1326 5731 tehachordi
1357 5663 1515 5730 interime
1547 5661 1635 5728 simul
