3684 7259
418 1231 461 1287 Dc
478 1228 599 1285 Motibus
617 1227 791 1288 Planctarum
809 1228 989 1289 Harmonicis.
1025 1229 1109 1287 Liber
1125 1230 1353 1289 acromatum.
1432 1267 1435 1272 ,
1494 1235 1556 1295 269

213 1414 344 1483 conveni,
370 1411 495 1486 Pragam
519 1408 619 1469 sedem
642 1408 732 1483 elegi,
756 1407 785 1466 id
809 1407 935 1482 tandem,
959 1411 1024 1469 Deo
1041 1408 1110 1487 Opt.
1125 1409 1265 1482 Maximo,
1289 1412 1338 1485 qui
1361 1414 1487 1465 mentem
1511 1410 1557 1466 in·

212 1501 391 1574 spiraverat,
426 1498 599 1556 desiderium
629 1498 731 1571 ingens
755 1499 943 1569 excitaverat,
969 1502 1059 1557 vitam
1082 1501 1167 1557 etiam
1198 1504 1227 1556 et
1249 1499 1325 1556 vires
1351 1498 1463 1576 ‚ingenii
1487 1512 1557 1571 prc-

211 1596 332 1662 rogante
355 1586 509 1662 mediaque
524 1597 619 1643 cetera
642 1603 692 1661 per
708 1585 829 1643 duorum
845 1583 1056 1660 Imperatorum
1075 1586 1220 1661 hujusque
1236 1577 1403 1662 proriitciae
1419 1583 1557 1642 Austriao
1614 1585 1619 1590 ”

211 1673 453 1750 Supr-Anisanae
483 1674 640 1731 Procerum
671 1671 877 1730 liberalitatem
905 1673 1127 1749 suppeditante,
1162 1663 1426 1747 defunctui:;·prius
1456 1680 1553 1729 astro·

211 1765 324 1820 nomica
348 1763 498 1838 provincia
522 1769 661 1835 quantum
677 1758 849 1833 sulliciebat,
874 1760 999 1833 tandem,
1023 1762 1151 1837 inquam,
1175 1764 1203 1817 in
1218 1758 1314 1818 lucem
1329 1757 1436 1836 protuli
1453 1775 1557 1835 supra·

212 1867 268 1925 que
292 1868 379 1924 quam
408 1866 526 1926 sperare
554 1865 683 1921 unquam
706 1850 787 1924 potui
819 1849 1000 1906 verissimum
1030 1848 1220 1923 deprehendi,
1250 1856 1342 1906 totam
1374 1844 1557 1906 harmonicas
1604 1880 1605 1883 ¹

211 1948 358 2006 naturam,
391 1944 612 2012 quantaquanta
634 1944 694 2004 est,
711 1952 791 1991 -cum
815 1936 950 1994 omnibus
973 1938 1032 1994 suis
1056 1937 1188 2011 partibus
1216 1934 1290 1993 libro
1312 1932 1369 1991 Ill.
1394 1931 1556 2012 explicatis,

211 2028 284 2082 inter
306 2036 403 2082 motus
427 2024 569 2083 coelestes
592 2024 723 2098 reperiri3
753 2039 811 2079 non
835 2039 870 2080 eo
900 2022 1017 2097 quidem
1040 2022 1145 2102 modo,
1177 2040 1264 2099 quem
1287 2039 1341 2098 ego
1369 2038 1557 2098 conceperam

210 2116 306 2171 animo
331 2110 414 2192 (pars
436 2113 509 2169 haec
533 2119 576 2167 est
598 2115 656 2167 noh
679 2117 827 2184 postrema
850 2113 906 2167 mci
930 2105 1064 2189 gaudii),
1088 2110 1140 2170 sed
1156 2110 1352 2169 diversissimo
1369 2108 1427 2167 alio
1452 2108 1556 2166 simul·

211 2218 267 2276 que
291 2209 319 2259 et
341 2200 590 2276 praestantissimo
614 2206 643 2255 et
665 2196 882 2271 perfectissimo.
930 2197 1063 2258 Accessit
1078 2197 1134 2257 hoc
1149 2196 1319 2257 intermedio
1334 2205 1473 2274 tempore,
1497 2213 1556 2272 quo

210 2306 255 2346 mc
279 2305 453 2365 suspensum
476 2288 568 2345 tenuit
592 2294 723 2342 motuum
745 2287 889 2376 restitutio
913 2275 1152 2358 laboriosissima,
1176 2287 1364 2364 praecipuum
1388 2293 1417 2342 et
1440 2283 1556 2360 cupidi·

211 2380 279 2434 tatis
303 2393 383 2434 meae
408 2377 615 2432 incrementum
638 2381 667 2429 et
689 2372 831 2447 propositi
854 2374 1083 2445 incitamentum,
1109 2373 1194 2432 lectio
1217 2372 1460 2430 Harmonicorum
1483 2370 1556 2429 Pto-

210 2462 328 2534 lemaei,
364 2480 441 2538 quae
472 2463 669 2536 manuscripta
696 2458 767 2515 mihi
795 2462 954 2517 transmisit
983 2463 1028 2518 vir
1049 2463 1179 2521 ,eximius
1212 2460 1308 2536 adque
1339 2458 1555 2536 philosophiam

211 2568 354 2626 omneque
379 2550 452 2608 adeo
476 2563 568 2624 genus
592 2547 760 2605 eruditionis
783 2548 1014 2622 promovendum
1034 2557 1128 2621 natus,
1151 2546 1304 2607 Johannes
1321 2545 1465 2622 Georgius
1478 2545 1556 2604 Her-

211 2638 336 2711 nardus,
361 2638 506 2696 Bavariae
531 2633 739 2704 Cancellarius‚
762 2635 812 2692 ubi
835 2643 950 2712 praeter
965 2637 1213 2712 exspectationem
1235 2642 1263 2694 et
1278 2653 1391 2715 summa
1413 2651 1479 2692 cum
1500 2632 1556 2691 ad·

211 2729 363 2784 miratione
385 2726 485 2783 inveni
509 2732 601 2780 totum
624 2727 682 2779 lere
705 2712 810 2779 librum
827 2722 890 2796 ejus
915 2725 1030 2781 tertium
1054 2724 1081 2779 in
1098 2723 1199 2782 eadem
1215 2722 1461 2798 contemplatione
1486 2720 1555 2779 har-

208 2816 322 2871 moniae
347 2812 485 2871 coelestis
509 2813 666 2867 insumtum
689 2819 756 2866 ante
771 2807 850 2867 mille
873 2817 903 2869 et
927 2812 1101 2886 quingentos
1118 2828 1219 2870 annos.
1266 2809 1373 2869 Verum
1397 2809 1426 2867 id
1449 2810 1555 2867 aetatis

208 2900 331 2959 multum
355 2899 451 2959 adhuc
476 2898 575 2954 decrat
598 2899 791 2954 astronomiae
814 2899 968 2972 potuitque
992 2896 1187 2971 Ptolemaeus,
1212 2914 1241 2955 re
1258 2896 1409 2956 infeliciter
1432 2902 1554 2969 tentata,

208 2988 440 3064 desperationem
468 2985 533 3044 aliis
565 2984 707 3057 objicere,
737 2992 770 3040 ut
797 2985 847 3059 qui
876 2990 949 3042 cura
963 2984 1100 3060 Scipione
1124 2985 1315 3045 Ciceroniano
1345 2986 1441 3062 potius
1462 2998 1555 3042 snare

209 3075 356 3151 quoddam
379 3073 523 3132 somnium
546 3070 775 3147 Pythagoricum
797 3073 950 3143 recitasse,
983 3090 1070 3148 quarn
1094 3072 1308 3151 philosophiam
1334 3072 1483 3148 adjuvisse
1508 3072 1554 3128 vi-

209 3163 339 3236 deretur3
363 3172 393 3219 at
417 3180 462 3218 me
486 3176 551 3218 curn
575 3158 625 3216 illa
649 3159 755 3216 veteris
778 3162 974 3217 astronomiae
998 3160 1123 3232 ruditas,
1148 3170 1209 3220 tum
1231 3159 1279 3218 hic
1302 3161 1363 3236 ipse
1386 3159 1555 3217 meditatio-

209 3269 277 3306 num
301 3252 452 3323 utriusque
477 3266 512 3305 cx
536 3246 701 3320 quindecim
724 3246 887 3303 seculorum
912 3246 1066 3305 intervallo
1091 3265 1247 3307 consensus
1277 3246 1314 3305 ad
1339 3249 1478 3306 amussim
1501 3262 1554 3305 ex·

209 3347 300 3407 actus,
327 3336 511 3409 vehementer
535 3333 716 3391 confirmavit
740 3335 767 3389 in
793 3333 922 3408 urgendo
945 3338 1125 3415 proposito¹>
1153 3336 1227 3394 Nam
1251 3334 1320 3409 quid
1343 3332 1555 3414 multismpusi

209 3424 276 3501 lpsa
300 3442 394 3482 rernm
418 3431 520 3480 natura
543 3439 606 3479 sese
631 3420 776 3495 proditum
800 3423 862 3479 ibat
885 3421 1051 3480 hominibus
1080 3440 1130 3499 per
1153 3423 1284 3482 diversos
1314 3419 1484 3496 distautffln
1505 3438 1554 3480 se·

210 3511 338 3569 culorum
364 3515 544 3586 interpretes,
567 3508 675 3582 digitus
699 3508 754 3566 Dei
779 3517 859 3580 erat,
882 3515 915 3566 ut
937 3526 1002 3567 cum
1023 3509 1167 3568 Hebraeis
1191 3511 1302 3585 loquar,
1327 3510 1375 3569 bic
1398 3505 1555 3576 laidnimis

210 3599 349 3671 duorum,
379 3601 429 3673 qui
459 3614 490 3655 sc
518 3605 596 3654 totos
627 3595 864 3672 contemplationi
887 3605 1009 3656 naturae
1033 3597 1227 3668 dedidissent,
1260 3598 1295 3655 do
1327 3591 1555 3688 contaminas

210 3686 308 3743 mundi
333 3694 490 3761 conceptus
514 3684 606 3755 idem,
636 3700 701 3739 cum
724 3691 825 3740 neuter
847 3681 929 3742 alteri
954 3683 1012 3742 dur
1035 3686 1137 3743 fuisset
1167 3684 1205 3743 ad
1229 3684 1284 3744 hoc
1306 3686 1360 3744 iter
1387 3665 1555 3760 irffiredieu-

132 3772 135 3776 ’
210 3773 287 3831 dum.
332 3772 400 3832 Jam
423 3781 577 3850 postquam
606 3772 794 3827 amensihus
817 3771 977 3829 octodecim
1009 3774 1100 3848 prima
1121 3771 1185 3845 lux,
1217 3791 1236 3830 a
1258 3774 1349 3830 tribus
1382 3771 1443 3831 dies
1463 3771 1554 3847 justa,

210 3880 227 3919 a
250 3863 434 3937 paucissimis
460 3877 528 3917 vcro
552 3858 655 3916 diebus
678 3856 728 3915 Sol
752 3859 814 3935 ipsc
838 3876 934 3916 merus
958 3859 1054 3918 illuxit
1077 3860 1329 3937 contemplationis
1360 3858 1556 3919 admirabilis-

210 3950 309 4019 simae,
334 3948 403 4004 nihil
426 3965 472 4004 me
496 3948 609 4018 retinet,
631 3944 713 4003 lubet
736 3944 885 4020 indulgere
908 3963 991 4005 sacro
1008 3948 1106 4020 furori,
1129 3948 1210 4007 lubet
1229 3948 1366 4006 insultare
1383 3945 1555 4005 mortalibus

211 4038 391 4094 consessione
416 4038 561 4108 ingenua,
587 4050 632 4090 me
654 4049 727 4090 vasa
750 4050 839 4091 aurea
863 4036 1074 4110 Acgyptiorum
1098 4038 1201 4108 iurari,
1226 4046 1258 4094 ut
1281 4036 1344 4094 Deo
1368 4051 1432 4092 meo
1456 4034 1553 4092 taber·

210 4124 346 4182 naculum
379 4141 414 4181 ea
448 4124 483 4179 iis
517 4128 699 4190 construam,
732 4119 900 4195 longissime
934 4122 972 4181 ab
1005 4124 1132 4199 Aegypti
1166 4123 1280 4181 linibus.
1326 4122 1357 4181 Si
1391 4119 1553 4197 ignoscitis,

210 4211 358 4287 gaudebo,
381 4212 404 4269 si
427 4209 613 4279 sumersetis,
637 4207 740 4281 leram3
761 4208 840 4282 jacio
863 4226 898 4265 en
922 4210 1017 4267 aleam
1043 4211 1203 4285 librumque
1223 4211 1318 4270 scribo
1340 4225 1391 4268 seu
1415 4222 1554 4284 praesen·
1619 4250 1626 4270 ,

211 4300 289 4356 tibus
311 4315 362 4356 seu
385 4300 510 4372 posteris
533 4295 706 4371 legendum,
735 4296 805 4352 nihil
830 4298 961 4371 interest;
991 4307 1139 4374 exspectet
1162 4297 1212 4356 ille
1234 4315 1320 4356 suum
1343 4296 1480 4355 lectorem
1503 4311 1554 4371 per

210 4404 302 4444 annos
326 4394 459 4458 centum,
490 4386 515 4442 si
538 4384 619 4442 Deus
642 4385 703 4458 ipse
734 4401 784 4458 per
807 4399 948 4453 annorum
971 4403 1042 4443 sena
1065 4385 1157 4443 millia
1187 4384 1443 4462 contemplatorem
1466 4399 1553 4462 prae-

209 4474 334 4532 stolatus
350 4480 404 4532 est

565 4643 703 4747 Capita
731 4672 845 4748 hujus
871 4670 964 4731 libri
991 4681 1082 4734 sunt
1106 4676 1200 4736 ista:

321 4829 342 4884 l.
362 4828 403 4881 De
422 4826 540 4896 quinque
558 4825 651 4880 solidis
668 4823 762 4892 figuris
780 4822 960 4891 regularibus.

307 4908 341 4962 ll.
360 4908 401 4961 De
420 4906 581 4972 cognatione
599 4920 660 4958 cum
678 4904 711 4958 iis
729 4904 936 4971 proportionum
953 4904 1178 4962 harmonicorum.

295 4986 343 5040 111.
363 4986 472 5039 Summa
489 4984 628 5037 doctrinae
641 4983 847 5050 astronomicae,
865 4983 1019 5039 necessaria
1036 4982 1339 5054 adcontemplationem
1352 4984 1553 5041 harmoniarum
1624 5010 1628 5024 ·

209 5065 375 5120 coelestium.
907 5098 909 5106 ·

294 5144 340 5198 IV.
360 5142 463 5211 Quibus
487 5142 514 5194 in
532 5139 613 5195 rebus
638 5141 673 5195 ad
689 5139 859 5209 planetarum
878 5144 968 5193 motus
991 5139 1189 5208 pertinentibus
1215 5156 1359 5209 expressae
1378 5142 1432 5195 sint
1448 5142 1554 5197 harmo-

209 5223 269 5277 niae
288 5221 424 5291 simplices
443 5220 561 5289 ecquod
580 5236 674 5274 omnes
692 5219 754 5273 illae
772 5220 799 5272 in
818 5218 894 5273 coelo
913 5220 1096 5289 reperiantur,
1115 5234 1185 5287 quae
1206 5220 1232 5274 in
1252 5228 1334 5274 cantu
1353 5221 1454 5276 insunt.

294 5303 325 5355 V.
346 5301 441 5354 Claves
460 5300 550 5354 scalae
567 5298 698 5360 musicae,
724 5314 771 5352 seu
790 5299 851 5355 loca
869 5298 1037 5368 systematis,
1062 5303 1089 5351 et
1106 5312 1207 5367 genera
1225 5297 1438 5368 harmoniarum,
1458 5299 1554 5354 durum
1580 5362 1583 5373 1
1623 5303 1631 5315 “

208 5389 235 5437 ct
252 5380 349 5449 molle,
369 5396 385 5434 a
402 5380 482 5433 certis
501 5380 619 5433 motibus
636 5392 765 5446 expressa
784 5392 854 5433 esse.

295 5458 341 5511 VI.
361 5458 452 5511 Toros
471 5474 519 5510 seu
539 5458 632 5511 modos
650 5456 768 5510 musicos
788 5454 911 5525 singulos
931 5454 1129 5522 quodammodo
1149 5456 1419 5526 asingulisplauetis
1431 5454 1553 5525 exprimi.

294 5537 353 5593 Vll.
375 5539 576 5605 Contrapuncta
593 5552 641 5590 seu
660 5535 814 5589 harmonias
832 5530 999 5588 universales
1018 5534 1136 5588 omnium
1155 5534 1362 5616 planetarum-3A
1423 5551 1450 5604 ,a
1467 5534 1567 5591 daven.

209 5634 266 5687 sas,
284 5617 364 5671 aliam
383 5617 487 5670 scilicet
506 5631 539 5668 ex
558 5615 622 5682 alia,
643 5616 759 5671 existere
777 5625 882 5685 posse,¹
980 5666 981 5675 ,
1072 5651 1075 5662 .
1403 5611 1417 5634 ·”’

295 5696 367 5751 vul.
386 5695 418 5749 ln
430 5694 547 5764 planetis
556 5709 699 5763 expressas
709 5707 769 5748 esse
778 5698 889 5749 naturas
898 5697 1015 5762 quatuor
1023 5707 1127 5765 vocum,
1141 5692 1264 5765 meana,
1276 5692 1333 5761 olo,
1386 5679 1553 5764 '’dris,bassi.

1317 5685 1326 5707 ὁ
1387 5679 1390 5684 .
