3684 7259
679 1215 680 1218 ¹
768 1197 851 1254 hiber
868 1198 900 1252 V.
921 1199 1010 1268 (ltput
1027 1197 1078 1255 111.
1193 1207 1208 1250 .‘
1532 1206 1595 1265 215

245 1380 343 1435 animo
366 1376 541 1452 ejiciendas3
572 1395 631 1436 nou
654 1368 772 1436 tradunt
793 1395 919 1453 namque
944 1396 1044 1438 veram
1073 1385 1101 1437 et
1125 1378 1400 1455 corporummuudi
1424 1378 1596 1456 dispositio-

245 1483 313 1524 nem
336 1473 366 1523 et
387 1474 520 1523 motuum
543 1464 686 1541 politiam.

329 1552 363 1609 In
388 1570 488 1611 earum
510 1552 615 1624 locum,
640 1555 694 1611 etsi
718 1552 813 1610 facere
835 1553 919 1611 aliter
943 1569 1001 1611 non
1018 1570 1146 1630 possum,
1171 1552 1239 1626 quin
1261 1551 1418 1627 Gopernici
1434 1550 1469 1611 de
1485 1552 1592 1612 mundo

247 1642 423 1699 sententiam
446 1642 530 1697 unice
554 1649 585 1698 et
606 1640 782 1699 substituam
805 1649 834 1698 et
856 1642 881 1698 si
905 1641 1045 1715 possibile
1069 1648 1147 1698 esset
1169 1642 1303 1698 omnibus
1329 1640 1522 1717 persuadeam
1533 1655 1544 1713 ,¹
1563 1647 1594 1699 at

245 1730 314 1802 quia
337 1745 381 1785 res
404 1727 483 1802 apud
507 1726 613 1803 vulgus
636 1728 833 1786 studiosorum
855 1729 1014 1786 etiamnum
1044 1744 1122 1785 nova
1145 1736 1188 1785 est
1216 1736 1246 1785 et
1268 1727 1375 1804 dogma
1396 1728 1500 1785 auditu
1529 1727 1596 1805 ple·

223 1817 346 1889 'risque
376 1815 632 1887 absurdissimum,
665 1815 784 1873 Terram
816 1832 852 1873 ex
882 1814 1008 1892 planetis
1036 1832 1126 1872 unum
1149 1831 1213 1873 esse
1244 1816 1377 1890 interque
1407 1815 1504 1874 sidera
1527 1818 1594 1873 ferri
1693 1857 1696 1863 -

244 1906 320 1960 circa
343 1902 442 1961 Solem
466 1904 661 1961 immobilem:
689 1905 783 1961 sciant
806 1903 908 1977 igitur,
941 1905 991 1978 qui
1014 1902 1102 1977 hujus
1125 1904 1286 1962 sententiae
1317 1902 1474 1961 insolentia
1504 1903 1598 1960 olien-
1693 1912 1697 1919 '

243 1989 358 2062 duntur,
382 1989 598 2065 speculationes
622 1991 676 2047 has
699 1990 883 2048 harmonicas
906 1994 995 2049 etiam
1018 1992 1047 2047 in
1071 1989 1285 2065 hypothesibus
1318 1989 1462 2066 Tycbonls
1481 1989 1598 2065 Brcbet'

244 2077 342 2136 locum
365 2079 510 2152 obtinere,
534 2085 689 2154 propterea
711 2068 789 2152 quod
813 2086 915 2136 auctor
937 2078 986 2135 illc
1010 2086 1107 2136 cetera
1129 2079 1243 2148 omnia,
1274 2093 1350 2154 qnae
1375 2077 1596 2152 dispositionem

190 2187 192 2191 ·
245 2182 397 2240 corporum
421 2174 450 2223 et
473 2168 769 2241 contemperationem
792 2174 925 2223 motuum
949 2168 1089 2237 attinent,
1121 2181 1186 2222 cum
1211 2158 1373 2241 Copcrnico
1404 2165 1493 2223 habet
1516 2174 1598 2224 com-

245 2256 359 2324 munia,
390 2253 486 2311 solum
509 2254 615 2312 Terrae
639 2262 750 2309 motum
772 2270 901 2311 annuum
925 2253 1156 2329 Copernicanum
1185 2254 1320 2311 transfert
1348 2255 1410 2328 ipse
1441 2254 1471 2309 in
1503 2260 1597 2312 totum

245 2350 375 2417 systema
398 2342 511 2398 orbium
535 2341 762 2418 planetariorum
784 2341 872 2415 inque
895 2339 1008 2411 Solem,
1041 2342 1091 2415 qui
1123 2341 1186 2415 ejus
1209 2340 1336 2399 medium
1365 2341 1492 2412 obtinet,
1525 2358 1597 2399 con-

245 2446 332 2486 sensu
355 2431 483 2486 auctoris
507 2432 667 2503 utriusque.
712 2418 788 2485 Nam
810 2446 846 2486 ex
865 2427 920 2486 hac
946 2426 1136 2486 translatione
1159 2435 1256 2486 motus
1279 2428 1311 2487 fit
1334 2427 1538 2501 nihilominus,
1565 2436 1598 2487 ut

244 2505 344 2586 Terra,
368 2518 393 2573 si
415 2532 475 2574 non
497 2519 526 2572 in
551 2517 718 2575 vastissimo
743 2514 793 2572 illo
817 2524 846 2573 et
869 2518 1010 2573 immenso
1034 2517 1129 2592 spatio
1153 2514 1296 2590 sphaerae
1320 2514 1457 2589 fixarum,
1481 2524 1512 2573 at
1535 2516 1599 2574 sal·

245 2614 303 2661 tem
331 2606 360 2660 in
378 2613 548 2681 systemate
580 2602 679 2662 mundi
711 2603 866 2677 planetarii
895 2603 992 2661 locum
1024 2604 1155 2661 obtineat
1185 2606 1291 2679 quovis
1315 2610 1444 2679 tempore
1472 2602 1597 2662 eundem

222 2689 323 2766 ,apud
347 2689 509 2763 Braheum,
542 2709 628 2766 qncm
658 2693 684 2749 ei
714 2689 765 2748 dat
787 2690 991 2765 Copernicus,
1014 2679 1161 2765 adeoqde,
1193 2693 1270 2750 sicut
1298 2691 1348 2766 qui
1374 2708 1461 2768 super
1483 2707 1597 2768 papyro

246 2777 387 2837 circulum
404 2781 529 2851 scribit,
556 2782 581 2837 ie
603 2777 708 2855 pedem
739 2780 839 2836 circini
861 2781 1045 2854 scriptorium
1068 2777 1246 2850 circumfert,
1281 2780 1331 2854 qui
1355 2795 1424 2836 vero
1455 2796 1598 2855 papyrum
1628 2818 1649 2832 .-
1721 2855 1725 2863 ¹

245 2883 297 2924 seu
321 2865 453 2923 tabulam
475 2866 570 2941 affigit
592 2875 675 2923 torno
700 2864 840 2938 volubili,
862 2866 889 2924 ls
911 2867 1032 2924 immoto
1056 2863 1131 2941 pede
1156 2867 1253 2923 circini
1283 2883 1334 2924 seu
1358 2865 1426 2924 stilo
1458 2867 1598 2924 circulum

247 2952 385 3011 describit
414 2954 538 3013 eundem
568 2970 656 3030 super
679 2952 849 3013 decurrente
876 2948 993 3019 tabula,
1023 2955 1066 3011 sic‘
1095 2954 1184 3010 etiam
1215 2952 1261 3017 hic
1285 2953 1445 3029 Copcrnico
1478 2952 1598 3030 quidem

245 3038 347 3098 Tellus
379 3041 519 3099 circulum
550 3048 676 3099 metatur
698 3049 780 3098 motu
811 3042 857 3099 sui
880 3041 1009 3116 corporis
1039 3039 1125 3111 reali,
1158 3039 1285 3098 medium
1309 3040 1490 3099 incedentem
1522 3043 1598 3100 inter
1699 3047 1707 3118 j

246 3126 371 3186 circulos
398 3127 503 3187 Martis
533 3131 704 3188 exteriorem
734 3137 763 3186 et
793 3127 915 3188 Veneris
946 3128 1126 3200 interiorem3
1158 3136 1189 3185 at
1218 3126 1352 3204 Tychoni
1375 3126 1470 3187 Brahe
1503 3136 1597 3188 totum

246 3224 377 3291 systema
399 3212 592 3293 planetarium
616 3213 661 3297 (in
685 3232 744 3291 quo
775 3218 851 3273 inter
873 3223 984 3273 ceteros
1007 3223 1075 3271 sunt
1098 3216 1185 3272 etiam
1208 3214 1311 3273 Martis
1340 3222 1369 3274 et
1391 3214 1515 3273 Veneris
1538 3218 1608 3274 cir··
1705 3238 1710 3247 ·

247 3298 322 3383 culi)
346 3306 524 3362 convortitur
547 3303 629 3361 velut
651 3303 753 3361 tabula
775 3305 928 3374 intorno,
961 3302 1112 3379 applicans
1136 3299 1173 3360 ad
1197 3301 1316 3361 Terram
1340 3302 1518 3362 immobilem
1543 3319 1615 3369 ceu,
1700 3299 1724 3317 ’“

248 3389 285 3447 ad
310 3389 411 3448 stilum
433 3391 596 3450 tornatoris.
614 3392 797 3448 interstitium
827 3392 902 3448 inter
924 3388 1028 3448 Martis
1060 3387 1089 3448 et
1112 3388 1234 3447 Veneris
1257 3388 1396 3461 circulos,
1428 3390 1518 3466 litque
1542 3390 1598 3449 hoc
1703 3446 1706 3453 ,

249 3481 417 3553 systematis
440 3489 534 3556 motu,
556 3487 589 3536 ut
611 3477 712 3536 Tellus
736 3480 764 3535 in
788 3494 823 3536 eo
841 3479 942 3553 ¹signet
966 3475 1089 3535 eurrdem
1113 3476 1351 3535 circulum-circa
1366 3476 1474 3548 Solem,
1498 3477 1599 3537 Martii

249 3574 277 3623 et
301 3565 420 3623 Venerii
444 3565 662 3637 intermedium,
685 3567 750 3644 ipsa
772 3572 906 3641 perstans
928 3564 1099 3631 immobilis,
1124 3581 1210 3640 quem
1233 3566 1331 3639 signat
1352 3564 1431 3640 apud
1455 3564 1598 3641 Goperni·

250 3670 315 3710 cum
349 3660 430 3710 motu
454 3671 523 3712 vero
552 3656 597 3711 sui
627 3653 773 3729 corporis,
804 3653 973 3728 quiescente
1003 3661 1171 3729 systemate.
1217 3651 1289 3710 Cum
1318 3653 1407 3727 igitur
1429 3652 1612 3732 harmonica·
1653 3646 1656 3652 ’
1733 3712 1737 3720 ,

250 3740 458 3817 contemplatio
487 3741 651 3799 consideret
681 3749 777 3798 motus
805 3740 988 3817 planetarum
1020 3742 1211 3813 eccentricos,
1244 3738 1325 3798 velut
1343 3740 1390 3798 ‘ex
1414 3737 1483 3803 Sole
1507 3742 1597 3814 visos,

250 3827 336 3885 facile
360 3827 445 3887 datur
467 3827 605 3903 intelligi,
633 3831 661 3886 si
685 3830 750 3903 quis'
773 3828 1037 3904 contemplatorin
1061 3825 1129 3896 Sole
1153 3833 1243 3899 esset,
1275 3829 1463 3903 quantumvis
1487 3826 1615 3901 mobili.

249 3914 370 3973 Terram
393 3915 448 3993 illi,
471 3918 607 3991 quamvis
623 3918 820 3993 quiescentem
843 3914 887 3995 (ut
904 3916 963 3975 hoc
982 3914 1232 3990 jamconcedatur
1247 3912 1384 3994 Brahco),
1408 3915 1596 3974 nihilominus

250 4005 347 4081 visum
371 4003 405 4059 iri
428 4003 578 4062 decurrere
600 4002 739 4062 circulum
762 4019 903 4076 annuum,
935 4001 1062 4084 medium
1085 4004 1161 4061 inter
1182 4002 1324 4079 planetas,
1348 4004 1485 4078 temporis
1509 4004 1597 4061 etiam

250 4090 422 4149 intermedio
458 4092 563 4165 spatio.
609 4089 706 4164 Quare
739 4093 794 4148 etsi
823 4092 889 4166 quis
916 4097 963 4151 est
995 4090 1147 4150 imbecillis
1175 4089 1242 4147 fidei
1271 4090 1375 4161 bomo,
1407 4092 1456 4165 qui
1485 4099 1597 4149 motum

250 4176 358 4236 Terrae
382 4180 457 4236 inter
479 4178 576 4236 sidera
598 4194 701 4255 capere
724 4193 781 4235 non
804 4186 909 4254 potest,
936 4181 961 4236 is
985 4177 1171 4238 nihilominus
1193 4176 1320 4253 gaudere
1343 4180 1449 4253 poterit
1472 4175 1597 4258 divinis-

250 4268 316 4322 simi
338 4266 427 4340 hujus
449 4267 677 4325 machinamenti
701 4265 946 4341 contemplatione
970 4266 1229 4341 praestantissima,
1252 4266 1286 4335 si,
1310 4256 1450 4341 quiequid
1473 4264 1509 4323 de
1532 4281 1597 4324 mo·
1647 4256 1649 4261 ’

250 4354 330 4412 tibus
364 4352 473 4411 diurnis
497 4352 624 4412 Telluris
654 4356 682 4410 in
710 4370 764 4411 suo
788 4355 949 4413 eccentrico
973 4350 1069 4425 audrt,
1099 4352 1130 4410 id
1153 4351 1190 4411 ad
1213 4353 1414 4428 apparentiam
1445 4370 1544 4411 eorum
1567 4355 1596 4410 in

249 4440 318 4501 Sole
333 4440 469 4517 applicet,
491 4441 607 4515 qualem
622 4442 822 4517 apparentiam
839 4443 925 4499 etiam
941 4440 1043 4516 Tycho
1061 4439 1155 4499 Brahe
1172 4440 1298 4512 exhibet,
1315 4440 1405 4498 Terra
1419 4441 1595 4515 quiescente.

337 4528 441 4604 Neque
470 4536 565 4587 tamen
590 4546 708 4587 causam
738 4527 847 4587 habent
870 4529 980 4603 justam
1004 4530 1065 4586 veri
1088 4527 1204 4587 Samiae
1227 4527 1429 4605 philosophiae
1461 4526 1597 4607 cultores,

250 4614 401 4674 inridendi
423 4616 533 4674 talibus
557 4618 848 4675 communicationem
870 4616 947 4674 hanc
970 4614 1203 4675 delitiosissimae
1223 4615 1442 4693 speculationis,
1465 4623 1498 4673 ut
1521 4632 1597 4691 quo-

249 4722 312 4762 rum
344 4702 484 4777 gaudium
515 4703 614 4762 multis
648 4704 779 4780 partibus
807 4706 861 4763 erit
887 4704 1058 4782 perfectius,
1093 4705 1201 4780 quippe
1233 4720 1268 4763 ex
1291 4699 1500 4779 speculationis
1525 4719 1597 4762 con·

248 4799 394 4849 summata
417 4791 608 4868 perfectione,
638 4794 663 4849 si
683 4791 775 4850 ‘etiam
799 4790 876 4851 Solis
899 4790 1150 4865 immobilitatem,
1180 4790 1287 4850 Terrae
1316 4805 1386 4850 vero
1409 4797 1520 4848 motum
1543 4807 1596 4850 ac·

249 4881 440 4956 ceptaverint.

339 4965 467 5024 Primum
491 4967 578 5040 igitur
600 4963 657 5023 hoc
678 4972 797 5023 teneant
819 4966 958 5043 lectores,
986 4982 1046 5023 rem
1069 4965 1156 5024 hodie
1179 4980 1268 5043 penes
1291 4972 1480 5023 asnonomos
1496 4982 1596 5024 omncs

249 5071 312 5113 csse
336 5056 533 5125 certissimam,
558 5052 636 5127 quod
660 5069 759 5111 omnes
782 5052 916 5129 planetae
933 5051 1031 5111 Solem
1055 5055 1239 5124 circumeant,
1264 5059 1385 5127 excepta
1402 5052 1494 5125 Luna,
1519 5069 1595 5129 quae

249 5141 313 5199 sola
336 5140 456 5199 Terram
479 5140 568 5200 habet
590 5157 642 5215 pro
666 5148 782 5212 centr03
806 5141 890 5215 cujus
913 5139 1031 5215 quidem
1047 5142 1125 5199 orbis
1147 5158 1198 5199 seu
1215 5140 1349 5198 curriculi
1366 5142 1514 5215 quantitas
1537 5156 1595 5198 uon

250 5238 293 5287 cst
316 5236 414 5297 tanta,
443 5234 476 5286 ut
499 5231 527 5285 in
550 5228 606 5285 hac
637 5227 736 5285 charta
766 5226 905 5286 delineari
928 5230 1022 5303 possit
1044 5227 1071 5283 in
1096 5228 1177 5302 justa
1199 5229 1384 5304 proportione
1413 5226 1451 5284 ad
1474 5236 1595 5287 ceteros:
1672 5234 1676 5242 '
1704 5236 1712 5252 ·

251 5317 374 5375 Accedit
403 5318 492 5392 igitur
521 5318 648 5391 quinque
680 5314 799 5389 reliquis
828 5321 912 5372 sexta
940 5313 1044 5386 Terra,
1079 5332 1156 5389 quae
1187 5331 1239 5371 seu
1269 5332 1322 5372 suo
1351 5318 1469 5390 proprio
1504 5322 1595 5394 motu,

251 5406 418 5478 quiescente
442 5401 519 5475 Sole,
543 5420 595 5460 seu
617 5404 738 5459 immota
759 5403 824 5476 ipsa
846 5408 876 5459 et
898 5414 1039 5459 converso
1061 5409 1124 5460 toto
1147 5400 1329 5477 planetarum
1345 5409 1503 5478 systemate
1526 5420 1594 5462 sex-

252 5500 311 5549 tum
336 5499 364 5550 et
388 5493 456 5568 ipsa
479 5489 617 5548 circulum
641 5491 718 5546 circa
739 5486 837 5547 Solem
861 5485 1003 5561 designat.
1027 5496 1030 5502 '
1598 5544 1601 5553 ,

336 5578 472 5637 Secundo
497 5586 606 5636 eertum
629 5586 658 5634 ct
680 5574 735 5634 hoc
758 5585 810 5648 est,
833 5573 967 5649 planetas
990 5590 1089 5635 omnes
1111 5575 1174 5634 fieri
1197 5577 1386 5649 eccentricos,
1410 5574 1439 5633 id
1463 5582 1508 5635 est
1528 5594 1595 5658 mu,-

251 5673 311 5727 tare
334 5665 490 5725 intervalla
512 5683 566 5723 sua
589 5684 607 5724 a
630 5663 715 5737 Sole,
744 5665 786 5722 sic
808 5668 841 5720 ut
863 5664 892 5720 in
916 5679 975 5722 una
996 5670 1079 5739 parto
1102 5663 1203 5722 circuli
1231 5663 1303 5723 liant
1328 5682 1346 5723 a
1368 5663 1438 5723 Sole
1460 5667 1595 5724 remotis·

1377 5768 1440 5828 18*
