3684 7259
747 1150 891 1206 ιιιιι.
911 1147 1077 1221 capusum
1486 1151 1579 1222 ἰιι

233 1330 290 1389 boc
312 1327 350 1389 ad
372 1338 532 1406 aspectum,
555 1348 606 1391 ens
628 1328 772 1390 rationis?
803 1328 950 1408 quomodo
972 1328 1050 1391 bunc
1072 1331 1389 1426 capietrfflcntum
1385 1335 1475 1408 atus,
1504 1351 1582 1410 quo-

233 1417 321 1497 modo
346 1418 472 1494 corpus?
495 1419 552 1480 nisi
572 1437 627 1478 sua
649 1427 771 1495 uterque
794 1421 901 1492 anima,
929 1436 1005 1494 quac
1028 1397 1294 1515 aspectume
1316 1437 1414 1497 perse
1429 1423 1579 1499 percipiat,
1658 1496 1662 1502 .

234 1490 321 1564 modo
345 1524 364 1564 a
386 1524 431 1564 me
455 1505 543 1566 dicto.
587 1507 751 1566 Flammam
766 1505 896 1582 aquuam
919 1523 984 1565 essa
1000 1506 1118 1566 vitalem
1141 1495 1441 1581 bantfaddltatem,
1432 1511 1582 1569 rueuuutm
1662 1505 1671 1512 “

235 1596 263 1652 in
287 1591 373 1651 corde
397 1596 506 1670 (eoque
529 1596 610 1666 mori,
634 1595 769 1653 absumto
793 1595 911 1671 pabulo,
935 1611 1001 1652 cum
1023 1612 1105 1653 meus
1127 1591 1295 1677 perennet),
1319 1595 1443 1671 probavi
1464 1597 1495 1654 iu
1512 1591 1580 1676 opt

235 1682 438 1740 Astrouomiae
460 1688 552 1758 parte,
576 1680 626 1740 fol
650 1684 691 1739 26
714 1689 760 1752 (ll.
767 1683 843 1758 fil)
872 1680 1021 1741 luculenta
1043 1682 1366 1759 comparationecordis
1389 1683 1519 1759 ejusque
1533 1701 1582 1742 ra·
1593 1674 1601 1688 “

235 1770 414 1844 ciprocorum
437 1777 577 1841 motuum,
600 1768 726 1846 systolen
749 1776 778 1826 et
802 1766 950 1841 diastolas,
974 1786 1040 1828 cum
1056 1768 1157 1830 clausa
1174 1770 1351 1847 lampade,
1343 1788 1371 1828 ιι
1389 1787 1448 1846 qua
1465 1770 1583 1831 flamma

234 1859 273 1913 sit
295 1855 424 1913 fovenda
446 1857 529 1930 oleo,
554 1855 758 1926 ventilatione,
782 1855 977 1915 eflnmatioua.

319 1929 386 2001 Hac
413 1944 502 2020 igitur
530 1945 675 2003 essentiae
702 1944 765 2018 ejus
795 1946 973 2019 proprietate
1005 1945 1105 2002 nititur
1138 1945 1279 2021 imprimis
1309 1942 1480 2004 admirabile
1508 1941 1582 2006 illud
1686 2013 1688 2018 s

233 2032 380 2104 negotium
402 2030 625 2109 genethliacon.
671 2030 744 2089 Cum
767 2033 843 2088 enirn
866 2031 965 2090 uitalis
988 2012 1151 2103 facultas,
1143 2049 1262 2100 incensa
1285 2033 1315 2090 in
1331 2030 1416 2090 corde
1439 2031 1583 2109 flagrans·

234 2135 294 2193 que
315 2118 454 2192 quamdiu
477 2122 539 2176 vita
561 2127 706 2196 superest,
735 2121 773 2177 sit
795 2117 914 2192 quidam
938 2119 1062 2178 circulus
1085 2108 1237 2190 zodiacus,
1266 2135 1331 2177 cum
1354 2119 1495 2178 consistat
1517 2114 1582 2195 ejus

234 2207 362 2264 essentia
385 2208 413 2262 in
436 2207 556 2284 energia
578 2217 607 2277 ct
630 2205 731 2269 veluti
744 2206 824 2264 fluxu
847 2206 1000 2285 flammeo,
1022 2206 1089 2265 binc
1111 2204 1152 2281 flt,
1176 2213 1208 2265 ut
1231 2208 1321 2264 totius
1339 2205 1451 2266 zodiaci
1467 2206 1582 2274 sensilis

233 2292 327 2367 figura
350 2292 481 2351 influat
474 2311 503 2350 ru
527 2292 615 2367 illam,
639 2310 738 2352 recens
761 2310 780 2351 a
801 2301 886 2369 partu
908 2297 1065 2365 incensam,
1089 2294 1177 2369 inque
1199 2294 1279 2376 illam
1302 2293 1443 2353 inolescat
1465 2289 1582 2370 penitus
1614 2290 1616 2293 ’

234 2378 333 2455 (ιιιΙι
356 2380 425 2440 licet
449 2390 514 2457 post
536 2390 637 2457 partus
660 2388 838 2442 momentum
866 2383 895 2438 iu
918 2380 978 2440 alia
1000 2381 1098 2440 omnia
1121 2389 1207 2441 eunte
1230 2388 1259 2440 et
1280 2377 1519 2459 transfigurato),
1551 2383 1582 2440 in

233 2467 289 2528 bac
312 2465 380 2526 idea
402 2468 520 2528 animali
543 2468 641 2528 circuli
663 2468 777 2526 zodiaci
807 2466 873 2527 loca
895 2470 994 2536 omnia
1021 2471 1132 2545 signet,
1165 2486 1241 2544 quac
1264 2468 1399 2544 planatae
1427 2470 1482 2528 sub
1505 2467 1580 2543 fixis,

233 2572 311 2632 quae
334 2564 423 2627 ortus,
448 2573 577 2628 occasus,
602 2563 658 2616 aut.
675 2554 801 2618 neutum
825 2555 899 2613 coeli
922 2557 1120 2615 obtinuerunt.
1165 2556 1239 2615 Prae
1259 2554 1379 2631 reliquia
1403 2572 1472 2615 vero
1495 2557 1582 2617 rebus

231 2645 434 2702 astronomicis
457 2644 547 2704 multo
571 2645 699 2722 maxima
720 2641 905 2702 necessitudo
929 2642 1080 2703 intercedit
1102 2642 1260 2703 harmoniis
1282 2642 1405 2702 radiosis
1428 2660 1493 2702 cum
1517 2652 1583 2703 ortu

231 2731 326 2805 primo
349 2731 572 2791 efformatione
594 2730 682 2806 hujus
705 2730 805 2789 vitalis
828 2732 856 2787 in
879 2730 995 2790 bomine
1009 2730 1168 2790 facultatis.
1214 2731 1349 2789 Diximus
1366 2732 1450 2804 enim,
1475 2723 1580 2806 quam·
1659 2746 1661 2750 ·

232 2817 305 2874 libet
327 2820 441 2878 animae
464 2819 634 2878 facultatem
657 2836 721 2878 csse
744 2815 890 2891 circulum,
914 2820 1027 2877 ratione
1050 2819 1208 2890 essentiae,
1235 2825 1267 2877 ut
1290 2819 1432 2889 essentia,
1455 2826 1488 2876 ut
1511 2834 1581 2878 vero
1651 2817 1654 2822 ’

233 2908 295 2978 agit
318 2905 428 2981 aliquid
453 2909 481 2963 in
505 2924 537 2965 sc
559 2909 653 2983 ipsam
676 2923 711 2964 cx
734 2907 881 2978 instinctu,
906 2914 938 2964 ut
960 2904 1072 2973 seilicet
1088 2912 1240 2982 comparat
1254 2905 1392 2964 circulum
1408 2922 1493 2964 suum
1516 2919 1583 2966 cum
1675 2911 1678 2918 ’

232 2991 367 3067 partibus
395 2994 475 3068 ejus,
505 3011 570 3054 esse
588 2994 763 3073 ⁴barmoniae
796 2992 1007 3069 arcbethioas.
1052 2991 1122 3052 Jam
1153 3010 1223 3051 vero
1245 2992 1369 3054 facultas
1393 2992 1492 3052 vitalis
1513 3000 1583 3053 tuuc

233 3081 337 3154 incipit
359 3098 455 3156 agere,
480 3092 549 3140 tuuc
572 3084 599 3138 iu
623 3090 720 3140 actum
742 3079 916 3156 perducitur,
941 3097 1006 3140 cum
1030 3098 1083 3156 per
1096 3089 1213 3158 partum
1235 3080 1430 3139 inflammatur
1451 3082 1530 3139 intus
1551 3082 1583 3139 in

233 3166 328 3226 cordis
351 3167 499 3244 lampade,
529 3172 571 3228 sic
594 3176 627 3226 ut
648 3171 702 3243 ipsi
726 3184 811 3243 porro
834 3170 872 3225 sit
895 3184 969 3243 opus
992 3169 1196 3243 respiratione,
1228 3170 1336 3248 quippe
1365 3166 1402 3225 ad
1425 3165 1582 3227 fovendam

232 3255 380 3313 flammam
404 3258 492 3315 vitae.
538 3254 662 3331 Quando
687 3258 774 3327 igitur
796 3256 898 3331 incipit
920 3272 984 3315 esse
1007 3255 1044 3328 id,
1069 3254 1148 3331 quod
1167 3262 1212 3314 est
1233 3261 1311 3324 tunc,
1335 3271 1400 3313 curu
1416 3253 1583 3314 harmonias

231 3341 447 3416 architectatur,
471 3351 541 3402 tuuc
556 3346 681 3401 maxima
697 3341 822 3400 in‘illam
835 3342 931 3400 influit
946 3342 1097 3401 harmonia
1111 3341 1425 3418 radiosa'plauetarum
1453 3341 1578 3401 sensilis.

321 3428 403 3488 Haec
426 3430 500 3490 adeo
523 3449 612 3490 causa
635 3438 688 3502 est,
712 3448 763 3489 cur
783 3431 834 3504 qui
858 3439 1017 3488 nascuntur
1039 3432 1094 3489 sub
1110 3438 1225 3507 tempus
1240 3428 1395 3488 multorum
1411 3436 1583 3505 aspectuum

234 3519 308 3573 inter
331 3518 481 3592 planetas,
513 3520 532 3575 ii
548 3519 725 3594 ‘plerumque
749 3525 777 3576 et
801 3518 938 3576 laboriosi
969 3516 1097 3576 evadant
1127 3527 1156 3576 et
1178 3517 1326 3588 industrii,
1356 3520 1419 3575 siva
1450 3516 1488 3574 ad
1511 3534 1583 3595 opes
1680 3506 1685 3517 ’

233 3604 424 3663 cumulandas
448 3605 514 3664 iude
537 3626 556 3665 a
577 3607 674 3682 pueris
697 3602 868 3677 assuefiant,
900 3605 970 3666 sive'
987 3623 1081 3665 rerum
1103 3605 1287 3679 publicarum
1315 3602 1513 3664 moderatores
1536 3604 1583 3665 vel

233 3693 295 3748 nati
324 3691 371 3750 vel
394 3692 496 3752 delecti
526 3693 646 3765 fuerint,
670 3710 722 3751 sen
751 3691 876 3767 denique
906 3693 935 3749 iu
964 3692 1062 3752 studia
1089 3693 1282 3753 incubuerint
1327 3690 1393 3766 Quo
1425 3693 1453 3748 ln
1477 3708 1584 3768 genere
1638 3717 1642 3723 ·

233 3780 312 3837 uitae
335 3782 360 3836 si
382 3782 427 3837 cui
453 3779 554 3838 videor
582 3797 636 3855 ego
664 3780 796 3855 exemplo
824 3797 889 3839 esse
918 3796 1023 3855 posse,
1054 3781 1080 3839 ei
1109 3782 1224 3856 genesis
1247 3795 1330 3838 meaa
1360 3780 1493 3839 notitiam
1524 3795 1584 3838 non
1668 3832 1670 3836 .

233 3866 336 3936 invidi,
371 3866 444 3925 libro
469 3868 504 3927 de
527 3866 620 3926 Stella
641 3867 727 3926 Noua
748 3865 798 3926 fol.
826 3868 865 3925 43
889 3871 1028 3938 (11.646),
1048 3885 1136 3944 quam
1160 3870 1248 3928 etiam
1270 3865 1326 3925 hac
1347 3868 1412 3925 vice
1435 3865 1581 3943 explicare

234 3953 418 4012 commodum
433 3955 528 4014 fuerit.
572 3953 740 4014 Jactautiae
756 3956 863 4013 crimen
877 3972 936 4012 nou
951 3971 1061 4029 moror3
1085 3957 1270 4016 criminentur
1286 3954 1355 4012 licet
1370 3955 1399 4022 ii,
1423 3957 1473 4029 qul
1489 3959 1582 4013 totum

233 4041 291 4099 boc
314 4044 479 4117 scriptionis
501 4059 594 4116 genus
609 4041 750 4101 stultitiae
767 4040 915 4114 damnant,
939 4058 990 4100 sen
1006 4044 1119 4102 ratione
1135 4061 1185 4102 seu
1204 4043 1281 4099 vitae
1298 4043 1439 4112 instituto,
1464 4040 1581 4114 idiotae,

233 4127 395 4199 semidocti,
420 4128 569 4187 titulorum
592 4138 621 4188 et
643 4129 827 4205 phalerarum
850 4128 887 4188 ad
910 4128 1051 4206 populum
1068 4127 1292 4190 dementandum
1307 4130 1471 4201 institores,
1496 4127 1583 4187 theo·

232 4215 295 4290 logi
319 4218 415 4286 etiarn,
440 4226 472 4274 ut
495 4216 582 4299 Picus
605 4216 744 4293 appellat,
767 4216 892 4292 plebeji;
915 4217 994 4291 apud
1019 4235 1103 4277 veros
1126 4210 1288 4293 sapientiae
1312 4223 1457 4299 amatores
1479 4214 1589 4291 cujus·-

234 4320 349 4378 cuuque
381 4302 488 4362 ordinis
520 4306 627 4363 crimen
658 4303 714 4363 boc
743 4303 829 4362 facilc
852 4303 945 4373 diluo,
978 4302 1103 4364 utilitate
1132 4304 1247 4364 lectoris
1271 4304 1343 4374 mci,
1373 4303 1443 4378 quia
1472 4301 1580 4361 nuliius

234 4407 329 4476 neque
353 4393 490 4468 genesin,
522 4410 617 4465 neque
647 4394 787 4450 internam
818 4393 906 4449 animi
931 4389 1152 4492 dispositionem
1182 4408 1275 4466 aeque
1299 4396 1377 4449 certo
1400 4388 1581 4464 exploratam

234 4477 341 4537 babeo
394 4477 512 4554 Jupiter
541 4481 629 4552 igitur
656 4480 845 4554 nonagesimo
874 4480 1023 4554 proximus
1059 4487 1185 4554 quatuor
1219 4477 1359 4555 gradibus
1393 4485 1583 4580 superaverat

234 4567 340 4622 trinum
363 4564 490 4633 Saturni,
514 4564 565 4625 Sol
589 4574 618 4625 et
642 4566 741 4626 Venus
760 4566 856 4641 juncti
879 4564 1047 4624 defluebant
1068 4567 1107 4624 ab
1130 4568 1203 4639 isto,
1227 4564 1416 4642 applicabant
1438 4562 1476 4621 ad
1498 4562 1581 4623 illium

233 4652 389 4727 utrobique
411 4654 572 4724 sextilibus,
597 4653 762 4713 defluebant
784 4661 814 4713 et
835 4670 854 4711 a
876 4651 1019 4729 quadrato
1035 4652 1149 4732 Martis,
1173 4653 1210 4713 ad
1226 4670 1313 4730 quem
1329 4649 1490 4710 Mercurius
1511 4668 1581 4729 pro-
1629 4708 1632 4712 .

232 4742 310 4798 xime
333 4739 516 4816 applicabat3
548 4740 631 4798 Luna
653 4740 690 4800 ad
712 4740 842 4816 ejusdam
865 4744 972 4798 trinum
996 4741 1071 4814 ibat,
1099 4740 1185 4800 oculo
1208 4740 1297 4798 Tauri
1319 4740 1469 4815 proxima,
1492 4740 1581 4809 atram

232 4829 261 4885 iu
285 4827 457 4901 latitudinc3
482 4829 629 4886 oriebatur
651 4834 750 4887 auteur
765 4827 827 4886 25⁰
842 4826 1041 4899 Geminorum,
1066 4828 1246 4888 culminabat
1262 4826 1326 4884 22⁰
1343 4826 1474 4900 Aquarii.
1512 4825 1581 4884 uu-

232 4914 339 4991 plioem
363 4915 619 4991 configurationem
643 4915 707 4990 ejus
729 4915 786 4975 diei
809 4915 960 4993 partilem,
985 4916 1118 4975 sextilem
1141 4916 1258 4974 Saturni
1281 4920 1309 4973 et
1332 4911 1425 4986 Solis,
1448 4912 1581 4973 sextilem

232 5000 320 5061 Jovis
344 5010 373 5060 et
396 5003 527 5073 Veneris,
552 5002 726 5078 quadratum
742 5003 876 5064 Mercurii
901 5012 930 5062 et
943 5002 1048 5064 Martis
1071 5002 1213 5081 prodebat
1235 5017 1324 5060 aurea
1346 5002 1488 5073 mutati03
1511 5017 1591 5061 nam-

232 5098 300 5165 post
322 5088 390 5164 gelu
412 5090 523 5148 dierum
546 5090 659 5166 aliquot
682 5108 717 5150 eo
740 5093 804 5168 ipso
827 5091 874 5151 dic
897 5099 982 5168 tepor
995 5099 1076 5149 ortus
1098 5090 1222 5166 glaciem
1238 5087 1336 5160 solvit,
1360 5088 1475 5165 pluuias
1492 5085 1579 5148 dedit

319 5176 421 5252 Neque
446 5184 542 5235 tamen
565 5178 621 5236 boc
644 5196 700 5238 uuo
724 5178 857 5253 exemplu
881 5196 983 5237 omnes
1006 5176 1218 5253 astrologorum
1242 5174 1425 5253 aphorismos
1445 5174 1580 5235 defensos

232 5271 261 5321 et
277 5265 462 5322 confirmatos
479 5265 556 5335 v,olo
579 5282 673 5341 neque
689 5266 771 5324 coelo
787 5266 1072 5324 nausscriborerum
1088 5264 1279 5323 humanarum
1294 5261 1503 5350 gubernacula,
1523 5263 1580 5321 im-

233 5368 318 5409 mane
342 5360 482 5428 quantum
505 5351 601 5411 adhuc
624 5355 708 5411 abest
730 5352 935 5428 philosophica
957 5352 1030 5410 baec
1053 5351 1219 5410 observatio
1244 5350 1280 5409 ab
1304 5349 1355 5407 illa
1371 5341 1504 5422 stultitia,
1527 5367 1580 5410 seu

233 5437 349 5495 malis
342 5442 484 5500 rusauiaru
509 5439 613 5499 dicere
659 5440 734 5497 Nam
758 5447 789 5496 ut
811 5439 899 5514 hujus
931 5437 1055 5513 exempli
1078 5440 1203 5513 vestigia
1226 5454 1370 5514 premam,
1401 5439 1470 5495 novi
1493 5436 1601 5497 femi-1

233 5543 301 5583 nam
324 5526 425 5584 iisdem
450 5544 523 5602 pene
547 5535 645 5585 natam
668 5528 850 5601 aspectibus,
881 5527 1093 5599 inquietissimo
1117 5542 1187 5585 sane
1211 5527 1342 5599 ingenio,
1365 5523 1417 5583 sed
1439 5539 1498 5597 ιιι
1520 5541 1580 5595 ιιι

233 5622 347 5672 tautum
368 5614 439 5672 uibil
462 5612 576 5690 proficit
597 5616 626 5672 iu
647 5614 739 5675 literis
761 5612 835 5696 (nou
859 5616 962 5672 mirum
984 5613 1041 5679 boe
1063 5620 1108 5676 est
1129 5615 1159 5674 in
1181 5613 1328 5696 leuius),
1345 5611 1399 5673 sed
1421 5614 1509 5688 ctiam
1531 5620 1581 5686 to-¹
