3684 7259
302 1209 365 1283 Μ
474 1233 478 1241 “
685 1214 727 1271 De
744 1214 867 1273 Motibus
884 1212 1060 1269 Plinetmum
1077 1203 1268 1270 lltrmonicla.¹
1327 1237 1331 1246 ·

280 1396 457 1455 'mshmtm
488 1392 527 1454 ah
550 1395 585 1452 tis
608 1392 764 1453 immunita
778 1406 829 1472 per
843 1390 1066 1471 adscriptionem
1083 1392 1262 1466 tirmriorum,
1285 1389 1337 1452 sed
1352 1390 1448 1452 adhuc
1469 1385 1550 1451 nulio
1574 1400 1651 1451 certo

301 1477 592 1543 mutherovuttnm
615 1480 653 1540 ad
675 1482 804 1557 qumque
826 1477 951 1555 solidas3
974 1480 1021 1539 hio
1044 1483 1073 1539 st
1094 1491 1231 1558 numerus
1253 1489 1404 1559 corporum
1428 1488 1456 1539 ιι
1479 1478 1653 1540 intervallo-

302 1588 366 1630 rum
301 1491 556 1646 11Μὀιιιιιςιιίιιιιιο
586 1586 676 1647 prope
706 1587 776 1628 vera
801 1567 939 1646 patebat,
969 1567 1044 1626 adeo
1073 1578 1104 1625 ut
1132 1583 1220 1645 super
1248 1566 1362 1644 reliqua
1390 1565 1586 1647 discrepantia
1614 1567 1652 1625 ad

203 1705 208 1714 .
296 1658 497 1737 ,nhunnmiaa
517 1653 727 1735 perlectionem
750 1653 937 1734 appellarem.
984 1650 1118 1713 Perfecta
1141 1651 1262 1714 initials
1286 1656 1327 1714 20
1350 1658 1434 1714 annia
1457 1657 1651 1727 ethonomia3

301 1742 342 1805 ιιι.
350 1749 421 1805 eece
443 1742 541 1803 adhuc
555 1738 711 1803 intervalia
726 1741 964 1821 diamepahanta
984 1734 1085 1817 figuris
1106 1740 1218 1813 solidis,
1241 1742 1365 1803 necdum
1377 1747 1487 1817 causae
1507 1739 1653 1821 patebant

301 1832 550 1893 munimntum
579 1829 817 1907 haeqnahssnne
849 1828 1067 1892 distributurum
1101 1829 1176 1889 inter
1201 1829 1344 1907 planetas.
1388 1827 1507 1890 Scilicet
1536 1832 1566 1888 in
1596 1825 1653 1888 hac

303 1918 405 1987 mnndi
427 1916 514 1977 domo
537 1919 714 1994 apamenam
736 1917 777 1975 hil
802 1916 862 1975 nisi
888 1933 977 1989 saxa,
1008 1914 1120 1975 ιιιιιιιιι
1150 1916 1351 1993 elegantioris,
1381 1915 1433 1978 sed
1466 1930 1543 1993 qnae
1573 1896 1652 1975 suxis

247 2054 250 2061 .
305 2009 485 2079 conveniret,
507 2008 635 2081 ignarus,
660 2004 857 2065 Architectum
880 2004 932 2062 illa
954 2003 1073 2062 finxisse
1095 2005 1125 2062 iu
1148 2005 1415 2064 articulatissimam
1437 2001 1564 2082 effigiem
1587 2005 1653 2062 anl-

302 2095 374 2154 mati
397 2094 534 2171 eorporis
578 2089 626 2152 lta
647 2090 799 2170 paulatim,
823 2092 869 2150 his
891 2092 1061 2169 praesertim
1086 2087 1237 2172 ultimist
1261 2091 1498 2163 conterentem
1520 2089 1559 2151 ad
1582 2091 1653 2150 har-

301 2182 445 2252 monias,
464 2177 586 2239 meantis
608 2181 685 2240 cirea
705 2180 826 2238 mhrima
848 2178 949 2256 liguris
980 2177 1096 2250 ιοιιιιι,
1129 2194 1193 2237 curn
1217 2182 1287 2255 qnia
1309 2178 1377 2239 tilae
1399 2181 1518 2239 stabant
1541 2195 1560 2239 a
1582 2193 1653 2256 par-

302 2268 382 2328 tibus
408 2268 532 2341 ibrmae,
567 2276 656 2343 quain
685 2266 789 2325 nitims
817 2277 920 2325 manus
948 2266 1124 2343 inponeret,
1153 2264 1264 2343 figurae
1295 2285 1313 2324 a
1343 2269 1479 2339 matoria,
1513 2279 1588 2346 quae
1623 2268 1653 2325 in

304 2354 415 2415 mundo
438 2362 482 2414 eat
503 2361 640 2413 numerus
661 2361 815 2430 corporum
837 2362 867 2412 et
888 2354 1050 2440 spatiormu
1074 2353 1153 2412 rudis
1176 2351 1354 2431 amplitudo,
1385 2362 1446 2413 turn
1470 2353 1559 2413 etiam
1582 2353 1653 2431 quia

303 2442 374 2518 illae
397 2442 508 2501 dabant
527 2441 774 2516 eceentrinitatcs,
803 2456 877 2516 quas
900 2440 956 2500 hae
977 2451 1015 2499 ne
1037 2436 1257 2516 pollicebantur
1280 2436 1413 2517 quidam3
1443 2437 1513 2500 iliae
1541 2440 1655 2520 scilicet

304 2547 424 2603 nasum,
454 2528 556 2588 oculos
586 2536 615 2589 et
644 2528 757 2603 reliqua
784 2529 914 2587 membra
938 2526 1135 2587 conciliabant
1156 2537 1286 2603 statuae,
1317 2523 1576 2589 cantumerulam
1600 2544 1654 2589 ex·

305 2617 419 2677 beluam
440 2614 521 2675 mois
543 2625 659 2675 messae
683 2616 877 2691 quantitatem
898 2616 1154 2693 praescripserant.

392 2704 490 2779 Quare
511 2705 588 2762 sicut
609 2709 706 2778 nsque
729 2715 850 2778 corpora
869 2701 1053 2779 animantum
1075 2710 1142 2762 suat
1164 2691 1453 2778 terminarentur
1476 2699 1569 2762 moles
1590 2697 1655 2762 fieri

303 2791 381 2852 solet
402 2790 441 2851 sti
462 2799 595 2849 normam
616 2801 720 2867 pnram
741 2788 866 2866 alicuius
887 2766 997 2866 iigirae
1019 2792 1230 2866 geometricae,
1263 2788 1315 2849 sed
1338 2790 1494 2865 derogatur
1516 2796 1654 2849 externae
1727 2821 1746 2855 ·,

303 2878 415 2957 nmine
447 2876 590 2937 rotundae
620 2878 808 2954 quamumois
837 2875 964 2953 eleganti
990 2877 1138 2971 (manente
1172 2882 1268 2936 tamen
1295 2876 1376 2952 justa
1398 2874 1483 2937 molis
1504 2878 1655 2955 magnitn-
1676 2949 1679 2957 Ι

305 2966 403 3046 dine),
425 2972 458 3024 ut
479 2969 584 3044 hospes
605 2976 717 3042 nugam
738 2966 819 3023 vitae
840 2963 1015 3036 neccssaria,
1036 2961 1151 3023 aarum
1156 2974 1227 3024 veto
1251 2961 1375 3040 eiiigiem
1398 2957 1556 3024 animantis
1578 2978 1656 3023 nan-
1713 3024 1716 3029 ,

305 3054 376 3113 cisni
411 3053 519 3130 possit:
560 3054 603 3111 sic
632 3050 721 3111 etlam
750 3053 924 3129 proportio,
950 3060 1037 3126 quem
1070 3045 1189 3111 urbibus
1223 3049 1393 3128 planetariis
1424 3053 1655 3129 praescripturus

183 3131 191 3172 ⁹·
304 3147 391 3201 erant
412 3139 523 3216 iigtrrae
546 3137 668 3212 solidae,
691 3148 736 3198 nt
739 3139 865 3197 inferior
887 3147 916 3197 et
940 3146 1051 3197 tantum
1075 3147 1180 3215 corpus
1203 3141 1414 3216 materiemque
1437 3146 1581 3217 spectans,
1607 3157 1655 3199 ce-

304 3227 376 3310 dere
392 3226 500 3287 debuit
522 3226 691 3301 harmoniis,
713 3222 855 3302 ausorum
877 3225 943 3300 ejns,
965 3234 1029 3284 erat
1044 3237 1162 3286 nemeae
1176 3224 1220 3285 ad
1238 3226 1302 3301 hoo,
1326 3235 1359 3285 ut
1381 3234 1459 3286 stare
1482 3225 1550 3287 ilias
1570 3227 1657 3303 juxta

305 3302 477 3391 motumque
498 3313 653 3391 globorum
676 3324 815 3373 exomare
836 3320 967 3389 possent

311 3430 315 3439 ι
395 3400 528 3461 Alterum
549 3400 784 3479 epiphonematis
807 3398 985 3472 membrum,
1009 3398 1045 3459 de
1069 3399 1226 3460 harmoniis
1249 3398 1476 3476 universalibus,
1499 3403 1655 3477 cognatam

306 3490 396 3567 plinii
416 3490 619 3565 probationem
635 3489 732 3547 habel.
779 3495 872 3558 (Supra
884 3505 956 3543 num,
971 3491 1003 3547 ι8
1022 3496 1086 3543 mter
1102 3497 1230 3545 axiomata
1246 3502 1386 3545 assumtum
1407 3510 1439 3545 ax
1456 3499 1544 3567 parta.)
1579 3483 1656 3547 Nam

303 3575 352 3634 iiii
380 3578 480 3653 potius
506 3575 628 3637 debetur
652 3564 787 3658 suprema
814 3574 907 3634 veluti
936 3575 1120 3652 perfectionis
1144 3593 1265 3652 manus,
1304 3576 1382 3655 quod
1421 3579 1513 3653 magis
1544 3575 1655 3654 perlicit
1735 3588 1738 3593 ’

224 3685 226 3693 ’
306 3662 462 3739 ιιιιιιιιιιιιιι;
495 3663 538 3722 illi
559 3665 624 3733 rice
647 3677 733 3724 versa
755 3660 955 3739 derogandam
977 3660 1015 3743 (si
1037 3662 1236 3740 demgandum
1259 3662 1418 3743 alterutri),
1450 3662 1529 3741 quod
1552 3669 1655 3741 poste-

303 3751 399 3812 lrlor'es
421 3751 469 3810 ltin
490 3758 589 3826 partos
610 3758 698 3810 tenet.
743 3750 783 3808 At
803 3750 898 3827 magis
920 3749 1061 3809 mundum
1082 3751 1194 3827 perficit
1216 3749 1392 3811 universalis
1415 3750 1567 3811 harmonia
1591 3765 1655 3810 om-

306 3840 408 3913 ιιιιιιιι,Ι
434 3851 523 3915 qnam
552 3837 716 3915 ‘singulares
746 3837 880 3896 binorum
910 3845 941 3897 et
969 3837 1102 3897 hinorum
1124 3839 1286 3899 vicinorum
1315 3841 1460 3916 geminae.
1503 3839 1556 3899 Est
1580 3839 1656 3900 enirn

302 3926 460 3986 'ltarrnnnia
481 3925 628 4001 quaedam
650 3926 771 3985 nrn'iatia
792 3926 883 4000 ratin3
911 3927 1006 4003 magis
1028 3926 1119 4002 igitur
1140 3926 1213 3985 uniti
1237 3931 1320 3999 surii,
1343 3930 1368 3985 si
1391 3939 1493 3987 omnes
1516 3925 1604 3985 dmul
1626 3927 1656 3983 in

305 4025 405 4087 mam,
429 4016 565 4090 quamsi
588 4009 782 4089 maluntque
803 4012 925 4072 seorsim
948 4015 978 4071 in
1000 4012 1086 4071 hines
1109 4017 1275 4091 conspirent
1298 4005 1473 4073 harmonias.
1505 4011 1603 4089 Quare
1626 4013 1655 4070 in
1703 4045 1707 4056 ·

308 4100 445 4161 conflictu
467 4101 654 4178 utramque
674 4099 780 4159 eedem
802 4097 966 4159 debuerunt
988 4109 1023 4160 etr
1046 4100 1122 4159 binis
1139 4102 1270 4161 hinomm
1293 4097 1475 4178 planetarum
1499 4100 1656 4161 alterutrae

304 4186 486 4267 singulares,
517 4192 550 4247 ut
571 4193 648 4248 stare
669 4193 791 4266 possent
811 4183 993 4252 uniuersales
1016 4189 1153 4247 omnium.
1174 4227 1177 4234 ·
1198 4183 1302 4248 Potius
1326 4196 1423 4249 autem
1447 4188 1587 4265 majores,
1611 4187 1657 4250 di·

304 4276 493 4352 'rergmtium
522 4281 668 4348 motuum,
699 4273 801 4334 cedere
831 4274 1008 4348 debuerunt,
1038 4291 1125 4351 qnam
1154 4277 1298 4351 minores,
1330 4278 1579 4350 eonvergentium.
1625 4272 1656 4335 Si
1696 4343 1698 4347 .

308 4365 402 4425 euim
415 4359 574 4439 dirergrmt
603 4363 662 4443 illi,
689 4370 825 4439 spectant
855 4363 944 4438 igitur
972 4317 1011 4422 ad
1040 4360 1174 4440 planetas
1196 4375 1253 4423 non
1276 4363 1363 4440 bigae
1390 4364 1573 4442 propositae,
1605 4362 1657 4423 seri

310 4451 385 4512 alios
406 4451 538 4524 rinnos,
568 4458 597 4509 et
618 4451 658 4509 si
666 4458 846 4525 convergunt
869 4449 917 4523 hi,
948 4458 1073 4527 vergunt
1094 4452 1183 4528 igitur
1204 4451 1371 4511 alterutrius
1398 4451 1539 4534 planetae
1558 4458 1656 4510 motus

302 4537 349 4599 “ad
370 4535 475 4614 reliqui
496 4543 617 4612 mnium,
638 4539 840 4615 permutatim:
870 4544 904 4596 nt
925 4539 956 4595 in
980 4536 1049 4614 higs
1063 4534 1158 4598 doris
1182 4547 1211 4599 et
1233 4535 1337 4598 Martis
1361 4530 1439 4598 illius
1462 4536 1597 4614 apheliua
1620 4528 1657 4596 ad

311 4625 486 4707 Saturnum,
509 4625 596 4701 hujus
618 4623 775 4700 periheiins
798 4624 836 4684 ad
858 4623 1006 4684 Tellurem
1028 4625 1139 4703 tergit3
1169 4634 1200 4686 ιιι
1221 4625 1300 4685 titius
1321 4624 1481 4705 perihoiius
1503 4627 1601 4702 vergit
1622 4622 1660 4683 ad

310 4690 451 4785 iissem,
480 4712 569 4790 hujus
596 4711 730 4789 nphenm
760 4711 798 4771 ad
827 4708 1103 4771 insomniorum
1133 4714 1222 4790 igitur
1251 4713 1404 4773 harmonia
1425 4711 1497 4773 Jovi
1519 4719 1549 4773 ai
1571 4712 1660 4771 Marti

308 4802 406 4877 magis
425 4803 473 4860 eti
488 4801 628 4878 p3roptia
643 4798 776 4872 illorum,
800 4799 1021 4876 divergentium,
1043 4787 1196 4860 harmonia
1219 4800 1331 4861 adore
1353 4807 1383 4861 at
1398 4797 1492 4859 llarte
1515 4797 1659 4876 quodam

304 4887 400 4949 'modo
420 4894 467 4948 est
488 4888 620 4947 alienior.
643 4885 742 4946 Minus
757 4894 856 4947 autem
877 4885 1049 4947 laedebatur
1071 4890 1186 4947 unionis
1209 4889 1294 4963 ratio,
1317 4903 1394 4964 qnae
1417 4888 1501 4948 binos
1524 4894 1554 4947 et
1575 4887 1660 4947 binos

307 4965 426 5038 ricinos
448 4973 584 5052 colligat,
615 4976 640 5033 el
662 4974 783 5035 abanim
803 4984 835 5035 et
854 4976 994 5033 remotior
1016 4974 1061 5033 ab·
1077 4976 1112 5033 its
1135 4975 1289 5036 harmonia
1310 4976 1547 5050 fermentaretur,
1572 4989 1659 5053 quam

237 5136 239 5140 y
305 5066 341 5123 uti
358 5055 487 5141 piopris,
510 5072 587 5139 quaa
610 5069 650 5128 su,
674 5072 719 5124 est
741 5064 816 5137 inter
830 5064 991 5121 vicinorum
1014 5056 1196 5139 planetarum
1210 5072 1308 5123 motus
1330 5066 1425 5141 magis
1447 5065 1569 5122 vicinos.
1599 5061 1661 5123 Ne·

310 5160 371 5228 nus
394 5158 491 5211 umen
513 5149 600 5210 valtis
622 5163 730 5228 magna
753 5150 806 5208 init
827 5149 901 5209 haec
928 5149 1121 5210 fermentatio.
1165 5149 1291 5211 inventa
1314 5152 1392 5211 enim
1413 5157 1458 5210 est
1479 5152 1572 5224 ratio,
1602 5167 1661 5227 qua

313 5246 344 5299 ui
365 5246 477 5318 starem
498 5237 668 5299 harmoniae
690 5236 871 5297 universales
888 5239 1016 5298 omnium
1037 5236 1223 5313 planetarum
1240 5240 1352 5315 eaeque
1368 5237 1569 5303 uisnuctorum
1586 5236 1660 5297 dno-

239 5377 243 5382 .
314 5323 377 5385 rum
399 5339 546 5403 generum,
570 5332 601 5387 et
622 5341 688 5385 cum
704 5324 804 5403 aliqua
826 5324 967 5385 tensionis
983 5324 1146 5395 latitudine,
1163 5339 1239 5402 qnae
1256 5326 1360 5386 saltem
1376 5333 1489 5389 comma
1509 5332 1660 5403 aequaret,

262 5443 271 5464 ι
315 5420 345 5473 ἰι
366 5412 529 5491 singulares
550 5416 639 5473 etiam
661 5413 794 5473 hinorum
810 5413 973 5473 vicinorum
996 5413 1082 5473 binae
1098 5419 1309 5503 assmereutur3
1332 5414 1570 5490 contengentium
1594 5415 1661 5491 qui·

316 5499 381 5560 dem
403 5512 535 5561 ιιυιιιιιιιι
556 5503 585 5560 in
609 5507 736 5578 quatuor
756 5502 841 5577 bigis,
864 5500 1026 5577 periectas,
1049 5497 1261 5577 apheliotum
1253 5519 1281 5560 ιιι
1306 5517 1380 5575 una,
1403 5499 1609 5577 partheniorum
1631 5503 1662 5560 in

314 5584 439 5663 duabus,
464 5587 564 5647 itidem
586 5589 745 5667 panaciam
769 5588 982 5691 divergentium
1005 5603 1074 5649 vero
1097 5590 1126 5647 in
1141 5597 1267 5665 quatuor
1289 5589 1374 5665 bigis,
1397 5589 1471 5648 inira
1493 5586 1661 5667 discrepam

317 5674 388 5734 tiam
410 5676 497 5735 unius
519 5674 643 5780 dieseos,
666 5670 813 5736 intervalli
834 5676 955 5750 minimi,
979 5682 1119 5753 quantum
1141 5677 1270 5736 humana
1293 5693 1350 5736 vox
1373 5676 1403 5735 in
1426 5682 1514 5737 cautu
1533 5674 1660 5753 'figmata
