3684 7259
291 1231 332 1295 53
665 1222 807 1295 Epistoiae
824 1220 936 1295 Kepleri
951 1213 1118 1296 uiimnquo
1135 1228 1245 1281 mutuae

377 1407 477 1456 interim
494 1406 582 1455 iterum
599 1404 632 1455 D.
650 1402 681 1451 v.
699 1404 793 1463 gratiss
810 1404 888 1454 refero
905 1418 950 1468 pro
969 1400 1105 1467 exemplari
1122 1403 1250 1467 Epitomes
1274 1404 1302 1455 in
1319 1399 1480 1465 (lepernioam
1497 1401 1633 1468 Spbsarsm

290 1478 353 1528 milri
369 1477 525 1542 trmsmisso,
548 1475 616 1540 quod
633 1473 732 1523 cuidam
755 1474 835 1522 amico
852 1475 986 1524 Patavium
1006 1478 1059 1537 ism
1076 1476 1145 1537 misi;
1171 1488 1265 1538 quaese
1282 1472 1352 1524 alind
1374 1473 1437 1523 mibi
1454 1474 1578 1542 remittat,
1604 1480 1634 1526 ut

280 1549 402 1598 Romano
420 1546 513 1612 amico,
531 1545 575 1609 qui
594 1558 670 1609 quam
686 1545 795 1593 maxime
814 1544 949 1610 desiderat,
968 1547 1062 1607 possim
1080 1546 1259 1595 communicare
1277 1550 1446 1608 perpessam.

358 1614 446 1664 Valeat
462 1615 494 1664 ad
512 1612 603 1663 multos
621 1628 699 1663 annos
715 1611 848 1663 incolumis
866 1615 899 1667 D.
919 1616 949 1665 V.
967 1612 1019 1675 Gi,
1042 1629 1096 1664 mea
1113 1629 1189 1677 opera
1212 1615 1412 1679 quandocunque
1439 1619 1464 1663 et
1481 1614 1583 1665 ubieum
1602 1627 1634 1665 ne
1683 1637 1689 1650 ·

289 1685 392 1737 libuerit
409 1690 503 1747 utatur,
522 1697 617 1746 semper
634 1685 699 1732 enirn
717 1685 902 1746 paratissimum
919 1699 960 1733 me
977 1686 1088 1747 reperiet.
1123 1685 1221 1734 Dabam
1238 1685 1351 1734 Viennae
1373 1682 1398 1733 d
1416 1678 1458 1735 15.
1477 1685 1537 1737 Juu.
1556 1630 1633 1737 ielis

376 1752 458 1803 Multa
472 1751 593 1820 Keplerns
612 1756 663 1815 egit
680 1767 736 1802 cnm
754 1753 935 1803 Vincentio
953 1750 1100 1805 Blancbo
1116 1769 1161 1817 par
1171 1752 1258 1804 literas
1275 1756 1307 1803 ab
1325 1765 1391 1802 aune
1411 1749 1478 1807 1615
1496 1756 1523 1804 iu
1540 1768 1634 1805 annum

293 1820 373 1885 162ος
392 1822 441 1873 rel.
458 1824 501 1874 111.
519 1836 545 1885 p.
563 1820 616 1876 eie
633 1822 775 1885 exliepleri
794 1823 900 1885 epistola
917 1829 1013 1886 partam
1031 1827 1205 1887 excerpsimus.
1224 1838 1275 1887 qua
1292 1826 1366 1874 reteri
1380 1822 1522 1890 Vincentio,
1541 1827 1634 1890 quibus

290 1896 370 1944 causis
389 1893 523 1962 impeditus
540 1898 607 1943 stare
623 1908 674 1943 non
691 1894 800 1955 potnerit
817 1896 946 1955 promissis
965 1890 1059 1956 (eadem
1078 1894 1128 1944 iere
1146 1900 1213 1958 suut,
1233 1907 1299 1958 qnae
1315 1893 1459 1955 liingenius
1476 1908 1557 1958 supra
1570 1909 1635 1960 que·

287 1963 368 2027 ritus),
386 1961 480 2013 seilicet
499 1963 602 2012 edendis
620 1963 827 2026 premeridibns
845 1970 870 2012 et
887 1963 990 2013 Tabulis
1009 1962 1187 2031 lindolphinis,
1214 1970 1239 2013 et
1256 1962 1341 2030 quails
1358 1964 1410 2012 sint
1426 1963 1525 2027 madia,
1541 1959 1635 2029 qu'ibns

288 2031 430 2084 delectetur.
465 2034 555 2092 iiegna
570 2047 628 2096 pers
646 2031 808 2095 epistolarum
827 2032 960 2096 chplero
979 2039 1004 2083 et
1020 2033 1131 2084 lilanclro
1149 2036 1263 2084 datarum
1281 2033 1389 2096 pertinet
1406 2033 1438 2082 ad
1450 2025 1636 2097 llpbssnerides,

287 2101 339 2154 alis
355 2101 430 2167 plane
447 2102 581 2166 rejicienda
598 2108 644 2168 eat,
663 2115 726 2164 eum,
744 2104 881 2165 praecipue
899 2102 1020 2166 epistolae
1036 2103 1157 2165 Illancbi,
1175 2118 1241 2153 mere
1260 2101 1406 2164 astrologica
1423 2106 1518 2153 somnis
1535 2099 1634 2156 referat.

287 2172 402 2224 usuum
417 2188 475 2237 pars
492 2174 580 2224 harum
598 2171 769 2238 epistolarum,
786 2178 905 2239 ternpore,
924 2187 975 2239 qno
992 2176 1060 2236 typis
1078 2175 1247 2225 excudebatur
1264 2174 1408 2223 Harmonia
1430 2179 1455 2223 et
1471 2188 1523 2238 quo
1540 2173 1635 2238 Keple-

287 2257 329 2294 rm
347 2244 563 2307 eircnmspiciebat
582 2249 686 2294 emtores
703 2240 772 2309 libri,
791 2245 946 2307 scriptarum,
963 2246 1066 2308 propius
1084 2244 1425 2305 argumentnmtllarmoniae
1443 2245 1635 2314 attinet,quare

286 2313 329 2364 bie
345 2314 477 2364 inserenda
494 2317 539 2365 est.
574 2312 625 2363 His
642 2327 722 2375 pauca
738 2313 921 2376 praemittenda
944 2320 1002 2363 suut
1024 2315 1055 2363 de
1072 2313 1181 2364 Blanclro
1206 2317 1309 2379 eiusque
1325 2314 1377 2362 sita
1400 2318 1425 2362 et
1443 2314 1542 2365 studiis.
1577 2313 1636 2377 Ipse
1704 2333 1707 2338 ·

286 2381 392 2449 Koplare
410 2387 510 2433 narrat:
537 2381 603 2444 „llos
620 2382 732 2447 qnotidie
749 2385 841 2443 gratias
860 2383 915 2437 Dee
932 2384 963 2436 0.
981 2384 1017 2436 li.
1035 2386 1146 2450 agimus,
1171 2385 1239 2450 quod
1257 2398 1288 2433 ex
1306 2384 1410 2447 antiqua
1428 2388 1453 2431 et
1471 2386 1580 2448 squeetfl
1597 2387 1636 2434 ta·

286 2452 357 2503 milia
375 2456 423 2503 orti
441 2455 528 2518 simus,
546 2467 612 2517 quae
634 2468 665 2503 ex
682 2451 820 2515 privilegiis
837 2460 890 2502 tum
908 2454 1093 2519 Imperatorum,
1112 2458 1164 2503 tum
1183 2468 1335 2504 summorum
1352 2452 1501 2503 Pontificum
1520 2469 1636 2505 eoronam

288 2538 364 2587 snper
381 2523 507 2586 gentilitia
525 2537 570 2573 sus
587 2538 655 2573 arma
671 2527 760 2587 gestat,
778 2525 810 2573 ob
829 2517 982 2578 dominatum
1000 2525 1043 2575 din
1061 2527 1222 2587 amatoribus
1244 2526 1335 2573 nostris
1352 2522 1464 2573 habitum
1481 2526 1637 2589 quorundam

285 2593 397 2644 iocorum
414 2600 439 2644 et
452 2598 574 2643 terrarum
599 2592 687 2644 ltaliae
710 2598 735 2643 et
757 2599 826 2644 extra
846 2592 953 2643 ltaliam
990 2592 1099 2644 Comites
1124 2609 1223 2660 qnoque
1241 2592 1352 2644 Palatini
1375 2594 1424 2642 orti
1445 2597 1546 2644 sumus¹⁸
1573 2593 1637 2661 (alio

286 2661 342 2715 loeo
360 2665 459 2715 scribit:
477 2664 540 2713 baec
559 2691 587 2703 -
607 2663 765 2714 nativitatem
786 2677 856 2712 suam
874 2691 908 2701 -
926 2666 971 2730 qui
988 2663 1114 2729 implorat,
1132 2663 1220 2715 Comes
1246 2668 1283 2715 eet
1302 2661 1419 2720 Aleraui.
1438 2665 1486 2730 *qui
1505 2662 1565 2714 olim
1583 2665 1637 2714 Lu-

286 2736 362 2784 tettae
379 2736 475 2797 primns
492 2735 541 2784 tuit
557 2732 697 2796 theologiae
715 2731 840 2794 professor
856 2732 931 2795 Regis
949 2733 1051 2784 ilenrici
1068 2735 1111 2783 iv.
1136 2727 1232 2799 quique
1259 2732 1339 2783 multa
1363 2744 1408 2794 pro
1434 2732 1566 2796 republica
1580 2749 1638 2797 ges·

286 2805 336 2865 siti,
360 2817 432 2865 „cum
450 2803 623 2865 sigismundus
640 2805 778 2865 imperator
800 2806 878 2853 totius
895 2810 995 2855 nostrae
1018 2803 1131 2854 familiae
1155 2802 1282 2866 legitimos
1306 2801 1483 2854 descendentes
1504 2806 1533 2853 in
1549 2819 1637 2868 perpe·

286 2880 357 2924 baum
374 2875 519 2937 brrjmmedi
536 2874 612 2925 titulo
629 2875 791 2925 decoraverit.
826 2874 876 2925 Sed
894 2880 919 2924 et
936 2873 1024 2925 (lomes
1037 2873 1140 2924 Aleraui
1158 2889 1203 2935 ego
1223 2877 1289 2925 idem
1308 2888 1364 2923 sum
1380 2887 1412 2923 ex
1429 2875 1578 2926 investitura
1589 2874 1637 2925 (ls-
1746 2877 1749 2882 '

287 2943 335 2993 reli
352 2945 396 2997 lv.
432 2944 532 2994 Perreri
549 2945 576 2993 in
594 2943 703 2995 Galliam
729 2950 754 2993 et
770 2958 840 2994 anuo
864 2941 896 2998 21
916 2946 1008 2994 aetatis
1024 2946 1110 2994 meae“
1130 2939 1228 3008 (ustum
1251 2956 1277 2992 se
1295 2944 1370 2994 reiert
1392 2939 1434 2995 14.
1452 2941 1549 2994 Martio
1569 2942 1638 2999 1583

287 3014 409 3073 venetiis)
429 3014 595 3076 „theologiam
613 3014 716 3064 Parisiis
738 3013 839 3076 publice
857 3015 982 3077 protessus
999 3029 1065 3063 sum:
1092 3027 1142 3063 uon
1161 3020 1280 3078 quaestu,
1306 3026 1357 3062 nen
1374 3009 1567 3079 largitionibus,
1586 3029 1637 3063 non

289 3097 334 3147 spe
351 3082 457 3146 alicujus
475 3086 519 3150 rei,
538 3084 582 3133 sed
600 3083 654 3134 aeia
671 3081 855 3133 adolescentiae
873 3090 950 3149 atque
968 3084 1031 3134 adeo
1049 3084 1157 3136 nominis
1169 3083 1256 3145 gloria.
1285 3084 1345 3133 idox
1360 3097 1378 3131 a
1390 3081 1459 3144 Rege
1471 3083 1580 3134 ilenrico
1591 3085 1637 3136 iv.

286 3153 375 3203 niens
398 3167 457 3203 suus
481 3167 660 3220 supremusque
682 3155 807 3216 professor
828 3153 969 3205 declaratus
995 3159 1020 3205 et
1037 3168 1113 3219 eques
1137 3155 1232 3204 ordinis
1250 3154 1276 3205 8.
1294 3152 1425 3203 biicbailis
1447 3157 1546 3203 oramus
1573 3169 1638 3209 suus.

288 3220 361 3273 Alias
377 3224 519 3286 principum
535 3222 608 3274 sulas
625 3225 700 3273 inrisi
721 3223 905 3288 celebrioraque
922 3226 1037 3287 Europae
1059 3226 1189 3286 annuis
1208 3225 1285 3276 adiri.
1320 3223 1392 3273 Nunc
1414 3224 1549 3285 lupatria
1571 3228 1636 3278 rasi·

287 3292 334 3344 deo
361 3295 394 3344 ab
412 3296 482 3344 omni
499 3292 602 3358 publica
618 3307 678 3344 curs
695 3299 720 3345 et
735 3296 770 3343 ab
788 3297 856 3344 omni
872 3309 954 3345 rerum
971 3296 1137 3345 humanarum
1153 3296 1290 3345 ambitione
1301 3291 1408 3360 alienus,
1425 3293 1537 3343 intentus
1555 3294 1636 3347 solum

276 3363 313 3412 .in
330 3365 392 3414 meis
410 3364 514 3429 studiis,
539 3377 583 3426 pro
601 3365 693 3430 quibus
711 3360 793 3414 cetera
810 3379 905 3427 semper
923 3370 1070 3428 aspernatus
1087 3379 1150 3415 sum.
1186 3365 1323 3429 Existimo,
1346 3378 1409 3429 quae
1426 3363 1556 3429 bucusque
1574 3366 1636 3433 dixi,

287 3432 408 3484 haetenus
434 3433 486 3484 iore
503 3449 548 3497 pro
566 3439 612 3483 tna
629 3434 659 3484 de
678 3449 717 3483 me
734 3436 840 3499 notitie3
865 3449 926 3484 nam
943 3438 966 3484 si
983 3434 1083 3496 longius
1100 3435 1271 3498 procederem,
1288 3434 1426 3483 modestiae
1443 3434 1505 3483 dues
1523 3435 1636 3485 suasu

288 3503 438 3554 acedmem.
474 3504 543 3555 Scies
561 3518 617 3567 ergo
635 3507 662 3554 in
679 3508 818 3568 posterum,
842 3519 900 3555 cum
917 3520 967 3570 qno
985 3509 1013 3554 tu
1032 3519 1083 3554 rem
1100 3518 1183 3567 geres;
1205 3517 1286 3570 usque
1307 3505 1374 3553 enirn
1390 3504 1414 3552 is
1441 3506 1478 3552 est
1495 3503 1568 3553 homo
1590 3507 1636 3555 ob-

289 3586 375 3623 scurus
393 3579 418 3623 et
434 3575 577 3637 gregarius,
603 3574 647 3623 sed
664 3573 745 3624 nobili
762 3588 851 3635 genere
867 3580 942 3623 natus
960 3569 985 3626 et
1002 3575 1108 3624 duarum
1125 3574 1215 3624 ltaliae
1231 3574 1422 3639 praecipuarum
1439 3573 1570 3623 civium
1587 3589 1649 3640 ριν,

286 3644 397 3694 tricins¹‘.
432 3644 525 3694 lisdem
537 3642 750 3706 appellationibus
767 3659 793 3693 se
813 3645 882 3693 citeri
899 3643 1026 3694 Blsuchus
1044 3646 1071 3693 in
1089 3639 1292 3708 inscriptionibus
1309 3640 1452 3693 libellorum
1469 3645 1636 3711 quorundam,

287 3721 351 3780 qnos
369 3714 457 3778 edidit,
474 3716 501 3763 in
520 3727 625 3777 quorum
642 3713 729 3778 aliquo
747 3716 868 3775 originem
885 3729 912 3766 se
929 3715 1025 3764 trabere
1043 3713 1163 3776 gloriatur
1180 3716 1281 3777 asdrpe
1296 3712 1495 3765 ilemneuiorum.
1524 3712 1638 3778 Oieegna

285 3780 361 3844 (delle
378 3786 522 3835 inscririoni
540 3784 689 3843 Venetiane)
707 3783 825 3846 affirmat,
843 3786 1001 3850 testimonia,
1020 3798 1085 3848 quae
1103 3784 1228 3834 Blauchus
1246 3782 1370 3844 attulerit,
1387 3781 1422 3832 ad
1440 3781 1637 3835 eendrmsndar'u

285 3855 383 3916 generis
401 3855 442 3903 sni
460 3854 618 3916 dignitatem,
637 3853 702 3903 iales
720 3868 773 3904 esse
791 3868 897 3919 eumque
914 3855 1030 3917 designat
1046 3855 1172 3904 bominem
1189 3867 1283 3904 renum
1305 3858 1329 3903 et
1346 3850 1518 3917 vaniloquum.
1554 3855 1637 3917 Argu-

285 3927 383 3987 menta,
408 3924 504 3992 inquit,
528 3924 643 3973 venetiis
662 3929 759 3986 astare
776 3926 932 3987 firmissima,
955 3928 1037 3974 ortnrn
1054 3938 1126 3974 sunm
1143 3924 1279 3973 trabere-e
1296 3921 1395 3974 tamilla
1411 3923 1510 3973 Veneta
1527 3921 1636 3993 plebeis,

201 4057 204 4062 Ι
286 3995 312 4042 at
325 3999 396 4057 patra
413 4008 487 4044 nsum
505 4008 558 4043 esee
575 3995 672 4056 scriba,
689 3996 789 4043 nomine
808 3993 901 4044 divisa

374 4080 497 4145 chlerus
517 4079 606 4144 literis,
624 4081 690 4130 datis
707 4081 790 4131 bineli
807 4078 860 4129 cai
878 4079 940 4131 Dec.
958 4077 1036 4145 1618,
1053 4079 1165 4132 Blancbo
1176 4082 1243 4144 typis
1259 4079 1423 4131 Harmoniam
1436 4093 1553 4132 ueusam
1569 4095 1636 4132 nun·

287 4160 349 4212 otas:
371 4153 407 4213 ln
429 4151 600 4229 ierologis
631 4168 690 4212 non
720 4143 848 4230 agnosco
874 4151 1016 4230 genuinas
1043 4152 1114 4214 boni
1146 4158 1177 4213 et
1203 4149 1272 4212 mali
1303 4151 1497 4230 dilemutim3
1528 4151 1637 4226 sufficit

288 4247 427 4320 aspectus
448 4240 491 4301 sic
513 4238 706 4315 distinguere,
734 4246 768 4300 ut
789 4238 866 4300 alius
888 4237 948 4299 alle
978 4246 1128 4318 superetur
1155 4242 1185 4300 in
1207 4237 1354 4315 eidcaeis,
1382 4239 1421 4301 ab
1441 4238 1493 4300 illo
1512 4239 1636 4318 scilieet,

289 4333 339 4408 qul
362 4327 459 4408 plures
480 4326 571 4388 habet
581 4329 803 4405 praerogativas
825 4328 855 4384 in
873 4325 1154 4389 demonstrabilitste
1169 4335 1198 4388 et
1213 4327 1403 4406 congruentia
1416 4325 1529 4406 dgurse
1542 4344 1636 4405 suae;

288 4415 326 4478 de
350 4416 457 4495 quibus
479 4414 566 4475 rebus
588 4431 646 4491 ago
668 4413 744 4475 libro
765 4414 818 4475 IV.
840 4413 1096 4489 Hermoniacum,
1129 4416 1179 4493 qni
1201 4417 1286 4500 nuue‘
1306 4430 1439 4476 excususv
1452 4420 1514 4491 est;
1545 4415 1576 4475 in
1597 4416 1636 4475 li·

288 4504 341 4567 bro
365 4504 403 4564 V.
431 4500 512 4574 tarde
541 4500 767 4579 progrediuntur
788 4519 910 4580 operae.
956 4501 1066 4581 Accipe
1096 4502 1145 4563 hic
1171 4504 1296 4581 primum
1318 4502 1383 4579 ejus
1414 4500 1516 4564 lelium
1547 4501 1637 4582 idque

287 4609 354 4654 eum
376 4588 544 4668 bibliopolis
571 4587 609 4649 sd
636 4588 754 4667 publice
785 4587 996 4651 ostendendum
1023 4592 1218 4665 communica,
1253 4606 1408 4667 meumque
1436 4588 1494 4651 hee
1515 4605 1635 4669 operum

286 4679 345 4741 Dei
369 4678 556 4757 praeconium
579 4674 698 4753 adjuva,
721 4683 754 4737 nt
776 4678 954 4757 exemplaria
976 4682 1200 4757 quamprimum
1217 4679 1465 4738 communicentur
1486 4677 1636 4757 cumplu-

287 4767 369 4827 ribus
393 4765 498 4844 dignis.
543 4762 686 4825 Tradetur
708 4757 802 4827 totum
830 4783 904 4844 epus
926 4764 1106 4845 bibliopolae
1129 4763 1382 4826 Franeeiordiensi
1407 4763 1635 4845 distrahiturque

291 4855 367 4917 iuter
387 4850 582 4933 bibliopolas,
605 4855 655 4930 qui
677 4858 781 4931 postea
802 4854 897 4930 pretia
917 4855 947 4913 in
971 4855 1143 4916 immensum
1165 4852 1335 4927 intendunt3
1365 4852 1408 4913 ite
1428 4850 1462 4912 iit
1485 4857 1519 4912 ut
1538 4845 1636 4916 miuus

288 4943 424 5021 frequens
446 4944 485 5002 sit
506 4939 571 5018 ejus
593 4938 697 5015 lectio,
720 4944 827 5020 quippe
850 4940 1009 5017 latentibus
1030 4942 1061 5000 iu
1083 4941 1212 5002 tebemis
1234 4938 1448 5020 exemplaribus
1469 4956 1524 5017 epe
1544 4939 1635 5019 lueri3

286 5046 382 5107 neque
404 5045 460 5105 ego
484 5028 640 5089 connivere
662 5044 791 5106 pessum,
814 5035 848 5088 ut
869 5027 1044 5090 recudautur
1065 5029 1097 5088 in
1112 5028 1209 5104 Italis,
1231 5045 1290 5088 neu
1304 5026 1462 5089 divenditis
1484 5029 1529 5101 iis,
1552 5045 1631 5107 quse

290 5123 405 5179 exstant
427 5116 458 5174 iu
480 5114 646 5192 Germania,
669 5116 794 5177 nisime
816 5116 911 5194 ipsum
934 5117 1091 5193 impensis,
1114 5134 1187 5193 quae
1209 5132 1332 5193 magnas
1354 5116 1496 5192 sustineo,
1518 5118 1635 5192 privare

288 5204 393 5270 velim..
430 5203 610 5278 Praestaret,
636 5204 701 5283 jam
722 5205 821 5266 stetim
842 5221 896 5281 per
916 5211 1091 5266 mercatores
1120 5206 1149 5262 in
1172 5202 1242 5265 aule
1265 5203 1412 5266 Caesarea
1432 5199 1555 5264 italicos
1577 5203 1635 5264 sli-

288 5309 374 5370 quem
408 5308 558 5353 numerum
585 5292 617 5352 in
639 5290 756 5355 ltaliam
785 5292 992 5370 transportari,
1025 5290 1219 5361 intercedente
1245 5297 1399 5371 praesente
1427 5290 1554 5368 pecunia
1582 5298 1636 5353 snt

288 5381 445 5459 mensione
466 5378 580 5439 idonea

372 5465 496 5527 Videbis
527 5464 579 5526 iiio
608 5464 683 5527 libro
705 5464 758 5525 lv.
785 5462 1003 5528 fundamentum
1019 5464 1225 5527 directionum
1253 5462 1386 5525 naturale
1419 5479 1454 5524 ex
1476 5479 1543 5525 mes
1564 5481 1635 5527 sen·

288 5553 388 5630 tentia,
411 5571 449 5615 ex
470 5569 529 5630 quo
551 5547 685 5615 nascitur
703 5552 807 5615 medus
830 5550 971 5633 dirigendi
994 5553 1101 5616 mixtus
1127 5571 1163 5615 ex
1186 5554 1321 5615 omnibus
1343 5550 1485 5612 haetenus
1505 5550 1633 5615 usitatis

288 5641 327 5736 Et
347 5642 418 5723 quia
438 5642 470 5702 in
491 5641 567 5703 banc
587 5642 766 5703 mentionem
787 5640 892 5718 moisi,
913 5640 998 5704 lubet
1018 5640 1179 5721 pericsslum
1200 5641 1296 5704 faeere
1317 5636 1534 5718 promtitudinis
1554 5646 1634 5718 tusc
