3684 7259
753 1195 1076 1267 Qmmm
1393 1217 1399 1224 ·
1531 1187 1593 1266 m

314 1374 387 1438 Nota
403 1376 436 1430 V.
472 1374 503 1429 In
523 1389 587 1429 voce
606 1372 863 1429 accuratissime
880 1372 952 1427 inest
970 1370 1011 1425 ris
1029 1372 1181 1438 argumenti
1198 1370 1270 1426 talis.
1288 1370 1363 1439 quali
1380 1386 1441 1442 cap.
1455 1376 1477 1428 1.
1490 1373 1594 1431 libili.

243 1453 360 1509 Procius
379 1471 445 1511 usus
464 1462 506 1507 est
523 1453 558 1509 ad
576 1451 756 1522 probandum,
785 1453 890 1526 specics
916 1448 1123 1506 mathematicas
1147 1465 1208 1505 esse
1234 1456 1374 1518 separatas
1400 1466 1417 1504 a
1439 1453 1595 1509 sensilibus.

243 1532 314 1587 Nam
333 1534 360 1585 in
378 1534 495 1588 mixtura
513 1534 706 1587 elementorum
724 1528 798 1584 nulla
816 1537 859 1583 est
871 1538 968 1584 exacta
986 1529 1064 1582 ratio.
1083 1526 1237 1596 operantur
1255 1528 1326 1606 euim
1342 1529 1429 1585 mixta
1447 1534 1596 1590 secuudum

244 1613 329 1679 magis
348 1620 375 1666 et
392 1614 489 1678 miuus,
508 1616 591 1680 prout
601 1610 684 1665 fucrit
697 1610 799 1673 mixtio,
816 1610 908 1677 itaque
927 1607 1122 1664 elementorum
1134 1608 1253 1662 mixtura
1271 1612 1314 1661 est
1330 1606 1440 1663 allectio
1458 1613 1596 1680 materiae,

243 1706 295 1744 uec
312 1689 423 1745 rationis
442 1689 523 1744 ullam
541 1698 666 1744 naturam
683 1688 813 1742 imitatur.
847 1688 883 1741 At
899 1687 928 1740 in
945 1685 1102 1740 harmonica
1117 1684 1247 1740 facultate
1272 1688 1475 1744 accuratissimo
1494 1697 1537 1746 est
1554 1692 1595 1746 di·

244 1767 354 1822 stinctio
381 1785 488 1835 rerum,
515 1782 638 1837 quaeque
665 1765 794 1821 materiae
821 1781 941 1820 crassam
968 1774 1092 1821 naturam
1119 1764 1267 1820 subtilitate
1293 1764 1449 1834 longissimo
1477 1778 1596 1838 superat.

244 1844 327 1900 Verbi
347 1862 442 1902 causa:
462 1847 517 1900 sint
535 1846 603 1900 duae
623 1843 742 1900 chordae
760 1843 891 1898 tensionis
911 1843 1041 1911 ejusdem,
1061 1844 1146 1897 altena
1165 1838 1216 1900 1¹20
1235 1844 1427 1913 parteslonga‚
1446 1846 1532 1901 altera
1549 1849 1597 1902 mi·

243 1933 346 1979 nuatur
363 1927 499 1992 continue,
518 1925 603 1979 donec
621 1923 668 1977 fiat
686 1927 734 1991 60,,
748 1925 782 1979 10
800 1932 851 1978 etc.
877 1924 930 1977 llic
948 1924 971 1977 sl
990 1922 1165 1977 consonantia
1183 1923 1298 1978 liaberet
1316 1932 1439 1978 naturam
1458 1924 1596 1981 mixtionis

245 2001 424 2071 elementaris,
444 2010 581 2071 oporteret
594 2000 722 2056 chordam
737 2002 939 2058 decrescentem
952 2001 1065 2055 subinde
1078 2003 1163 2070 magis
1176 2003 1317 2072 magisque
1335 2019 1492 2073 consonare,
1511 2005 1598 2060 donec
1702 2068 1704 2072 p

244 2079 322 2134 fieret
340 2082 381 2149 60,
399 2087 465 2135 tuuc
483 2087 620 2149 oporteret
639 2081 842 2142 consonantiam
861 2095 921 2135 esse
948 2079 1187 2150 perfectissimam,
1214 2080 1331 2150 indeque
1363 2080 1460 2136 iterum
1488 2082 1598 2156 decres-

244 2172 306 2213 cere
327 2159 538 2213 consonantiam.
574 2161 611 2212 At
628 2158 680 2229 hoc
697 2174 752 2211 non
775 2157 819 2211 fit:
846 2174 908 2212 narn
927 2159 950 2212 si
969 2167 1011 2212 est
1027 2158 1108 2225 longa
1126 2157 1175 2222 63,
1201 2158 1250 2228 ua,
1279 2162 1310 2213 61
1346 2167 1452 2227 partes,
1479 2161 1598 2218 666666

244 2245 391 2300 66666661,
410 2245 438 2291 61
457 2238 480 2291 si
499 2239 549 2306 60,
568 2238 674 2307 inipso
692 2237 745 2292 hoc
763 2246 865 2306 puncto
884 2244 1031 2300 consonat,
1047 2237 1111 2292 inde
1129 2235 1153 2292 si
1170 2235 1219 2290 flat
1238 2236 1286 2305 59,
1305 2235 1402 2291 iterum
1421 2238 1552 2309 dissonat,
1570 2248 1599 2293 at

222 2366 225 2372 .
244 2327 299 2369 non
317 2316 402 2383 magis
420 2317 576 2384 magisque,
602 2316 666 2385 quin
685 2316 775 2385 petius
794 2317 817 2371 si
834 2316 882 2370 fiat
899 2315 1009 2372 tandem
1028 2317 1080 2385 to,
1106 2314 1134 2369 in
1152 2314 1204 2369 hoo
1222 2320 1324 2384 puncto
1343 2313 1442 2376 iterum
1468 2324 1600 2373 consonat

242 2399 273 2447 et
291 2392 319 2446 66
338 2392 372 2448 39
390 2410 497 2448 rursum
515 2394 655 2449 dissonare
674 2395 776 2463 incipit.
816 2397 858 2450 lta
875 2396 1053 2451 consonantia
1070 2400 1171 2464 puncta
1188 2409 1238 2449 sua
1255 2392 1283 2449 iu
1295 2395 1339 2460 60,
1356 2394 1391 2450 to
1403 2404 1454 2453 etc.
1473 2397 1599 2452 observat

245 2472 458 2526 accuratissime.
484 2472 652 2526 Η6666166
671 2481 713 2526 est
731 2473 843 2527 rationis
862 2490 939 2541 opus.
976 2474 1049 2540 Ergo
1078 2471 1193 2527 facultas
1212 2472 1370 2527 harmonica
1387 2482 1429 2529 est
1447 2474 1598 2531 rationalis-

245 2552 321 2606 simu.
340 2552 399 2620 Ego
418 2553 470 2607 hoc
488 2560 675 2619 argumentum
693 2553 843 2607 evidentius
861 2554 999 2623 proposui,
1017 2552 1090 2622 quod
1103 2551 1296 2607 consonantiae
1306 2552 1428 2608 existunt
1445 2553 1472 2608 in
1489 2552 1599 2623 punctis

245 2628 347 2698 circnlr,
366 2646 383 2683 a
400 2630 488 2700 figura
505 2630 622 2697 regulari
641 2631 844 2686 demonstrabili
862 2630 951 2688 factis.
986 2630 1047 2686 666
1066 2630 1277 2687 demonstrabile
1303 2630 1369 2701 quid
1387 2631 1439 2701 sit,
1466 2650 1519 2689 non
1533 2633 1599 2688 -nisi

244 2715 336 2762 66616
355 2710 483 2777 noscitur,
503 2722 552 2761 seu
569 2708 681 2762 rationis
700 2725 759 2764 usu.
796 2710 869 2775 Ergo
889 2709 936 2764 illa
952 2717 1058 2776 natura,
1075 2726 1146 2779 quae
1165 2710 1317 2766 delectatur
1333 2710 1491 2768 harmonico
1509 2721 1599 2782 cautu,

247 2784 330 2841 debet
348 2802 409 2842 6666
428 2787 542 2841 rationis
561 2789 698 2861 particeps
717 2789 971 2864 quomodocunque.

332 2887 405 2941 Nota
423 2886 470 2940 Vl.
507 2885 614 2939 Genera
630 2900 720 2939 rerum
744 2900 814 2953 quae
832 2884 919 2955 dicat,
947 2884 1175 2955 exsequentibus
1193 2891 1284 2957 patet,
1302 2893 1384 2956 puta.
1408 2903 1473 2942 uum
1492 2887 1528 2945 sit
1545 2903 1599 2943 ma·

247 2963 316 3018 teria
333 2981 368 3018 an
388 2963 492 3031 forma,
520 2962 640 3018 61666666
659 2980 693 3018 66
711 2962 791 3032 finis,
817 2980 882 3019 num
900 2964 936 3019 sit
961 2964 1050 3019 aalma
1068 2979 1102 3018 66
1121 2979 1220 3033 corpus
1241 2972 1291 3022 etc
1326 2966 1449 3022 Pertinet
1466 2966 1548 3035 igitur
1564 2968 1599 3023 66

246 3040 432 3096 definitionem
450 3040 649 3112 quodammodo
667 3042 736 3099 haec
755 3044 889 3112 quaestio,
907 3058 962 3097 non
980 3039 1014 3098 66
1034 3041 1194 3110 subiectum.
1225 3039 1348 3099 Nam‘ad
1366 3045 1418 3099 hoe
1437 3046 1521 3114 magis
1540 3060 1600 3115 per·

246 3120 333 3175 tinere
351 3120 476 3175 ridentur
495 3121 637 3190 sequeutia
655 3123 749 3177 rerba:
768 3122 851 3177 lium
868 3137 934 3191 qua
952 3121 1023 3176 siut
1040 3120 1122 3190 6166,
1141 3135 1300 3181 connexa
1317 3121 1520 3179 harmoniis.
1546 3122 1600 3179 Sed

248 3198 282 3253 66
299 3199 343 3254 his
362 3216 425 3254 mox
444 3201 531 3271 plura

334 3281 419 3342 Hanc
442 3288 528 3361 igitur
551 3284 760 3362 speculationis
786 3285 955 3362 propositae
983 3290 1096 3358 partem
1120 3283 1267 3344 residuam
1299 3283 1452 3362 deinceps,
1488 3292 1622 3360 quanta
1725 3362 1727 3365 Α

217 3432 223 3445 ,
248 3372 356 3446 poterit
378 3370 438 3429 fieri
464 3374 616 3446 brevitate,
641 3373 731 3430 veluti
754 3371 911 3431 summaria
934 3374 1045 3430 6616666
1068 3371 1245 3448 subjungere
1269 3374 1457 3435 conabimur:
1489 3380 1523 3431 ut
1544 3372 1601 3431 hoc

248 3464 335 3603 pacto
367 3459 536 3536 magnitudo
567 3467 597 3520 et
620 3458 794 3520 excellentia
825 3458 914 3534 bajus
948 3457 1129 3519 admirabilis
1158 3458 1307 3520 facultatis
1330 3460 1495 3520 evidentius
1517 3476 1601 3519 eom·

249 3562 301 3621 pro
325 3553 396 3603 etur.

335 3632 394 3691 Res
418 3638 571 3714 universae
593 3635 741 3711 principiis
765 3640 883 3694 utuntur
905 3632 1001 3693 bisce:
1025 3635 1158 3707 materia,
1180 3641 1262 3693 motu
1286 3641 1315 3693 et
1337 3635 1456 3717 speci03
1479 3636 1603 3694 materia

253 3732 285 3777 ut
309 3721 442 3795 subjecto
466 3731 552 3781 etex
575 3739 654 3797 quo,
678 3729 758 3780 motu
781 3728 815 3779 nt
837 3738 928 3781 caasa
951 3730 981 3781 et
1003 3738 1119 3797 aquo,
1142 3723 1241 3799 speeie
1270 3730 1303 3781 ut
1324 3721 1381 3781 666
1404 3726 1434 3781 61
1456 3723 1495 3782 ob
1519 3722 1600 3799 quod

251 3807 298 3865 rel
322 3808 406 3882 cuijus
429 3827 528 3868 causa.
556 3805 614 3883 vu)

337 3908 411 3961 Nota
428 3909 488 3961 VH.
523 3907 696 3962 Ptolemaeus
713 3909 784 3962 inter
802 3923 899 3963 666666
926 3907 970 3962 hic
988 3923 1043 3961 nou
1060 3906 1182 3962 meminit
1199 3906 1301 3963 formae
1324 3907 1411 3977 ipsius
1433 3924 1482 3978 per
1500 3924 1543 3969 se.
1571 3916 1602 3963 ut

251 3986 322 4053 talis,
342 3986 411 4039 forte
430 3986 493 4055 quia
514 3991 536 4044 ll
554 3985 668 4040 formam
686 3986 725 4040 rei
743 3986 825 4041 habet
843 4001 893 4055 pro
911 3987 972 4055 ipsa
990 4000 1032 4050 re,
1059 3986 1199 4041 materiam
1216 4002 1296 4056 vero,
1327 3994 1358 4040 ut
1375 3986 1509 4043 diversum
1528 3988 1601 4059 quid,

251 4082 267 4119 6
286 4066 394 4133 reipsa
413 4064 566 4132 distinguit;
595 4066 621 4131 2)
639 4070 688 4119 aut
705 4064 778 4133 quod
796 4064 910 4133 species,
928 4080 989 4118 cum
1010 4060 1091 4119 sitin
1110 4073 1213 4119 certum
1232 4065 1314 4120 finem
1331 4066 1474 4135 destinata,
1495 4066 1602 4122 confor-

250 4144 394 4197 mationem
414 4159 489 4197 suam
508 4158 523 4195 e
542 4143 596 4197 fine
614 4142 722 4197 habeat.
760 4145 844 4198 Voces
864 4143 972 4212 quidem
999 4149 1028 4198 et
1054 4151 1149 4198 cantus
1177 4144 1290 4198 materia
1316 4149 1344 4196 et
1368 4144 1520 4211 subjectum
1539 4152 1603 4201 suut

235 4223 416 4291 1666666666,
435 4237 504 4291 6666
522 4222 551 4274 iu
569 4222 636 4290 ipsis
655 4224 726 4277 inest
743 4231 774 4277 ut
791 4222 926 4277 diversum
941 4221 1009 4292 Ι6666
1027 4223 1062 4277 66
1080 4220 1143 4276 illis.
1171 4222 1196 4287 3)
1213 4224 1269 4278 Aut
1285 4222 1344 4277 vult
1361 4222 1451 4277 dicere
1469 4222 1601 4292 fortassis,

251 4300 319 4354 haec
338 4300 388 4354 sibi
406 4300 473 4369 ipsis
491 4299 571 4357 finem
590 4317 660 4372 esse,
678 4318 729 4357 nec
746 4309 859 4375 propter
877 4301 952 4359 aliud
970 4300 1044 4371 quid,
1063 4302 1111 4356 sed
1129 4309 1235 4365 tantum
1252 4308 1365 4369 propter
1384 4301 1531 4369 se-expeti.
1562 4299 1602 4356 Si·

252 4387 299 4434 cut
316 4378 459 4440 Aristoteli
477 4377 563 4433 forma
581 4380 680 4440 dicitur
697 4380 758 4437 finis
776 4394 845 4448 quo,
873 4398 927 4450 quo
955 4380 1058 4436 scilicet
1084 4387 1112 4434 et
1138 4380 1248 4435 finiatur
1274 4394 1323 4434 seu
1341 4379 1502 4433 terminetur
1519 4385 1548 4434 et
1564 4380 1603 4433 sio

251 4457 436 4514 conformetur
463 4473 523 4511 res:
552 4456 599 4512 sed
617 4458 790 4513 Ptolemaeus
818 4457 962 4522 manifeste
982 4457 1103 4527 loquitur
1122 4458 1159 4514 66
1185 4457 1256 4512 1666
1281 4456 1382 4525 cujus
1401 4472 1521 4513 causa.
1557 4456 1602 4512 vi-

252 4538 352 4593 dentur
370 4546 460 4590 utitem
479 4537 531 4590 ista
550 4532 674 4592 desumto
692 4552 726 4591 ex
743 4534 906 4604 Aristotele,
936 4535 1016 4605 cujus
1033 4536 1102 4591 haec
1129 4542 1194 4592 sunt
1211 4534 1305 4591 uerba:
1342 4536 1406 4590 Met.
1425 4535 1474 4590 xi.
1494 4534 1558 4610 Cap.
1577 4531 1602 4591 3.
1655 4585 1660 4592 .

251 4634 305 4671 παν
322 4618 475 4684 parastatica
492 4636 523 4683 rr,
543 4636 585 4667 sur
602 4615 652 4670 666
670 4636 746 4683 τινος,
765 4637 808 4669 και
825 4612 875 4670 ἔστι
891 4612 935 4677 ὑφ’
954 4614 985 4669 oi
998 4635 1052 4683 pas,
1071 4635 1117 4668 suu
1129 4631 1232 4685 uputov
1251 4634 1393 4679 revomere
1413 4612 1492 4683 obde,
1509 4613 1524 4684 ἡ
1542 4612 1601 4684 ite,

251 4695 267 4750 «i
289 4700 327 4762 66,
345 4716 375 4747 ω
393 4693 469 4756 stone.
506 4694 611 4763 Quibus
629 4693 718 4749 verbis
735 4693 896 4749 Aristoteles
918 4693 967 4747 illa
985 4692 1073 4748 solnm
1091 4692 1266 4764 perstringit,
1293 4706 1362 4761 quae
1379 4690 1522 4745 mutationi
1539 4695 1604 4747 snut
1625 4729 1628 4734 -

252 4774 385 4840 obnoxia;
403 4774 519 4841 primum
538 4782 668 4828 motorem
687 4773 797 4843 excipit,
815 4782 846 4827 nt
864 4789 946 4842 quern
964 4788 999 4827 ex
1016 4774 1076 4842 ipsa
1094 4773 1244 4828 mutatione
1262 4787 1351 4826 rernm
1369 4770 1476 4827 evincit.

341 4877 386 4934 De
408 4875 561 4935 harmonia
582 4893 678 4952 neque
701 4884 734 4934 ut
757 4876 792 4935 66
814 4875 948 4949 subiecto
964 4874 1175 4951 disputandum
1196 4879 1255 4945 est,
1278 4873 1408 4933 666666
1431 4873 1508 4930 6616
1531 4869 1603 4946 6666

253 4973 298 5026 eet
319 4966 497 5039 minimeque
519 4967 671 5046 passivum
701 4959 784 5042 vm):
819 4978 914 5039 neque
938 4969 971 5021 ut
992 4961 1028 5022 66
1051 4961 1108 5021 666
1131 4958 1197 5040 ¹¹),
1230 4962 1296 5037 ipsa
1318 4961 1396 5019 enim
1419 4976 1434 5018 6
1457 4960 1602 5019 corbario

253 5052 339 5111 6666
373 5054 540 5128 quempiam
573 5050 690 5109 coniicit
718 5047 765 5131 ¹),
795 5051 876 5109 verbi
909 5066 1001 5109 causa
1029 5050 1271 5126 concinnitatem,
1294 5045 1497 5126 aptitudinem,
1522 5045 1608 5106 ordl-n

254 5156 330 5213 nem,
354 5138 534 5213 decentiam3
568 5138 619 5197 sed
642 5145 686 5196 est
709 5143 784 5197 inter
807 5155 911 5197 causas
944 5125 1095 5197 censenda*
1113 5130 1179 5218 ¹¹),
1212 5136 1282 5211 quis
1304 5136 1370 5213 ipsa
1392 5134 1526 5211 subjecto
1548 5148 1603 5213 666

255 5219 391 5287 conciliat
415 5228 541 5304 speciem
565 5226 786 5285 convenientem
810 5237 839 5284 et
861 5227 1017 5303 propriam.

341 5336 414 5390 Nota
430 5335 504 5390 Vlll.
540 5333 711 5389 Ptolemaeus
729 5332 942 5404 praesupponit,
969 5333 998 5388 id
1025 5332 1059 5387 66
1077 5348 1131 5401 666
1149 5331 1283 5401 quaesivit
1310 5347 1365 5387 uon
1387 5332 1445 5401 jam
1471 5328 1542 5386 inter
1559 5345 1603 5387 res

254 5414 328 5486 ipsas
348 5413 546 5483 quaerendum,
576 5413 624 5467 sed
643 5414 714 5468 inter
730 5412 864 5482 principia
880 5427 981 5465 rerum
1015 5411 1096 5465 Patet
1118 5418 1227 5478 antem,
1255 5426 1361 5480 semper
1386 5409 1489 5479 6166666
1516 5409 1603 5479 primo

255 5493 343 5564 ipsum
361 5508 413 5562 per
431 5508 460 5546 se
478 5507 538 5546 esse
557 5490 671 5560 aliquid,
700 5491 797 5546 deinde
815 5491 886 5545 6666
904 5504 966 5545 esse
985 5489 1038 5544 alio
1057 5488 1138 5545 alicui
1155 5488 1316 5545 efficientem
1335 5495 1383 5544 ant
1399 5487 1539 5543 66166666
1553 5494 1605 5545 aut

255 5571 346 5629 finem
382 5571 451 5626 Nam
469 5569 626 5624 facultatem
645 5570 812 5638 dijudicandi
829 5568 987 5625 harmonica
1005 5575 1033 5624 et
1044 5569 1078 5624 ad
1097 5584 1129 5625 ea
1148 5567 1368 5625 accommodandi
1386 5567 1537 5638 subjectum
1555 5567 1603 5623 all·

256 5650 330 5721 quod
358 5664 419 5704 esse
436 5648 624 5718 subeuntium,
643 5649 739 5704 mentis
758 5647 869 5705 seilicet.
879 5648 1052 5719 1666116166,
1070 5648 1099 5705 66
1115 5648 1222 5706 ridetur
1239 5648 1284 5705 hic
1301 5660 1523 5719 praesupponero
1539 5646 1603 5702 Pto·

308 5756 530 5811 66666666.
782 5818 785 5823 ι
1093 5770 1095 5779 ι
1404 5741 1444 5801 26
