3684 7259
302 1195 368 1254 sss
769 1191 937 1259 amasa
952 1190 1175 1244 mmmm-

301 1364 1653 1442 motionesquruoms-a-uscsm-,qu

300 1458 404 1532 rnc'nit
426 1458 538 1513 nsuatc
560 1467 658 1514 ancta.
679 1457 751 1529 quia
773 1474 826 1530 pro
850 1457 1012 1515 inturallis
1034 1460 1173 1515 terminos
1201 1460 1314 1515 anime
1335 1456 1433 1532 plnres
1455 1471 1653 1512 namn..

388 1542 1115 1618 unuquisesmdermanmmrrim.
1159 1543 1654 1612 [immaturitas-

301 1630 1654 1730 fflequnamcrcnuonmnerosiaqnipraeoedentemkobcninrationem

301 1717 457 1790 ‘ntelliqat
502 1717 605 1787 Putet,
633 1721 757 1776 ahorn
780 1720 1206 1795 intencilocsscsnplicio.
1250 1720 1312 1777 Sec
1340 1719 1396 1775 ine
1422 1731 1503 1794 pres
1531 1731 1654 1773 cutm

301 1803 603 1874 consideratimilius
631 1810 1059 1883 nusquamnunquam,
1088 1806 1379 1883 pannlornaicm
1404 1802 1653 1879 mesunplieio-

300 1905 541 1961 rutatosuo,
571 1889 826 1951 sedbocdocni:
854 1894 1216 1971 simplicubaspartea,
1247 1890 1654 1968 mconcrnnndin‘n,

301 1983 892 2057 mmmmmmonanti'u
922 1984 1010 2055 ipis,
1040 1985 1391 2048 icantconsonantiae,
1420 1977 1654 2052 musaqnidenn

301 2085 373 2128 nac
395 2069 576 2142 quantitatis,
599 2082 658 2123 non
680 2083 771 2124 causa
793 2067 986 2142 qualitatis,
977 2088 1007 2126 m
1030 2069 1082 2128 illa
1103 2074 1247 2128 concinna
1268 2064 1652 2127 naturadnoedinolran·

302 2167 349 2214 tnr
371 2173 424 2214 scu
448 2150 724 2230 massmanni}

389 2241 467 2315 Quid
490 2259 547 2316 ego
570 2257 647 2298 nunc
668 2240 766 2299 dicam
788 2240 823 2299 de
846 2245 1056 2316 sequentibus,
1079 2245 1130 2302 ubi
1153 2244 1247 2301 rideri
1270 2242 1354 2313 d'oeis,
1375 2242 1452 2300 bane
1473 2258 1540 2299 csse
1562 2243 1653 2298 ratio-

301 2346 370 2398 pern
394 2348 488 2386 meam
512 2327 711 2404 productionis
734 2331 940 2386 continuorum
963 2349 982 2387 a
1005 2336 1151 2402 consonis,
1176 2330 1256 2405 quod
1279 2331 1390 2388 seilicet
1413 2330 1520 2387 cubum
1543 2344 1654 2403 agnus·

303 2434 368 2476 our
391 2420 610 2491 primigenium.
639 2414 728 2489 idque
749 2416 825 2473 libro
849 2416 885 2472 Υ.
931 2421 978 2474 Au
1000 2433 1046 2477 cst
1073 2419 1134 2476 ulla
1162 2423 1255 2494 magis
1285 2421 1386 2492 iniqua
1413 2420 1563 2493 perversio
1587 2433 1653 2472 rer-

303 2507 419 2562 borum.
451 2506 548 2579 scopi,
583 2501 738 2560 methodi?
781 2502 860 2577 Quid
889 2507 966 2562 tubo
997 2525 1064 2564 cum
1093 2519 1159 2564 mtu
1193 2503 1425 2564 continuorum?
1468 2502 1548 2577 Quid
1579 2503 1653 2559 libro

302 2608 370 2649 meo
391 2589 428 2662 V,
451 2592 501 2649 ubi
525 2593 666 2648 musicam
688 2592 718 2646 iu
740 2592 840 2649 coelos
863 2591 983 2654 induco.
1012 2595 1175 2651 camisum
1199 2593 1259 2660 ΠΙ,
1288 2594 1339 2649 nbi
1362 2594 1503 2649 musicam
1532 2608 1568 2647 cx
1592 2592 1654 2646 suin

303 2681 450 2756 principiis
472 2677 586 2752 gigno?
630 2674 767 2748 Omnino,
790 2678 929 2749 Roberte,
953 2682 1005 2737 tibi
1030 2685 1096 2756 quis
1119 2681 1217 2739 medat
1239 2678 1428 2738 methodum.
1449 2680 1476 2735 si
1498 2682 1566 2753 quis
1590 2694 1654 2735 me-

254 2807 261 2820 .
303 2765 427 2825 thodnm
449 2767 523 2824 bene
546 2775 676 2823 curatam
700 2764 793 2822 sciit?
837 2764 920 2839 Quae
944 2770 1033 2842 igitur
1055 2783 1086 2825 tu
1110 2784 1211 2826 eontra
1225 2771 1369 2825 rationem
1390 2767 1468 2824 banc
1489 2765 1566 2823 lano
1581 2763 1652 2821 milti

302 2854 439 2912 tributam
462 2852 604 2929 disputas,
627 2869 664 2910 en
685 2856 851 2911 tranmitto
873 2853 940 2911 aliie
963 2856 1153 2927 annuenda,
1176 2859 1285 2932 quippe
1309 2859 1346 2912 iis
1367 2854 1439 2911 mibi
1460 2870 1557 2929 neque
1579 2855 1654 2911 seri·

302 2951 350 2999 lnr
371 2958 467 3016 ireque
488 2943 614 3000 metitur.

391 3027 529 3103 Sequitur
550 3027 630 3086 lirea
656 3027 704 3084 15
727 3044 874 3102 crpore,
898 3032 1007 3101 utais,
1030 3042 1151 3089 naturae
1173 3031 1252 3087 lente
1270 3029 1459 3104 longissimas
1475 3026 1653 3085 inductionis

301 3117 453 3191 usurpa
474 3127 532 3174 tres
554 3117 687 3190 pagina,
711 3116 796 3188 cujus
818 3118 912 3173 exitus
936 3135 995 3192 pag
1024 3120 1083 3175 ‘242
1103 3119 1171 3193 fieri
1192 3117 1653 3189 inarmonontiisproprcssio·

300 3221 370 3261 nem
392 3222 413 3261 o
434 3206 580 3261 minrm'
569 3201 612 3260 od
632 3203 746 3274 majo,
767 3220 830 3260 nors
852 3221 873 3259 u
895 3207 1009 3275 mojori
1029 3205 1072 3262 nd
1092 3210 1204 3263 minna
1316 3269 1323 3274 ,

389 3287 428 3349 L't
450 3293 537 3364 igitur
558 3309 578 3347 a
599 3288 786 3347 conclusione
809 3291 889 3364 prius
913 3293 1060 3367 incipiam,
1084 3294 1173 3351 relim
1196 3304 1225 3349 te
1242 3292 1419 3362 meminisse,
1442 3289 1580 3359 liuberta
1604 3306 1653 3347 me

299 3377 366 3449 lsoc,
390 3378 469 3454 quod
492 3389 524 3437 tu
546 3375 704 3446 concludis,
728 3393 823 3451 neque
846 3395 971 3447 negasse
993 3397 1090 3454 neque
1111 3380 1289 3440 animun:
1314 3378 1368 3437 sed
1390 3378 1448 3435 boc
1470 3377 1556 3448 dico,
1579 3393 1652 3433 con-

300 3469 461 3534 sonantias,
486 3468 679 3541 quantitatem
702 3465 857 3538 majorem,
881 3464 992 3526 detinui
1015 3470 1114 3541 prius,
1137 3472 1281 3526 conamus
1303 3465 1476 3526 intervalia.
1500 3473 1533 3521 ut
1555 3481 1653 3539 quan·

301 3554 401 3611 titates
424 3556 565 3617 minores,
599 3551 711 3610 definiri
734 3555 897 3627 posterius,
928 3555 1042 3613 scilicet
1065 3574 1116 3629 per
1138 3559 1267 3631 ipsarum
1297 3554 1558 3612 consonantiarum
1579 3554 1655 3607 inter

301 3657 333 3705 se
356 3643 613 3716 comparationem
660 3638 782 3697 Definiri
804 3651 904 3698 autem
929 3642 1076 3701 hocloco
1099 3657 1144 3701 est
1166 3642 1260 3713 idem,
1291 3641 1372 3716 qnod
1395 3640 1515 3698 induere
1543 3649 1653 3702 certam

301 3728 492 3803 qualitatem.
521 3744 599 3804 quae
620 3729 659 3784 sit
680 3725 875 3800 jucunditatis
898 3731 928 3785 iu
950 3730 1054 3788 auditu
1077 3747 1177 3790 causa.
1221 3728 1291 3788 Jam
1321 3740 1374 3786 tua
1395 3728 1447 3786 illa
1468 3728 1653 3784 ratiocinatio

301 3831 361 3873 uon
385 3816 507 3875 refertur
533 3814 570 3873 ad
594 3813 751 3889 qualitates
774 3813 879 3887 basce,
910 3817 963 3875 sed
993 3816 1031 3874 ad
1055 3818 1111 3876 buc
1140 3818 1252 3876 solum:
1286 3819 1311 3874 si
1339 3816 1416 3874 dnae
1437 3812 1565 3873 chordae
1595 3816 1654 3869 sint

301 3904 467 3979 aequaliter
489 3915 589 3962 tensae
611 3918 770 3977 earumque
793 3900 885 3961 altera
908 3914 993 3962 sonet
1015 3904 1182 3963 invariabili
1202 3922 1285 3966 sono.
1308 3904 1421 3977 reliqna
1443 3905 1518 3959 inter
1530 3900 1653 3976 pulsau-

303 3988 374 4050 dum
398 3994 565 4050 succensire
588 3991 734 4046 minuatur
755 3988 845 4066 (qnod
869 4003 914 4049 cst
936 3999 1034 4060 oneng
1065 3991 1319 4067 quantitativum),
1351 4003 1420 4048 tunc
1442 3987 1577 4065 quidem,
1609 3987 1653 4045 bis

304 4082 418 4154 positis,
444 4097 545 4138 rerum
569 4087 629 4147 est,
652 4078 766 4133 banniri
790 4080 887 4135 omnia
909 4082 1029 4137 minima
1052 4080 1208 4138 intervalia
1229 4083 1380 4149 concinna,
1407 4080 1577 4155 prinsquam
1601 4092 1654 4133 re·

303 4170 403 4228 niatur
424 4166 462 4224 ad
486 4168 601 4225 tertiam
623 4164 779 4230 minorem,
810 4177 954 4241 quaeest
983 4170 1103 4225 minima
1125 4170 1389 4225 consonantiarum
1432 4167 1476 4224 At
1503 4166 1530 4220 si
1553 4181 1654 4222 casum

303 4253 413 4331 fingere
436 4254 518 4325 licet,
548 4253 655 4326 lingum
679 4269 736 4327 eqo
758 4256 949 4312 eontrarium:
978 4273 1073 4331 neque
1100 4258 1177 4313 euim
1199 4258 1295 4313 minus
1317 4254 1424 4330 poterit
1452 4252 1545 4310 altera
1566 4250 1654 4309 ebor-

303 4342 408 4409 darum
428 4343 595 4401 sonantium
618 4342 706 4399 etiam
729 4343 830 4414 augeri
852 4346 1029 4415 successise,
1054 4346 1138 4401 initio
1161 4342 1238 4401 lacto
1261 4360 1280 4401 a
1302 4351 1420 4416 puncto,
1443 4336 1571 4398 chordae
1595 4350 1654 4395 ter-

303 4433 397 4504 mino;
427 4447 486 4505 quo
509 4430 605 4505 posito
627 4437 780 4502 sequetur,
811 4437 844 4486 ut
873 4433 1022 4487 minimum
1051 4434 1257 4489 concinnatum
1287 4429 1389 4486 ultimo
1419 4429 1551 4484 omnium
1581 4442 1654 4484 con-

303 4516 425 4578 deiatur.
469 4518 573 4592 Neque
597 4525 693 4574 umen
717 4517 845 4585 interest,
869 4534 964 4592 neque
986 4518 1034 4577 bic
1055 4536 1151 4594 neque
1174 4519 1243 4585 illic,
1266 4516 1337 4592 quid
1352 4517 1513 4589 bispositis
1536 4513 1653 4571 ossibus

239 4651 241 4658 .
303 4609 413 4683 pirus,
437 4604 508 4681 quid
532 4603 635 4663 ultimo
659 4605 779 4677 existat,
809 4603 861 4662 sed
885 4604 1033 4679 quodnam
1055 4624 1170 4678 coruus,
1198 4624 1275 4681 quae
1298 4606 1442 4674 existunt,
1471 4602 1511 4659 ab
1533 4600 1653 4672 auribus

303 4695 482 4771 approbetur
512 4710 564 4751 seu
593 4701 625 4747 ut
656 4694 829 4750 concinnum
861 4711 914 4751 seu
946 4702 977 4750 ut
999 4711 1176 4764 eumenum,
1208 4692 1265 4750 boc
1293 4694 1421 4750 interest.
1465 4688 1532 4747 Hoc
1562 4675 1655 4832 Ὗ

303 4784 432 4853 interest,
456 4790 487 4839 ut
509 4796 694 4854 quaeramus,
719 4797 806 4856 quam
831 4780 869 4838 ob
893 4798 1012 4839 causum
1035 4799 1121 4841 aures
1143 4793 1176 4839 ut
1198 4783 1340 4838 concinna
1362 4778 1525 4854 approbent
1547 4794 1584 4834 ex
1637 4805 1654 4818 ·

303 4869 434 4931 ierrallis
463 4866 563 4926 ordine
593 4869 809 4939 emergentibus
836 4868 887 4926 illa
918 4872 1102 4944 potissimum
1136 4888 1224 4943 quam
1252 4872 1324 4943 ista,
1354 4879 1466 4940 etqua
1488 4863 1524 4923 de
1547 4877 1653 4936 cnusa3

301 4975 372 5016 uum
396 4957 434 5016 ob
457 4966 653 5015 consonarum
677 4958 934 5030 comparationem,
958 4974 1011 5014 seu
1034 4960 1104 5031 qnia
1126 4967 1194 5014 suut
1212 4972 1349 5015 excessus
1372 4969 1566 5011 consonarum
1589 4968 1654 5007 ma·

299 5046 397 5122 jurum
420 5061 509 5120 supra
531 5059 662 5101 consona
685 5047 812 5115 minora,
835 5054 866 5101 ut
889 5062 946 5120 ego
969 5044 1051 5114 dico,
1075 5063 1111 5102 an
1134 5046 1174 5103 ob
1196 5061 1300 5102 musas
1323 5041 1453 5117 aliquas,
1482 5045 1655 5115 quaesunt

302 5121 483 5209 antiquiores
506 5133 577 5207 ipsis
600 5134 753 5203 consonis,
776 5149 851 5207 qnae
875 5145 904 5191 te
928 5133 1056 5190 nondum
1080 5134 1227 5190 invenisse
1250 5138 1359 5188 certum
1382 5136 1436 5186 est.

389 5219 460 5280 Jam
482 5218 562 5293 quud
586 5218 783 5278 inductionem
807 5218 901 5294 ipsam
925 5223 1029 5279 attinet
1052 5220 1206 5285 denonis,
1237 5221 1293 5276 etsi
1314 5216 1437 5274 multum
1460 5222 1493 5273 tu
1515 5215 1654 5273 tenebra-

302 5322 366 5367 rum
390 5316 420 5369 et
442 5306 623 5367 locutionum
646 5308 849 5382 ambiguanrm
872 5309 990 5381 ingeris,
1014 5306 1086 5365 illud
1102 5317 1198 5366 tamen
1221 5308 1331 5382 passim
1354 5321 1389 5362 ex
1409 5305 1445 5359 iis
1467 5302 1566 5362 elucet
1587 5299 1654 5378 pul-

303 5393 403 5454 chrum
427 5403 456 5454 et
479 5392 712 5454 consideratione
736 5395 854 5469 dignum
879 5394 1039 5470 problema,
1063 5398 1192 5469 quaesit
1213 5406 1469 5452 naturasonorurn
1492 5392 1522 5447 iu
1537 5406 1654 5464 genere,

303 5482 373 5557 quid
396 5498 502 5559 sonus,
534 5498 611 5557 quse
634 5499 724 5541 causa
747 5486 889 5542 acuminis
912 5492 943 5541 et
964 5484 1119 5558 gravitatis
1147 5500 1199 5558 per
1222 5498 1322 5540 omnes
1344 5481 1510 5536 sonantium
1536 5478 1653 5535 lormaa

303 5566 434 5628 Haterio
456 5567 679 5645 disceptationis
702 5580 747 5627 cst
768 5570 899 5647 physica,
924 5573 1072 5646 pertinens
1094 5569 1131 5629 ad
1154 5569 1285 5627 libellum
1309 5566 1474 5624 Aristotelis
1498 5564 1534 5622 de
1558 5564 1670 5623 Audi:

303 5654 414 5716 bilibus
440 5654 537 5732 adque
570 5665 713 5732 cognatas
743 5657 807 5732 ejus
837 5657 1051 5735 problematum
1080 5660 1236 5726 sectiones.
1280 5654 1338 5713 Hic
1368 5653 1459 5712 multa
1494 5662 1594 5712 essem
1625 5654 1654 5709 iu
