3684 7259
540 1228 545 1236 ’
608 1265 785 1325 amanen.
819 1269 903 1332 aava
918 1270 967 1325 m.
988 1270 1165 1353 caputhrv.
1333 1272 1343 1310 ⁸

764 1561 905 1632 carun
932 1560 1012 1632 nv.

478 1706 523 1760 Do
545 1704 654 1760 modis
676 1704 913 1775 melodiarum,
939 1722 1021 1776 quos
1043 1713 1140 1762 tonos
1162 1713 1293 1763 vocant
1359 1762 1360 1765 ,

299 1864 344 1924 De
368 1866 461 1925 modis
484 1867 612 1926 dicturus
635 1869 757 1944 primum
783 1866 937 1926 hodiernos
961 1867 1103 1928 admoneo
1126 1872 1267 1943 musicos,
1293 1887 1366 1946 quos
1389 1872 1431 1930 illi
1452 1872 1555 1935 modos

214 1951 360 2028 appellare
382 1953 492 2027 solent,
525 1972 564 2014 so.
589 1958 803 2031 proportionem
832 1963 926 2014 taetus
948 1953 1081 2034 duplam,
1114 1957 1228 2035 triplam
1258 1966 1286 2015 et
1308 1959 1426 2018 similes,
1439 1958 1553 2041 (quales

212 2037 313 2097 modos
335 2040 409 2100 torte
431 2041 559 2102 lecerunt
582 2043 651 2101 olim
674 2044 753 2101 tibiis
776 2044 804 2099 iu
828 2043 985 2103 comoediis
1009 2042 1229 2122 Romanorum),
1254 2044 1288 2102 de
1303 2047 1338 2104 iis
1362 2047 1441 2120 mihi,
1467 2066 1553 2125 prae-

214 2134 343 2203 terquam
366 2129 444 2204 quod
462 2130 525 2206 Jam
549 2138 592 2187 cst
616 2129 739 2203 dictum,
772 2147 932 2189 sermonem
961 2148 1017 2189 non
1041 2132 1111 2191 lore,
1155 2131 1261 2192 Modus
1290 2149 1344 2208 ego
1368 2134 1446 2207 dico,
1480 2150 1554 2213 quos

214 2214 267 2288 ipsi
291 2231 355 2273 cnm
378 2218 523 2281 veteribus
546 2216 640 2275 solent
663 2216 810 2293 appellare
833 2227 932 2289 tonos,
957 2236 1022 2277 cum
1044 2220 1206 2293 quaeritur,
1231 2220 1315 2295 cnjus
1338 2223 1396 2278 toni
1421 2226 1460 2280 sit
1482 2240 1554 2282 eau-

213 2309 269 2358 tus.
313 2301 386 2360 Sunt
415 2306 492 2362 enim
522 2314 616 2363 certae
646 2314 747 2362 cantus
776 2308 907 2363 concinni
936 2323 988 2364 seu
1018 2305 1174 2381 qualitates
1205 2324 1257 2365 seu
1281 2311 1405 2383 species,
1441 2310 1554 2372 duabus

213 2391 331 2447 summis
353 2408 491 2465 generum
514 2390 695 2464 differentiis,
720 2392 782 2449 duri
806 2401 835 2450 et
858 2392 968 2461 mollis,
992 2402 1091 2452 contra
1113 2410 1144 2452 se
1167 2393 1289 2452 diremti.

299 2475 402 2537 Graeci
425 2501 550 2556 τροπους
571 2487 600 2538 et
621 2476 682 2555 ἢθη
705 2479 818 2556 dixere,
847 2478 918 2537 illud
942 2499 960 2539 a
982 2481 1074 2539 torma
1099 2484 1280 2557 systematis,
1310 2480 1367 2540 hoe
1388 2484 1426 2541 ab
1450 2485 1554 2545 ellectu

213 2569 313 2622 cautus
329 2566 356 2621 in
374 2566 499 2640 homine,
523 2568 592 2642 quia
607 2566 736 2643 plerique
758 2566 957 2641 legislatorum
981 2576 1160 2641 censuerunt,
1184 2568 1286 2627 modos
1306 2577 1443 2629 cantuum
1458 2573 1554 2632 lacere

213 2650 249 2708 ad
270 2668 366 2710 mores
389 2652 617 2713 conformandos.
1553 2650 1555 2656 ’

296 2739 342 2798 Dc
372 2740 474 2800 borum
505 2743 591 2817 igitur
619 2749 752 2799 tonorum
781 2757 899 2798 numero
935 2748 965 2800 ct
992 2739 1204 2800 discriminibus
1233 2759 1290 2801 non
1319 2743 1406 2803 hodie
1442 2751 1553 2804 tautum
1623 2801 1632 2808 „

212 2842 336 2901 magnae
365 2838 432 2886 sunt
459 2831 532 2887 inter
555 2830 681 2887 musicos
704 2830 932 2900 controversiae,
962 2827 1065 2887 sedet
1092 2830 1154 2904 jarn
1177 2828 1245 2887 olim
1269 2830 1399 2904 luerunt,
1432 2849 1554 2908 quarum

212 2912 325 2989 aliquas
348 2915 424 2990 apud
449 2916 666 2989 Ptolemaeum,
696 2916 850 2991 plerasque
874 2914 951 2990 apud
975 2916 1160 2975 Vincentinm
1184 2915 1349 2976 Galilaeum
1377 2917 1475 2978 videre
1498 2926 1553 2979 est.

211 3000 283 3058 Mihi
308 3018 376 3060 vero
400 3020 452 3061 uec
475 3005 639 3063 examinare
663 3019 901 3078 quorumcunque
923 3006 1081 3061 sententias
1105 3014 1149 3063 est
1171 3008 1366 3086 propositum,
1388 3022 1483 3083 neque
1505 3024 1553 3067 re·

212 3088 319 3163 lutare,
342 3088 441 3166 itaque
464 3106 521 3149 non
545 3097 692 3168 exspectet
714 3092 842 3148 musicus
866 3082 886 3147 a*
905 3106 952 3147 me
975 3089 1114 3167 quicquid
1137 3091 1216 3150 aliud
1241 3093 1269 3148 in
1293 3090 1349 3151 hac
1371 3095 1551 3169 quaestione,

135 3209 137 3213 ,
212 3193 298 3251 quam
321 3175 351 3234 id
373 3180 498 3252 unicum,
523 3177 559 3236 ad
583 3176 662 3253 quod
684 3196 749 3236 mea
772 3194 818 3235 me
839 3176 949 3235 'ducunt
972 3180 1114 3255 principia
1137 3178 1277 3237 hactenus
1295 3171 1450 3255 explicata.
1488 3180 1552 3240 Etsi

213 3265 287 3322 enim
310 3265 371 3321 toni
394 3266 431 3324 ab
455 3282 489 3324 eo
512 3264 580 3323 dicti
605 3264 752 3334 videntur,
782 3263 861 3341 quod
882 3264 986 3323 modus
1011 3281 1085 3322 unus
1107 3264 1198 3325 altero
1229 3267 1277 3324 vel
1299 3266 1388 3325 altius
1411 3266 1459 3328 vel
1482 3285 1551 3345 pro-

213 3350 329 3411 tundius
350 3353 470 3428 incipiat
496 3355 581 3411 unius
609 3354 670 3410 toni
693 3348 756 3433 (vel
788 3347 949 3431 semitonii)
972 3352 1141 3426 intervallo,
1172 3361 1256 3411 tonos
1279 3346 1376 3413 minen
1408 3371 1463 3431 ego
1493 3372 1553 3416 nou

213 3440 274 3515 ipsa
297 3456 401 3516 perse
425 3446 527 3499 cautus
549 3439 701 3498 altitudine
726 3439 772 3498 vel
795 3442 939 3514 gravitate
963 3438 1137 3513 discrimino,
1163 3439 1240 3515 qnod
1264 3439 1358 3513 solum
1380 3441 1553 3502 observasse
1655 3466 1656 3469 ¹
1687 3441 1691 3446 ⁴

212 3525 354 3601 quosdam
383 3526 555 3586 Vincentius
587 3525 738 3586 Galilaeus
770 3534 908 3598 testatur,
947 3525 998 3585 sed
1021 3543 1170 3586 numerum
1201 3544 1301 3607 eorum
1333 3528 1384 3588 ad,
1402 3544 1554 3590 numerum

212 3616 372 3689 specierum
394 3617 480 3674 unius
503 3613 642 3691 diapason
673 3631 737 3673 cum
759 3613 1038 3690 Ptolemaeofexigo
1068 3615 1191 3690 dicoque
1222 3614 1345 3675 totidem
1371 3631 1435 3676 esse
1458 3625 1553 3693 tonos,
1620 3623 1622 3632 ’

213 3710 282 3776 quot
304 3709 427 3777 possunt
449 3719 513 3761 esse
536 3702 647 3761 scelata
668 3704 836 3779 systematis
859 3709 981 3760 octavae
1003 3701 1134 3776 legitima
1156 3709 1185 3761 et
1207 3704 1363 3777 eopcinua,
1386 3704 1553 3781 generibus,

213 3787 312 3847 ordine
336 3791 539 3848 cancianorum
562 3789 780 3848 intervallorum
804 3797 833 3848 et
855 3791 914 3847 situ
930 3788 1186 3861 tetrachordorum,
1210 3807 1261 3849 seu
1278 3788 1420 3850 electione
1442 3791 1554 3852 medle-
1649 3790 1653 3795 ’
1693 3764 1695 3767 ⁴

213 3883 303 3935 tatum
326 3876 460 3935 binarum
488 3874 718 3936 harmonicarum
747 3878 822 3936 inter
852 3893 883 3934 se
915 3876 1086 3936 differentia.
1132 3876 1204 3936 Tres
1234 3879 1369 3937 nimirum
1401 3887 1469 3936 sunt
1496 3895 1552 3951 res,

213 3980 286 4038 quae
308 3970 394 4023 tonos
417 3966 533 4023 variant
554 3967 687 4039 interque
711 3980 775 4023 sese
799 3963 995 4039 distinguunt:
1026 3981 1131 4039 genus,
1155 3964 1275 4039 sequela
1297 3967 1501 4023 continuorum
1524 3972 1554 4025 et

216 4049 377 4110 articulatio
398 4050 499 4110 sceleti
522 4069 557 4110 ex
580 4053 778 4111 consonantiis
800 4052 968 4109 minoribus.

295 4138 424 4197 Primum
445 4155 553 4215 genera
575 4139 642 4213 duo,
666 4156 728 4215 cap.
747 4139 774 4197 6.
799 4140 956 4197 constituta
973 4136 1125 4196 divisionis
1140 4140 1308 4215 systematis
1325 4145 1455 4210 octavae,
1480 4155 1552 4198 con·

210 4229 331 4287 stituunt
352 4227 437 4286 nobis
460 4225 533 4284 duos
555 4228 697 4302 principes
720 4234 750 4285 et
771 4234 875 4284 natura
896 4229 1005 4301 primos
1027 4235 1128 4297 tonos,
1153 4242 1218 4282 cum
1233 4226 1304 4301 'ipso
1330 4244 1369 4285 sc.
1392 4234 1551 4302 systemate

210 4316 293 4373 unius
315 4312 407 4372 solius
431 4321 554 4372 octavae
585 4322 671 4373 ortos.
717 4312 831 4372 Deinde
854 4315 882 4369 in
907 4322 1030 4387 utroque
1052 4328 1158 4387 genere
1180 4305 1364 4389 systematis,
1395 4321 1455 4372 tam
1478 4310 1550 4372 duro

210 4420 295 4477 quam
317 4399 413 4473 molli,
444 4418 479 4460 cx
502 4403 712 4477 compositione
736 4401 857 4459 duorum
880 4398 1021 4475 diapason
1047 4401 1076 4456 iu
1100 4416 1188 4457 unum
1216 4400 1310 4473 majus
1340 4411 1369 4459 et
1391 4401 1551 4476 perlectum

208 4498 345 4566 systema,
368 4505 456 4563 quam
479 4488 649 4548 tradidimus
672 4492 767 4563 capite
793 4491 841 4559 li,
865 4486 970 4544 dantur
991 4493 1150 4562 systemata
1165 4485 1354 4561 singularium
1371 4496 1550 4561 octavarum,

209 4576 369 4637 differentia
400 4574 546 4635 radicibus
577 4594 629 4635 ssu
651 4578 747 4645 metis,
778 4575 884 4649 quibus
912 4567 1112 4647 includuntur'3
1145 4582 1212 4631 sunt
1240 4582 1336 4633 antem
1364 4573 1432 4633 illae
1454 4581 1549 4636 metae
1590 4562 1599 4577 ⁸

208 4663 270 4723 loca
292 4664 459 4740 systematis
488 4662 629 4722 naturalis
652 4662 787 4739 diversa,
811 4677 867 4719 -seu
895 4660 1034 4720 hodierno
1065 4660 1209 4720 vocabulo
1233 4660 1331 4719 claves
1354 4661 1430 4720 aliae
1460 4670 1550 4737 atque
1588 4732 1593 4740 ¹

207 4751 294 4823 aliae,
323 4760 396 4825 quas
425 4752 612 4826 consequitur
633 4750 796 4807 necessario
825 4748 941 4806 diversa
963 4747 1087 4806 altitudo
1109 4755 1242 4823 respectu
1272 4751 1439 4826 systematis
1460 4757 1549 4808 natu-

207 4839 282 4912 ralis,
307 4835 428 4914 quoda
452 4834 478 4895 G
501 4840 617 4913 incipit,
641 4846 670 4895 et
691 4853 741 4913 per
763 4836 843 4894 illam
867 4835 998 4894 diversus
1022 4838 1109 4895 etiarn
1131 4837 1204 4893 situs
1225 4838 1381 4909 semitonii,
1404 4835 1484 4912 quod
1505 4842 1550 4896 ost

206 4918 252 4985 ve'l
276 4926 363 4986 tertio
386 4923 433 4983 vel
457 4928 572 4999 penimo
604 4925 651 4983 vel
680 4926 738 4981 imo
761 4923 826 4982 loco
849 4932 981 4982 octavae.
1027 4924 1101 4982 Nam
1130 4921 1207 4998 quod
1231 4924 1334 4981 attinet
1362 4921 1547 4983 altitudinem

207 5010 300 5089 ipsam
328 5012 462 5072 absolute
485 5011 712 5089 consideratam,
745 5009 796 5069 illa
824 5028 875 5086 per
903 5029 934 5070 se
963 5008 1034 5068 nihil
1058 5017 1150 5068 mutat
1179 5010 1304 5084 speciem
1333 5017 1448 5084 cantus,
1483 5026 1549 5084 cum

207 5100 306 5159 cadem
328 5101 440 5175 species
464 5100 510 5160 vel
534 5100 591 5158 alte
614 5100 707 5175 possit
735 5100 859 5157 intonari
889 5099 937 5157 vel
959 5096 1113 5157 humiliter.
1157 5096 1259 5172 Neque
1282 5095 1487 5172 adstringimur
1510 5097 1548 5157 ad

206 5186 268 5260 boc,
290 5194 325 5245 nt
346 5194 480 5245 tonorum
502 5186 678 5262 reliquorum
707 5183 855 5243 dimidiam
885 5193 996 5261 partem
1019 5200 1166 5243 sumamus
1198 5201 1264 5242 cum
1286 5182 1455 5244 Ptolemaeo
1476 5201 1548 5260 pro·

206 5273 365 5334 lundiorem
393 5282 550 5350 systemate
576 5272 602 5332 G
624 5273 775 5350 principali
798 5281 827 5329 et
850 5272 990 5345 naturali,
1024 5269 1171 5328 dimidiam
1199 5270 1339 5330 altiorem.
1384 5271 1558 5345 Possumus

207 5364 280 5432 enim
303 5360 351 5421 vel
375 5378 474 5421 omnes
499 5362 631 5432 altiores,
663 5360 709 5420 vel
738 5374 837 5418 omues
864 5358 1032 5417 humiliores
1054 5374 1183 5428 sumere,
1219 5358 1382 5417 cumidem
1412 5358 1571 5435 utriqu'

177 5516 185 5527 Ι
207 5456 342 5525 sequatur
365 5448 435 5507 ordo
458 5452 673 5521 concinnatum,
697 5457 764 5506 tunc
786 5447 935 5517 nimirum,
965 5446 990 5503 si
1013 5451 1141 5521 systema
1164 5443 1288 5521 duplicis
1311 5453 1435 5505 octavae
1457 5454 1546 5507 natu-

207 5536 302 5597 raliter
324 5538 517 5612 compositum
539 5536 659 5611 incipiat
681 5550 699 5592 a
722 5535 797 5593 clavi
824 5530 859 5592 G.
906 5533 945 5590 rit
965 5534 991 5589 si
1014 5538 1127 5607 partem
1149 5530 1333 5606 humiliores,
1365 5542 1476 5609 partem
1499 5531 1546 5607 ale

207 5626 289 5684 tiores
312 5623 453 5683 iaciamus
476 5640 540 5682 cum
562 5621 747 5694 Ptolemaeo,
778 5610 904 5688 systema
927 5608 1057 5679 naturale
1087 5622 1130 5680 sio
1152 5620 1206 5678 erit
1234 5615 1479 5697 componendum,
1512 5627 1546 5680 ut

208 5710 277 5770 intra
300 5711 435 5787 diapente
458 5710 613 5783 addamus,
644 5726 731 5784 supra
753 5705 949 5780 diatessaron,
981 5713 1010 5766 et
1040 5709 1081 5766 sic
1112 5715 1243 5784 systema
1265 5712 1456 5785 compositum
1489 5707 1547 5769 du·

1255 5837 1260 5857 i
1325 5812 1390 5871 12·
