<?xml version="1.0" encoding="UTF-8"?>
<!DOCTYPE html PUBLIC "-//W3C//DTD XHTML 1.0 Transitional//EN"
    "http://www.w3.org/TR/xhtml1/DTD/xhtml1-transitional.dtd">
<html xmlns="http://www.w3.org/1999/xhtml" xml:lang="en" lang="en">
 <head>
  <title>
</title>
<meta http-equiv="Content-Type" content="text/html;charset=utf-8" />
  <meta name='ocr-system' content='tesseract 3.04.00' />
  <meta name='ocr-capabilities' content='ocr_page ocr_carea ocr_par ocr_line ocrx_word'/>
</head>
<body>
  <div class='ocr_page' id='page_1' title='image "./joanniskepleria09frisgoog_0091.png"; bbox 0 0 3684 7259; ppageno 0'>
   <div class='ocr_carea' id='block_1_1' title="bbox 817 1199 1578 1312">
    <p class='ocr_par' dir='ltr' id='par_1_1' title="bbox 817 1199 1578 1312">
     <span class='ocr_line' id='line_1_1' title="bbox 817 1199 1578 1312; baseline 0.016 -37"><span class='ocrx_word' id='word_1_1' title='bbox 817 1220 967 1277; x_wconf 87' lang='lat' dir='ltr'><strong>Dedicatio.</strong></span> <span class='ocrx_word' id='word_1_2' title='bbox 1172 1297 1175 1302; x_wconf 28' lang='grc' dir='ltr'>Ι</span> <span class='ocrx_word' id='word_1_3' title='bbox 1305 1199 1307 1204; x_wconf 32' lang='grc'><strong>’</strong></span> <span class='ocrx_word' id='word_1_4' title='bbox 1507 1221 1578 1312; x_wconf 53' lang='lat' dir='ltr'><strong>fid.</strong></span> 
     </span>
    </p>
   </div>
   <div class='ocr_carea' id='block_1_2' title="bbox 216 1396 1626 2976">
    <p class='ocr_par' dir='ltr' id='par_1_2' title="bbox 216 1396 1571 2162">
     <span class='ocr_line' id='line_1_2' title="bbox 217 1396 1569 1477; baseline 0.001 -20"><span class='ocrx_word' id='word_1_5' title='bbox 217 1396 384 1475; x_wconf 85' lang='lat' dir='ltr'><strong>exemplum</strong></span> <span class='ocrx_word' id='word_1_6' title='bbox 407 1397 551 1475; x_wconf 81' lang='lat' dir='ltr'><strong>revertar)¹</strong></span> <span class='ocrx_word' id='word_1_7' title='bbox 579 1401 607 1457; x_wconf 93' lang='lat' dir='ltr'><strong>in</strong></span> <span class='ocrx_word' id='word_1_8' title='bbox 639 1417 749 1461; x_wconf 90' lang='lat' dir='ltr'><strong>meram</strong></span> <span class='ocrx_word' id='word_1_9' title='bbox 778 1408 807 1460; x_wconf 88' lang='lat' dir='ltr'><strong>et</strong></span> <span class='ocrx_word' id='word_1_10' title='bbox 836 1400 1000 1462; x_wconf 80' lang='lat' dir='ltr'>durabilem</span> <span class='ocrx_word' id='word_1_11' title='bbox 1027 1400 1207 1460; x_wconf 81' lang='lat' dir='ltr'>harmoniam</span> <span class='ocrx_word' id='word_1_12' title='bbox 1230 1402 1411 1475; x_wconf 34' lang='lat' dir='ltr'><strong>terminetur..</strong></span> <span class='ocrx_word' id='word_1_13' title='bbox 1452 1399 1518 1477; x_wconf 86' lang='lat' dir='ltr'><strong>Qua</strong></span> <span class='ocrx_word' id='word_1_14' title='bbox 1539 1401 1569 1458; x_wconf 88' lang='lat' dir='ltr'><strong>io</strong></span> 
     </span>
     <span class='ocr_line' id='line_1_3' title="bbox 216 1479 1568 1564; baseline 0.003 -21"><span class='ocrx_word' id='word_1_15' title='bbox 216 1504 268 1563; x_wconf 83' lang='lat' dir='ltr'><strong>spe</strong></span> <span class='ocrx_word' id='word_1_16' title='bbox 292 1488 381 1545; x_wconf 90' lang='lat' dir='ltr'><strong>etiam</strong></span> <span class='ocrx_word' id='word_1_17' title='bbox 405 1495 505 1547; x_wconf 89' lang='lat' dir='ltr'><strong>contra</strong></span> <span class='ocrx_word' id='word_1_18' title='bbox 527 1504 609 1563; x_wconf 86' lang='lat' dir='ltr'><strong>spem</strong></span> <span class='ocrx_word' id='word_1_19' title='bbox 632 1487 784 1547; x_wconf 85' lang='lat' dir='ltr'><strong>confirmor</strong></span> <span class='ocrx_word' id='word_1_20' title='bbox 805 1506 863 1548; x_wconf 92' lang='lat' dir='ltr'><strong>non</strong></span> <span class='ocrx_word' id='word_1_21' title='bbox 887 1497 1001 1548; x_wconf 92' lang='lat' dir='ltr'><strong>tantum</strong></span> <span class='ocrx_word' id='word_1_22' title='bbox 1023 1479 1160 1549; x_wconf 84' lang='lat' dir='ltr'><strong>successu</strong></span> <span class='ocrx_word' id='word_1_23' title='bbox 1182 1506 1311 1547; x_wconf 88' lang='lat' dir='ltr'><strong>mearum</strong></span> <span class='ocrx_word' id='word_1_24' title='bbox 1336 1486 1568 1564; x_wconf 81' lang='lat' dir='ltr'>speculationum</span> 
     </span>
     <span class='ocr_line' id='line_1_4' title="bbox 216 1574 1568 1653; baseline 0.002 -23"><span class='ocrx_word' id='word_1_25' title='bbox 216 1574 466 1649; x_wconf 73' lang='lat' dir='ltr'><strong>harmonicam,</strong></span> <span class='ocrx_word' id='word_1_26' title='bbox 497 1583 530 1633; x_wconf 91' lang='lat' dir='ltr'><strong>ut</strong></span> <span class='ocrx_word' id='word_1_27' title='bbox 559 1575 642 1651; x_wconf 88' lang='lat' dir='ltr'><strong>cujus</strong></span> <span class='ocrx_word' id='word_1_28' title='bbox 670 1575 794 1636; x_wconf 82' lang='lat' dir='ltr'><strong>felicitas</strong></span> <span class='ocrx_word' id='word_1_29' title='bbox 824 1576 979 1637; x_wconf 80' lang='lat' dir='ltr'><strong>audaciam</strong></span> <span class='ocrx_word' id='word_1_30' title='bbox 1002 1578 1031 1634; x_wconf 94' lang='lat' dir='ltr'><strong>in</strong></span> <span class='ocrx_word' id='word_1_31' title='bbox 1055 1575 1219 1653; x_wconf 87' lang='lat' dir='ltr'><strong>quaerendo</strong></span> <span class='ocrx_word' id='word_1_32' title='bbox 1242 1575 1411 1653; x_wconf 85' lang='lat' dir='ltr'><strong>longissime</strong></span> <span class='ocrx_word' id='word_1_33' title='bbox 1435 1582 1568 1653; x_wconf 82' lang='lat' dir='ltr'><strong>superat:</strong></span> 
     </span>
     <span class='ocr_line' id='line_1_5' title="bbox 217 1660 1570 1744; baseline 0.001 -25"><span class='ocrx_word' id='word_1_34' title='bbox 217 1660 270 1720; x_wconf 89' lang='lat' dir='ltr'><strong>scd</strong></span> <span class='ocrx_word' id='word_1_35' title='bbox 293 1664 382 1721; x_wconf 90' lang='lat' dir='ltr'><strong>etiam</strong></span> <span class='ocrx_word' id='word_1_36' title='bbox 405 1662 461 1722; x_wconf 91' lang='lat' dir='ltr'><strong>boc</strong></span> <span class='ocrx_word' id='word_1_37' title='bbox 483 1664 558 1742; x_wconf 87' lang='lat' dir='ltr'><strong>ipso,</strong></span> <span class='ocrx_word' id='word_1_38' title='bbox 581 1663 661 1740; x_wconf 87' lang='lat' dir='ltr'><strong>quod</strong></span> <span class='ocrx_word' id='word_1_39' title='bbox 676 1666 748 1722; x_wconf 90' lang='lat' dir='ltr'><strong>inter</strong></span> <span class='ocrx_word' id='word_1_40' title='bbox 764 1673 869 1738; x_wconf 89' lang='lat' dir='ltr'><strong>cetera,</strong></span> <span class='ocrx_word' id='word_1_41' title='bbox 894 1682 980 1744; x_wconf 89' lang='lat' dir='ltr'><strong>quae,</strong></span> <span class='ocrx_word' id='word_1_42' title='bbox 1002 1664 1041 1723; x_wconf 91' lang='lat' dir='ltr'><strong>ad</strong></span> <span class='ocrx_word' id='word_1_43' title='bbox 1064 1666 1159 1742; x_wconf 91' lang='lat' dir='ltr'><strong>operis</strong></span> <span class='ocrx_word' id='word_1_44' title='bbox 1176 1664 1382 1742; x_wconf 78' lang='lat' dir='ltr'><strong>perfectionem</strong></span> <span class='ocrx_word' id='word_1_45' title='bbox 1397 1666 1570 1737; x_wconf 89' lang='lat' dir='ltr'><strong>necessaria,</strong></span> 
     </span>
     <span class='ocr_line' id='line_1_6' title="bbox 216 1743 1571 1830; baseline 0.001 -23"><span class='ocrx_word' id='word_1_46' title='bbox 216 1766 268 1825; x_wconf 91' lang='lat' dir='ltr'><strong>per</strong></span> <span class='ocrx_word' id='word_1_47' title='bbox 290 1756 335 1808; x_wconf 92' lang='lat' dir='ltr'><strong>tot</strong></span> <span class='ocrx_word' id='word_1_48' title='bbox 353 1750 416 1825; x_wconf 90' lang='lat' dir='ltr'><strong>jam</strong></span> <span class='ocrx_word' id='word_1_49' title='bbox 438 1768 531 1810; x_wconf 91' lang='lat' dir='ltr'><strong>annos</strong></span> <span class='ocrx_word' id='word_1_50' title='bbox 554 1750 669 1810; x_wconf 89' lang='lat' dir='ltr'><strong>luerunt</strong></span> <span class='ocrx_word' id='word_1_51' title='bbox 692 1751 757 1810; x_wconf 90' lang='lat' dir='ltr'><strong>loco</strong></span> <span class='ocrx_word' id='word_1_52' title='bbox 781 1753 912 1830; x_wconf 91' lang='lat' dir='ltr'><strong>pristino,</strong></span> <span class='ocrx_word' id='word_1_53' title='bbox 937 1743 1125 1827; x_wconf 71' lang='lat' dir='ltr'><strong>Maiestatem</strong></span> <span class='ocrx_word' id='word_1_54' title='bbox 1147 1754 1234 1811; x_wconf 89' lang='lat' dir='ltr'><strong>etiam</strong></span> <span class='ocrx_word' id='word_1_55' title='bbox 1249 1751 1344 1810; x_wconf 87' lang='lat' dir='ltr'><strong>Tuam</strong></span> <span class='ocrx_word' id='word_1_56' title='bbox 1367 1751 1498 1828; x_wconf 84' lang='lat' dir='ltr'><strong>Regiam,</strong></span> <span class='ocrx_word' id='word_1_57' title='bbox 1523 1753 1571 1810; x_wconf 96' lang='lat' dir='ltr'><strong>cui</strong></span> 
     </span>
     <span class='ocr_line' id='line_1_7' title="bbox 217 1837 1570 1920; baseline 0.001 -25"><span class='ocrx_word' id='word_1_58' title='bbox 217 1838 412 1913; x_wconf 88' lang='lat' dir='ltr'><strong>patrocinium</strong></span> <span class='ocrx_word' id='word_1_59' title='bbox 435 1840 547 1916; x_wconf 94' lang='lat' dir='ltr'><strong>operis,</strong></span> <span class='ocrx_word' id='word_1_60' title='bbox 578 1847 738 1915; x_wconf 83' lang='lat' dir='ltr'><strong>antequam</strong></span> <span class='ocrx_word' id='word_1_61' title='bbox 761 1842 949 1920; x_wconf 84' lang='lat' dir='ltr'><strong>inciperetur,</strong></span> <span class='ocrx_word' id='word_1_62' title='bbox 974 1840 1197 1911; x_wconf 83' lang='lat' dir='ltr'><strong>destinaveram,</strong></span> <span class='ocrx_word' id='word_1_63' title='bbox 1221 1839 1372 1915; x_wconf 88' lang='lat' dir='ltr'><strong>hucusque</strong></span> <span class='ocrx_word' id='word_1_64' title='bbox 1395 1837 1570 1898; x_wconf 90' lang='lat' dir='ltr'><strong>incolumem</strong></span> 
     </span>
     <span class='ocr_line' id='line_1_8' title="bbox 217 1923 1570 2003; baseline 0.001 -20"><span class='ocrx_word' id='word_1_65' title='bbox 217 1933 247 1983; x_wconf 92' lang='lat' dir='ltr'><strong>et</strong></span> <span class='ocrx_word' id='word_1_66' title='bbox 269 1923 421 1984; x_wconf 89' lang='lat' dir='ltr'><strong>florentem</strong></span> <span class='ocrx_word' id='word_1_67' title='bbox 438 1925 513 1984; x_wconf 84' lang='lat' dir='ltr'><strong>vidi:</strong></span> <span class='ocrx_word' id='word_1_68' title='bbox 536 1943 589 1987; x_wconf 89' lang='lat' dir='ltr'><strong>nec</strong></span> <span class='ocrx_word' id='word_1_69' title='bbox 612 1926 743 1986; x_wconf 92' lang='lat' dir='ltr'><strong>desinam</strong></span> <span class='ocrx_word' id='word_1_70' title='bbox 767 1945 785 1985; x_wconf 90' lang='lat' dir='ltr'><strong>a</strong></span> <span class='ocrx_word' id='word_1_71' title='bbox 803 1928 876 2003; x_wconf 90' lang='lat' dir='ltr'><strong>Deo,</strong></span> <span class='ocrx_word' id='word_1_72' title='bbox 893 1927 979 1987; x_wconf 81' lang='lat' dir='ltr'><strong>Pacis</strong></span> <span class='ocrx_word' id='word_1_73' title='bbox 1003 1935 1032 1988; x_wconf 90' lang='lat' dir='ltr'><strong>et</strong></span> <span class='ocrx_word' id='word_1_74' title='bbox 1046 1926 1226 1988; x_wconf 87' lang='lat' dir='ltr'><strong>Concordiae</strong></span> <span class='ocrx_word' id='word_1_75' title='bbox 1242 1935 1370 1999; x_wconf 90' lang='lat' dir='ltr'><strong>auctore,</strong></span> <span class='ocrx_word' id='word_1_76' title='bbox 1396 1924 1570 1986; x_wconf 86' lang='lat' dir='ltr'><strong>contendere</strong></span> 
     </span>
     <span class='ocr_line' id='line_1_9' title="bbox 218 2010 1570 2092; baseline 0.002 -23"><span class='ocrx_word' id='word_1_77' title='bbox 218 2010 333 2071; x_wconf 88' lang='lat' dir='ltr'><strong>devotis</strong></span> <span class='ocrx_word' id='word_1_78' title='bbox 356 2012 505 2090; x_wconf 86' lang='lat' dir='ltr'><strong>precibus,</strong></span> <span class='ocrx_word' id='word_1_79' title='bbox 536 2015 579 2072; x_wconf 90' lang='lat' dir='ltr'><strong>uti</strong></span> <span class='ocrx_word' id='word_1_80' title='bbox 609 2014 662 2074; x_wconf 95' lang='lat' dir='ltr'><strong>tibi</strong></span> <span class='ocrx_word' id='word_1_81' title='bbox 686 2022 715 2074; x_wconf 91' lang='lat' dir='ltr'><strong>et</strong></span> <span class='ocrx_word' id='word_1_82' title='bbox 739 2017 830 2075; x_wconf 86' lang='lat' dir='ltr'><strong>vitam</strong></span> <span class='ocrx_word' id='word_1_83' title='bbox 853 2024 882 2075; x_wconf 90' lang='lat' dir='ltr'><strong>et</strong></span> <span class='ocrx_word' id='word_1_84' title='bbox 904 2015 1091 2092; x_wconf 86' lang='lat' dir='ltr'><strong>Majestatem</strong></span> <span class='ocrx_word' id='word_1_85' title='bbox 1116 2015 1238 2091; x_wconf 84' lang='lat' dir='ltr'><strong>Regiam</strong></span> <span class='ocrx_word' id='word_1_86' title='bbox 1260 2032 1352 2090; x_wconf 87' lang='lat' dir='ltr'><strong>usque</strong></span> <span class='ocrx_word' id='word_1_87' title='bbox 1377 2014 1414 2072; x_wconf 90' lang='lat' dir='ltr'><strong>ad</strong></span> <span class='ocrx_word' id='word_1_88' title='bbox 1438 2021 1570 2091; x_wconf 87' lang='lat' dir='ltr'><strong>optatum</strong></span> 
     </span>
     <span class='ocr_line' id='line_1_10' title="bbox 217 2099 808 2162; baseline 0.005 -5"><span class='ocrx_word' id='word_1_89' title='bbox 217 2099 302 2157; x_wconf 91' lang='lat' dir='ltr'><strong>illum</strong></span> <span class='ocrx_word' id='word_1_90' title='bbox 324 2109 464 2159; x_wconf 82' lang='lat' dir='ltr'><strong>eventum</strong></span> <span class='ocrx_word' id='word_1_91' title='bbox 485 2100 661 2161; x_wconf 90' lang='lat' dir='ltr'><strong>incolumem</strong></span> <span class='ocrx_word' id='word_1_92' title='bbox 683 2108 808 2162; x_wconf 87' lang='lat' dir='ltr'><strong>tueatur.</strong></span> 
     </span>
    </p>

    <p class='ocr_par' dir='ltr' id='par_1_3' title="bbox 216 2185 1626 2976">
     <span class='ocr_line' id='line_1_11' title="bbox 304 2185 1570 2268; baseline 0.002 -24"><span class='ocrx_word' id='word_1_93' title='bbox 304 2185 423 2248; x_wconf 84' lang='lat' dir='ltr'><strong>Interim</strong></span> <span class='ocrx_word' id='word_1_94' title='bbox 445 2187 562 2265; x_wconf 80' lang='lat' dir='ltr'><strong>MaJeat.</strong></span> <span class='ocrx_word' id='word_1_95' title='bbox 585 2188 681 2250; x_wconf 81' lang='lat' dir='ltr'><strong>Tuam</strong></span> <span class='ocrx_word' id='word_1_96' title='bbox 708 2188 993 2250; x_wconf 90' lang='lat' dir='ltr'><strong>Reverendissimam&#39;</strong></span> <span class='ocrx_word' id='word_1_97' title='bbox 1023 2188 1147 2268; x_wconf 86' lang='lat' dir='ltr'><strong>supplex</strong></span> <span class='ocrx_word' id='word_1_98' title='bbox 1174 2206 1263 2268; x_wconf 89' lang='lat' dir='ltr'><strong>rogo,</strong></span> <span class='ocrx_word' id='word_1_99' title='bbox 1293 2197 1326 2247; x_wconf 91' lang='lat' dir='ltr'><strong>ut</strong></span> <span class='ocrx_word' id='word_1_100' title='bbox 1355 2196 1385 2247; x_wconf 90' lang='lat' dir='ltr'><strong>et</strong></span> <span class='ocrx_word' id='word_1_101' title='bbox 1413 2188 1469 2248; x_wconf 92' lang='lat' dir='ltr'><strong>hoc</strong></span> <span class='ocrx_word' id='word_1_102' title='bbox 1496 2203 1570 2265; x_wconf 85' lang='lat' dir='ltr'><strong>opus</strong></span> 
     </span>
     <span class='ocr_line' id='line_1_12' title="bbox 216 2273 1570 2357; baseline 0 -23"><span class='ocrx_word' id='word_1_103' title='bbox 216 2273 421 2355; x_wconf 88' lang='lat' dir='ltr'><strong>Harmonices,</strong></span> <span class='ocrx_word' id='word_1_104' title='bbox 444 2275 561 2336; x_wconf 88' lang='lat' dir='ltr'><strong>Nomini</strong></span> <span class='ocrx_word' id='word_1_105' title='bbox 580 2293 639 2336; x_wconf 88' lang='lat' dir='ltr'><strong>suo</strong></span> <span class='ocrx_word' id='word_1_106' title='bbox 661 2277 837 2357; x_wconf 90' lang='lat' dir='ltr'><strong>dedicatum,</strong></span> <span class='ocrx_word' id='word_1_107' title='bbox 860 2295 963 2339; x_wconf 92' lang='lat' dir='ltr'><strong>sereno</strong></span> <span class='ocrx_word' id='word_1_108' title='bbox 988 2277 1071 2337; x_wconf 85' lang='lat' dir='ltr'><strong>vultu</strong></span> <span class='ocrx_word' id='word_1_109' title='bbox 1088 2276 1233 2354; x_wconf 85' lang='lat' dir='ltr'><strong>adspiciat</strong></span> <span class='ocrx_word' id='word_1_110' title='bbox 1255 2283 1284 2336; x_wconf 90' lang='lat' dir='ltr'><strong>et</strong></span> <span class='ocrx_word' id='word_1_111' title='bbox 1306 2277 1382 2335; x_wconf 89' lang='lat' dir='ltr'><strong>hanc</strong></span> <span class='ocrx_word' id='word_1_112' title='bbox 1404 2277 1461 2335; x_wconf 91' lang='lat' dir='ltr'><strong>mei</strong></span> <span class='ocrx_word' id='word_1_113' title='bbox 1477 2273 1570 2335; x_wconf 86' lang='lat' dir='ltr'><strong>devo-</strong></span> 
     </span>
     <span class='ocr_line' id='line_1_13' title="bbox 216 2362 1569 2443; baseline 0.001 -23"><span class='ocrx_word' id='word_1_114' title='bbox 216 2364 323 2421; x_wconf 90' lang='lat' dir='ltr'><strong>tissimi</strong></span> <span class='ocrx_word' id='word_1_115' title='bbox 346 2363 467 2425; x_wconf 84' lang='lat' dir='ltr'><strong>ailectns</strong></span> <span class='ocrx_word' id='word_1_116' title='bbox 501 2367 529 2422; x_wconf 89' lang='lat' dir='ltr'><strong>in</strong></span> <span class='ocrx_word' id='word_1_117' title='bbox 554 2364 599 2424; x_wconf 89' lang='lat' dir='ltr'><strong>Se&#39;</strong></span> <span class='ocrx_word' id='word_1_118' title='bbox 615 2364 856 2441; x_wconf 84' lang='lat' dir='ltr'><strong>significationem</strong></span> <span class='ocrx_word' id='word_1_119' title='bbox 879 2368 965 2443; x_wconf 88' lang='lat' dir='ltr'><strong>aequi</strong></span> <span class='ocrx_word' id='word_1_120' title='bbox 988 2366 1116 2442; x_wconf 90' lang='lat' dir='ltr'><strong>bonique</strong></span> <span class='ocrx_word' id='word_1_121' title='bbox 1146 2363 1298 2442; x_wconf 86' lang='lat' dir='ltr'><strong>consulat,</strong></span> <span class='ocrx_word' id='word_1_122' title='bbox 1326 2362 1569 2441; x_wconf 85' lang='lat' dir='ltr'><strong>contemplatione</strong></span> 
     </span>
     <span class='ocr_line' id='line_1_14' title="bbox 217 2446 1570 2531; baseline -0.001 -23"><span class='ocrx_word' id='word_1_123' title='bbox 217 2466 289 2510; x_wconf 82' lang='lat' dir='ltr'><strong>vero</strong></span> <span class='ocrx_word' id='word_1_124' title='bbox 312 2446 441 2527; x_wconf 90' lang='lat' dir='ltr'><strong>Operum</strong></span> <span class='ocrx_word' id='word_1_125' title='bbox 465 2452 522 2511; x_wconf 88' lang='lat' dir='ltr'><strong>Dei</strong></span> <span class='ocrx_word' id='word_1_126' title='bbox 543 2450 669 2529; x_wconf 87' lang='lat' dir='ltr'><strong>Regium</strong></span> <span class='ocrx_word' id='word_1_127' title='bbox 699 2451 826 2514; x_wconf 90' lang='lat' dir='ltr'><strong>obiectet</strong></span> <span class='ocrx_word' id='word_1_128' title='bbox 855 2455 998 2528; x_wconf 90' lang='lat' dir='ltr'><strong>animum,</strong></span> <span class='ocrx_word' id='word_1_129' title='bbox 1030 2460 1171 2531; x_wconf 89' lang='lat' dir='ltr'><strong>quantum</strong></span> <span class='ocrx_word' id='word_1_130' title='bbox 1201 2468 1252 2530; x_wconf 90' lang='lat' dir='ltr'><strong>per</strong></span> <span class='ocrx_word' id='word_1_131' title='bbox 1274 2453 1452 2511; x_wconf 86' lang='lat' dir='ltr'><strong>necessarias</strong></span> <span class='ocrx_word' id='word_1_132' title='bbox 1475 2450 1570 2526; x_wconf 87' lang='lat' dir='ltr'><strong>Regni</strong></span> 
     </span>
     <span class='ocr_line' id='line_1_15' title="bbox 218 2538 1570 2619; baseline -0.001 -23"><span class='ocrx_word' id='word_1_133' title='bbox 218 2540 426 2616; x_wconf 84' lang='lat' dir='ltr'><strong>occupationes</strong></span> <span class='ocrx_word' id='word_1_134' title='bbox 448 2539 561 2612; x_wconf 84' lang='lat' dir='ltr'><strong>licebit:</strong></span> <span class='ocrx_word' id='word_1_135' title='bbox 591 2547 622 2600; x_wconf 94' lang='lat' dir='ltr'><strong>et</strong></span> <span class='ocrx_word' id='word_1_136' title='bbox 643 2540 784 2619; x_wconf 87' lang='lat' dir='ltr'><strong>exemplis</strong></span> <span class='ocrx_word' id='word_1_137' title='bbox 808 2540 988 2602; x_wconf 85' lang='lat' dir='ltr'><strong>Concordiae</strong></span> <span class='ocrx_word' id='word_1_138' title='bbox 1010 2539 1273 2619; x_wconf 87' lang='lat' dir='ltr'><strong>resplendescentis</strong></span> <span class='ocrx_word' id='word_1_139' title='bbox 1296 2557 1331 2599; x_wconf 86' lang='lat' dir='ltr'><strong>er</strong></span> <span class='ocrx_word' id='word_1_140' title='bbox 1354 2539 1490 2616; x_wconf 89' lang='lat' dir='ltr'><strong>operibus</strong></span> <span class='ocrx_word' id='word_1_141' title='bbox 1515 2538 1570 2596; x_wconf 87' lang='lat' dir='ltr'><strong>Dei</strong></span> 
     </span>
     <span class='ocr_line' id='line_1_16' title="bbox 218 2624 1570 2708; baseline 0.001 -26"><span class='ocrx_word' id='word_1_142' title='bbox 218 2624 385 2684; x_wconf 81' lang='lat' dir='ltr'><strong>visibilibus</strong></span> <span class='ocrx_word' id='word_1_143' title='bbox 414 2626 544 2687; x_wconf 86' lang='lat' dir='ltr'><strong>studium</strong></span> <span class='ocrx_word' id='word_1_144' title='bbox 573 2629 603 2685; x_wconf 92' lang='lat' dir='ltr'><strong>in</strong></span> <span class='ocrx_word' id='word_1_145' title='bbox 633 2646 665 2687; x_wconf 91' lang='lat' dir='ltr'><strong>se</strong></span> <span class='ocrx_word' id='word_1_146' title='bbox 688 2629 860 2688; x_wconf 90' lang='lat' dir='ltr'><strong>concordiae</strong></span> <span class='ocrx_word' id='word_1_147' title='bbox 893 2637 921 2690; x_wconf 90' lang='lat' dir='ltr'><strong>ct</strong></span> <span class='ocrx_word' id='word_1_148' title='bbox 945 2631 1026 2708; x_wconf 83' lang='lat' dir='ltr'><strong>pacis</strong></span> <span class='ocrx_word' id='word_1_149' title='bbox 1050 2628 1265 2688; x_wconf 89' lang='lat' dir='ltr'><strong>ecclesiasticae</strong></span> <span class='ocrx_word' id='word_1_150' title='bbox 1288 2635 1316 2686; x_wconf 93' lang='lat' dir='ltr'><strong>et</strong></span> <span class='ocrx_word' id='word_1_151' title='bbox 1339 2626 1475 2703; x_wconf 89' lang='lat' dir='ltr'><strong>politicae</strong></span> <span class='ocrx_word' id='word_1_152' title='bbox 1498 2641 1570 2685; x_wconf 90' lang='lat' dir='ltr'><strong>con-</strong></span> 
     </span>
     <span class='ocr_line' id='line_1_17' title="bbox 216 2712 1570 2793; baseline -0.001 -22"><span class='ocrx_word' id='word_1_153' title='bbox 216 2712 311 2772; x_wconf 86' lang='lat' dir='ltr'><strong>firmet</strong></span> <span class='ocrx_word' id='word_1_154' title='bbox 333 2715 512 2792; x_wconf 81' lang='lat' dir='ltr'><strong>excitetque:</strong></span> <span class='ocrx_word' id='word_1_155' title='bbox 536 2713 661 2793; x_wconf 90' lang='lat' dir='ltr'><strong>denique</strong></span> <span class='ocrx_word' id='word_1_156' title='bbox 685 2733 732 2775; x_wconf 89' lang='lat' dir='ltr'><strong>me</strong></span> <span class='ocrx_word' id='word_1_157' title='bbox 754 2733 878 2793; x_wconf 90' lang='lat' dir='ltr'><strong>meaque</strong></span> <span class='ocrx_word' id='word_1_158' title='bbox 900 2716 999 2777; x_wconf 90' lang='lat' dir='ltr'><strong>studia</strong></span> <span class='ocrx_word' id='word_1_159' title='bbox 1012 2716 1107 2793; x_wconf 92' lang='lat' dir='ltr'><strong>Regio</strong></span> <span class='ocrx_word' id='word_1_160' title='bbox 1136 2715 1189 2774; x_wconf 88' lang='lat' dir='ltr'><strong>suo</strong></span> <span class='ocrx_word' id='word_1_161' title='bbox 1219 2716 1380 2792; x_wconf 89' lang='lat' dir='ltr'><strong>patrocinio</strong></span> <span class='ocrx_word' id='word_1_162' title='bbox 1405 2712 1570 2772; x_wconf 90' lang='lat' dir='ltr'><strong>clementis·</strong></span> 
     </span>
     <span class='ocr_line' id='line_1_18' title="bbox 216 2798 1626 2886; baseline -0.001 -27"><span class='ocrx_word' id='word_1_163' title='bbox 216 2803 292 2859; x_wconf 90' lang='lat' dir='ltr'><strong>simo</strong></span> <span class='ocrx_word' id='word_1_164' title='bbox 316 2799 459 2877; x_wconf 80' lang='lat' dir='ltr'><strong>dignetur.</strong></span> <span class='ocrx_word' id='word_1_165' title='bbox 473 2798 499 2886; x_wconf 87' lang='lat'><strong>¹)</strong></span> <span class='ocrx_word' id='word_1_166' title='bbox 544 2802 660 2864; x_wconf 89' lang='lat' dir='ltr'><strong>Dabam</strong></span> <span class='ocrx_word' id='word_1_167' title='bbox 684 2804 795 2866; x_wconf 86' lang='lat' dir='ltr'><strong>Lentiis</strong></span> <span class='ocrx_word' id='word_1_168' title='bbox 817 2804 932 2876; x_wconf 80' lang='lat' dir='ltr'><strong>Noricis</strong></span> <span class='ocrx_word' id='word_1_169' title='bbox 954 2803 992 2864; x_wconf 90' lang='lat' dir='ltr'><strong>ad</strong></span> <span class='ocrx_word' id='word_1_170' title='bbox 1014 2804 1121 2884; x_wconf 91' lang='lat' dir='ltr'><strong>Ripam</strong></span> <span class='ocrx_word' id='word_1_171' title='bbox 1143 2802 1290 2882; x_wconf 84' lang='lat' dir='ltr'><strong>Danubii,</strong></span> <span class='ocrx_word' id='word_1_172' title='bbox 1312 2800 1414 2860; x_wconf 91' lang='lat' dir='ltr'><strong>Ididus</strong></span> <span class='ocrx_word' id='word_1_173' title='bbox 1438 2800 1570 2859; x_wconf 85' lang='lat' dir='ltr'><strong>Februa·</strong></span> <span class='ocrx_word' id='word_1_174' title='bbox 1623 2805 1626 2810; x_wconf 88' lang='lat'>&#39;</span> 
     </span>
     <span class='ocr_line' id='line_1_19' title="bbox 216 2887 870 2976; baseline 0.005 -29"><span class='ocrx_word' id='word_1_175' title='bbox 216 2891 277 2964; x_wconf 89' lang='lat' dir='ltr'><strong>riis,</strong></span> <span class='ocrx_word' id='word_1_176' title='bbox 301 2906 378 2948; x_wconf 85' lang='lat' dir='ltr'><strong>anno</strong></span> <span class='ocrx_word' id='word_1_177' title='bbox 401 2908 487 2951; x_wconf 87' lang='lat' dir='ltr'><strong>aerae</strong></span> <span class='ocrx_word' id='word_1_178' title='bbox 510 2887 669 2976; x_wconf 79' lang='lat' dir='ltr'><strong>occidentis</strong></span> <span class='ocrx_word' id='word_1_179' title='bbox 691 2890 870 2951; x_wconf 85' lang='lat' dir='ltr'>MDCXIX.</span> 
     </span>
    </p>
   </div>
   <div class='ocr_carea' id='block_1_3' title="bbox 425 3046 972 3127">
    <p class='ocr_par' dir='ltr' id='par_1_4' title="bbox 425 3046 972 3127">
     <span class='ocr_line' id='line_1_20' title="bbox 425 3046 972 3127; baseline 0 -18"><span class='ocrx_word' id='word_1_180' title='bbox 425 3046 566 3109; x_wconf 87' lang='lat' dir='ltr'><strong>Sereniss.</strong></span> <span class='ocrx_word' id='word_1_181' title='bbox 590 3048 707 3127; x_wconf 84' lang='lat' dir='ltr'><strong>Majest.</strong></span> <span class='ocrx_word' id='word_1_182' title='bbox 731 3048 826 3109; x_wconf 76' lang='lat' dir='ltr'><strong>Tuam</strong></span> <span class='ocrx_word' id='word_1_183' title='bbox 850 3049 972 3126; x_wconf 86' lang='lat' dir='ltr'><strong>Regiam</strong></span> 
     </span>
    </p>
   </div>
   <div class='ocr_carea' id='block_1_4' title="bbox 522 3197 1570 3460">
    <p class='ocr_par' dir='ltr' id='par_1_5' title="bbox 522 3197 1570 3460">
     <span class='ocr_line' id='line_1_21' title="bbox 808 3197 1413 3266; baseline -0.002 0"><span class='ocrx_word' id='word_1_184' title='bbox 808 3205 894 3266; x_wconf 91' lang='lat' dir='ltr'><strong>Omni</strong></span> <span class='ocrx_word' id='word_1_185' title='bbox 910 3224 977 3266; x_wconf 90' lang='lat' dir='ltr'><strong>cum</strong></span> <span class='ocrx_word' id='word_1_186' title='bbox 991 3206 1184 3266; x_wconf 87' lang='lat' dir='ltr'><strong>submissione</strong></span> <span class='ocrx_word' id='word_1_187' title='bbox 1199 3222 1342 3266; x_wconf 82' lang='lat' dir='ltr'><strong>venerans</strong></span> <span class='ocrx_word' id='word_1_188' title='bbox 1410 3197 1413 3206; x_wconf 73' lang='grc'>’</span> 
     </span>
     <span class='ocr_line' id='line_1_22' title="bbox 522 3287 1570 3372; baseline -0.001 -21"><span class='ocrx_word' id='word_1_189' title='bbox 522 3292 595 3372; x_wconf 87' lang='lat' dir='ltr'><strong>imp.</strong></span> <span class='ocrx_word' id='word_1_190' title='bbox 619 3292 703 3354; x_wconf 81' lang='lat' dir='ltr'><strong>Gaea.</strong></span> <span class='ocrx_word' id='word_1_191' title='bbox 727 3294 871 3353; x_wconf 81' lang='lat' dir='ltr'><strong>Matdriae</strong></span> <span class='ocrx_word' id='word_1_192' title='bbox 893 3294 1017 3370; x_wconf 82' lang='lat' dir='ltr'><strong>ejusque</strong></span> <span class='ocrx_word' id='word_1_193' title='bbox 1038 3292 1169 3353; x_wconf 87' lang='lat' dir='ltr'><strong>fidelium</strong></span> <span class='ocrx_word' id='word_1_194' title='bbox 1191 3292 1333 3353; x_wconf 92' lang='lat' dir='ltr'><strong>Ordinum</strong></span> <span class='ocrx_word' id='word_1_195' title='bbox 1355 3287 1570 3352; x_wconf 81' lang='lat' dir='ltr'><strong>Archiducatus</strong></span> 
     </span>
     <span class='ocr_line' id='line_1_23' title="bbox 742 3380 1392 3460; baseline -0.003 -19"><span class='ocrx_word' id='word_1_196' title='bbox 742 3383 879 3441; x_wconf 70' lang='lat' dir='ltr'><strong>nustriae</strong></span> <span class='ocrx_word' id='word_1_197' title='bbox 901 3380 1144 3460; x_wconf 78' lang='lat' dir='ltr'><strong>supr-Anisanae</strong></span> <span class='ocrx_word' id='word_1_198' title='bbox 1166 3381 1392 3443; x_wconf 85' lang='lat' dir='ltr'><strong>Mathematicus</strong></span> 
     </span>
    </p>
   </div>
   <div class='ocr_carea' id='block_1_5' title="bbox 885 3468 1243 3546">
    <p class='ocr_par' dir='ltr' id='par_1_6' title="bbox 885 3468 1243 3546">
     <span class='ocr_line' id='line_1_24' title="bbox 885 3468 1243 3546; baseline 0.003 -19"><span class='ocrx_word' id='word_1_199' title='bbox 885 3469 1043 3530; x_wconf 78' lang='lat' dir='ltr'><strong>Jobauacs</strong></span> <span class='ocrx_word' id='word_1_200' title='bbox 1065 3468 1243 3546; x_wconf 72' lang='lat' dir='ltr'><strong>Kepplanu.</strong></span> 
     </span>
    </p>
   </div>
   <div class='ocr_carea' id='block_1_6' title="bbox 0 0 1846 7253">
    <p class='ocr_par' dir='ltr' id='par_1_7' title="bbox 0 0 1846 7253">
     <span class='ocr_line' id='line_1_25' title="bbox 0 0 1846 7253; baseline 0 0"><span class='ocrx_word' id='word_1_201' title='bbox 0 0 1846 7253; x_wconf 95' lang='lat' dir='ltr'><strong> </strong></span> 
     </span>
    </p>
   </div>
  </div>
 </body>
</html>
