3684 7259
712 1246 902 1318 caumana.
941 1241 1075 1301 nabun.
1345 1208 1348 1211 ¹
1510 1251 1570 1313 m

307 1427 353 1483 Sic
369 1425 503 1495 tetragoni
521 1424 638 1495 angulus
657 1430 699 1478 est
717 1437 786 1477 nnus
805 1427 910 1488 rectus,
937 1427 1054 1489 quatuor
1070 1439 1134 1492 ergo
1153 1429 1348 1494 quaternorum
1369 1430 1572 1493 tetragonorum

219 1507 312 1575 anguli
331 1506 435 1561 iaciunt
453 1511 571 1575 quatuor
587 1511 690 1572 rectos,
717 1503 777 1556 vide
796 1502 828 1555 Ε.
866 1499 911 1553 Sic
929 1499 1064 1570 hexagoni
1082 1504 1196 1571 angulus
1215 1510 1258 1563 est
1277 1505 1291 1575 ξ
1310 1504 1391 1559 unius
1408 1502 1490 1572 recti,
1515 1509 1572 1559 tras

209 1600 284 1655 ,ergo
302 1586 384 1638 trium
401 1584 552 1652 figurarum
574 1583 678 1637 iaciunt
698 1584 739 1652 ²5⁴,
757 1581 789 1634 ici
804 1588 846 1634 est
864 1581 881 1635 t
899 1585 1005 1647 rectos,
1025 1580 1086 1634 ride
1103 1582 1135 1635 F.
1172 1584 1209 1635 At
1226 1582 1372 1650 pentagoni
1395 1579 1510 1649 angulus
1529 1590 1572 1641 est

220 1668 307 1720 minor
325 1665 509 1733 hexagonic03
532 1671 589 1718 tres
605 1678 672 1731 ergo
691 1669 755 1718 sunt
773 1664 890 1718 minores
909 1664 925 1715 l
944 1661 1042 1726 rectis,
1068 1666 1124 1713 tres
1143 1675 1207 1728 ergo
1226 1661 1316 1720 hiant;
1335 1659 1407 1731 idem
1425 1666 1468 1714 est
1485 1658 1573 1729 major

219 1744 402 1811 tetragonico:
427 1751 546 1812 quatuor
568 1759 633 1813 ergo
652 1742 824 1812 pentagonici
843 1747 907 1796 sunt
925 1739 1043 1809 majores
1060 1740 1078 1794 t
1095 1740 1192 1807 rectis,
1218 1754 1282 1807 ergo
1309 1756 1363 1795 uon
1379 1739 1526 1808 capiuntur
1542 1738 1571 1793 iu

221 1840 273 1877 uno
292 1824 351 1877 loco
370 1823 460 1892 plano,
480 1840 530 1892 per
550 1825 590 1878 16.
609 1824 699 1892 hujus.
737 1823 796 1877 Hac
814 1821 847 1878 de
866 1836 950 1877 causa
967 1820 1027 1873 vide
1040 1819 1075 1887 Η,
1094 1834 1154 1872 cum
1174 1827 1270 1888 quarto
1289 1831 1444 1897 pentagono
1461 1833 1571 1900 punctis

221 1903 333 1971 signato.
371 1904 416 1957 Sic
434 1903 583 1973 heptagoni
601 1912 628 1959 et
647 1904 765 1959 omnium
783 1902 916 1971 majorum
929 1899 1076 1967 figurarum
1095 1897 1211 1965 angulus
1229 1900 1316 1969 major
1334 1912 1376 1960 est
1388 1906 1569 1984 hexagonicoq

220 1990 275 2037 tres
293 1999 357 2051 ergo
377 1984 549 2052 heptagonicl
573 1989 702 2054 superant
720 1985 738 2039 l
756 1990 854 2038 rectos.
890 1978 959 2034 Vide
977 1978 1003 2046 l,
1030 1977 1077 2031 ubi
1095 1977 1210 2033 duorum
1236 1978 1453 2062 heptagonorum
1477 1997 1570 2062 parta
1647 2048 1654 2060 ,

220 2056 247 2115 in
264 2062 346 2131 plano
365 2069 461 2129 tegunt
478 2063 567 2118 locum
586 2062 709 2118 eundem.
1301 2084 1302 2087 ¹

307 2143 368 2196 Huc
385 2143 458 2197 refer
475 2142 613 2212 rhombos,
633 2151 790 2201 constantes
806 2161 838 2199 ex
850 2142 921 2196 binis
934 2138 1048 2206 trigonis
1066 2138 1235 2207 regularibus
1247 2140 1375 2210 singulos,
1414 2137 1572 2223 Congruuut

220 2221 292 2275 enim
309 2220 513 2290 perfectissime,
534 2228 565 2275 nt
582 2223 721 2288 regulares
739 2224 889 2293 hexagoni,
914 2220 966 2275 etsi
985 2219 1037 2287 ipsi
1055 2225 1119 2273 sunt
1137 2218 1240 2286 figurae
1259 2221 1465 2292 semiregularis,
1502 2233 1571 2292 vid„

221 2302 290 2353 hanc
308 2299 511 2366 congruentiam
530 2300 558 2353 in
576 2300 715 2355 schemate
733 2317 789 2373 seq.
809 2317 843 2355 ex
861 2318 932 2371 aere,
950 2302 1030 2355 litera
1048 2299 1079 2353 G.
1115 2310 1119 2314 ·
1650 2359 1652 2368 Ι

308 2380 368 2433 Huc
387 2379 468 2432 etiam
486 2380 558 2433 refer
576 2380 670 2434 stellas
694 2396 728 2435 ex
746 2381 921 2452 dodecagono
940 2378 1118 2451 sexangulas,
1145 2377 1261 2433 exsectis
1286 2380 1358 2437 senis
1375 2384 1473 2456 radiis,
1497 2391 1571 2461 apud

221 2458 326 2511 literam
345 2459 384 2510 ll:
411 2459 484 2511 venit
503 2460 573 2513 enim
591 2460 619 2514 in
637 2459 727 2515 locum
746 2462 849 2517 exsecti
867 2461 937 2516 radii
960 2475 1042 2514 cavus
1060 2456 1192 2527 angulus,
1220 2465 1295 2515 recto
1320 2463 1449 2532 aequalis.
1486 2460 1572 2537 Igitur

222 2546 277 2591 tres
297 2535 457 2605 tetragonici
476 2545 504 2591 et
522 2545 578 2593 tres
597 2540 692 2594 talium
711 2541 851 2596 stellarum
874 2542 944 2596 radii
961 2539 1075 2608 implent
1101 2537 1199 2593 locum.
1235 2539 1305 2616 Nam
1328 2541 1491 2613 hexagonus¹
1505 2547 1570 2605 alivi·

222 2616 295 2669 ditur
310 2615 338 2669 in
357 2616 438 2670 talem
456 2617 562 2673 stellam
581 2625 608 2673 et
627 2635 674 2675 sex
694 2621 817 2676 dimidios
836 2629 1001 2689 tetragonos.

307 2707 398 2786 XIX.
421 2725 651 2805 Propositio.
696 2730 741 2789 Ex
764 2714 859 2808 planis
882 2732 1007 2791 duarum
1028 2730 1185 2806 figurarum
1197 2707 1340 2808 impletur
1361 2729 1444 2792 locus
1466 2689 1571 2813 planus

221 2814 333 2886 sexies3
356 2814 401 2872 bis
424 2832 460 2874 ex
483 2818 620 2892 quinque,
644 2818 734 2878 semel
756 2836 793 2880 ex
815 2828 950 2895 quatuor,
973 2827 1017 2877 ter
1039 2836 1075 2878 ex
1097 2818 1189 2877 tribua
1212 2818 1338 2894 augulis.

309 2914 380 2968 Sena
399 2915 469 2969 enim
487 2914 571 2984 plana
588 2918 660 2972 coire
678 2934 733 2973 uon
751 2926 874 2987 possunt,
894 2925 925 2973 ut
943 2933 1037 2971 eorum
1050 2918 1130 2970 unius
1143 2916 1257 2985 angulus
1276 2917 1311 2971 sit
1322 2919 1410 2987 major
1421 2922 1570 2992 trigonico:

223 2995 285 3061 quia
303 2994 381 3062 primi
400 2995 523 3062 trigonici
542 2998 679 3064 quantitas
698 3003 741 3051 est
759 2998 775 3066 ᾗ
794 2998 874 3053 unius
900 2996 982 3065 recti;
1006 2998 1099 3063 itaque
1124 2994 1177 3050 hoo
1200 2996 1290 3056 sexies
1322 3004 1440 3060 sumtum
1461 2998 1571 3074 tacit?

223 3088 271 3125 seo
288 3074 306 3127 4
323 3081 421 3127 rectos.
458 3074 517 3128 Uno
542 3076 624 3141 igitur
647 3076 744 3131 horum
762 3077 892 3145 amajori
916 3078 1065 3142 existente,
1080 3080 1121 3129 ut
1146 3090 1183 3129 sc.
1209 3075 1245 3128 sit
1262 3074 1365 3145 figurae
1388 3078 1571 3154 plurilaterae,

223 3159 387 3220 superantur
405 3154 420 3206 4
439 3155 521 3207 recti:
541 3162 569 3208 et
586 3162 651 3210 tuuc
670 3155 797 3225 planities
814 3173 870 3210 non
889 3156 1030 3222 sternitur,
1050 3170 1100 3223 per
1120 3156 1160 3211 16.
1178 3154 1268 3223 hujus.
1585 3204 1587 3207 Α

312 3234 335 3286 l.
376 3232 465 3299 Quina
482 3250 545 3287 vero
563 3234 646 3304 plana
664 3245 728 3291 tunc
748 3242 855 3303 coeunt,
875 3237 897 3290 si
916 3241 1034 3304 quatuor
1052 3233 1190 3301 trigonicis
1205 3234 1336 3303 jungatur
1354 3252 1434 3307 unus,
1451 3252 1572 3313 aequans

224 3310 290 3366 duos
308 3314 468 3381 trigonicos,
486 3314 551 3368 talis
568 3331 632 3370 vero
651 3324 693 3370 est
711 3316 909 3384 hexagonicns;
928 3314 1014 3369 forma
1033 3314 1118 3383 qualis
1136 3312 1215 3366 litera
1233 3312 1265 3368 L.
1300 3339 1303 3346 ι
1390 3339 1392 3343 =

310 3392 336 3445 2.
373 3392 423 3446 Vel
442 3393 465 3447 si
489 3393 576 3448 tribus
594 3396 734 3463 trigonicis
758 3395 812 3450 duo
830 3392 1176 3461 tetragonicijungantuu
1204 3391 1268 3460 quia
1280 3401 1405 3466 ⁵aequant
1429 3401 1485 3460 tres
1504 3398 1572 3457 alios

224 3470 375 3536 trigonicos.
412 3470 511 3526 Forma
529 3473 616 3543 qualis
635 3476 662 3528 in
680 3475 710 3528 M
730 3476 770 3528 vel
790 3474 876 3545 qualis
895 3474 922 3527 ih
941 3474 980 3541 N,
1004 3488 1041 3526 sc.
1061 3471 1189 3525 continue
1211 3471 1366 3542 uniformis3
1379 3474 1432 3528 ‚val
1456 3475 1573 3549 deniqne

224 3548 310 3616 qualis
328 3550 356 3603 in
372 3550 405 3620 0,
425 3551 555 3607 difformis
574 3553 792 3608 continuationis.
830 3558 867 3609 At
885 3556 909 3610 si
926 3553 1073 3622 trigonicos
1092 3552 1175 3617 dnos,
1193 3549 1375 3628 tetragonioos
1393 3563 1449 3612 tres
1468 3573 1571 3613 sumse-

224 3627 266 3693 ris,
286 3628 305 3681 ii
319 3627 376 3695 jam
394 3639 512 3699 quatuor
528 3637 618 3685 rectos
636 3633 811 3701 superabunt,
832 3632 1023 3701 multomagis,
1042 3632 1066 3687 si
1083 3632 1200 3699 majores
1219 3632 1273 3686 duo
1291 3642 1464 3691 accersantur
1482 3636 1574 3707 anguli

224 3706 257 3759 ad
274 3706 343 3761 duos
360 3709 516 3779 trigonicos.
1222 3779 1225 3785 .
1648 3781 1650 3785 Ι

310 3792 333 3842 3.
371 3788 510 3854 Quatenus
527 3807 589 3846 vero
609 3792 725 3846 duorum
743 3792 894 3861 specierum
913 3798 1027 3855 coeunt,
1055 3791 1235 3862 sitrigonicis
1256 3792 1326 3847 binis
1347 3794 1499 3864 jungantur
1515 3798 1572 3856 bini

224 3871 392 3942 hexagonici.
429 3873 528 3926 Forma
550 3872 638 3941 qualis
663 3871 731 3925 inP.
756 3871 798 3923 sel
817 3870 905 3938 qualis
929 3870 958 3925 in
977 3870 1009 3924 R.
1045 3869 1133 3925 Aliter
1150 3877 1288 3938 utcunque
1312 3873 1482 3942 copulaveris
1507 3894 1571 3949 qua·

224 3959 314 4013 terna,
333 3966 440 4019 semper
456 3952 498 4004 vel
515 3950 578 4019 plus
598 3950 700 4004 efficies
718 3949 760 4002 vel
779 3950 868 4003 miuus
887 3964 967 4019 qnam
986 3955 1103 4017 quatuor
1120 3957 1224 4019 rectos,
1249 3966 1336 4022 eoque
1354 3953 1443 4009 loonm
1461 3957 1571 4025 planum

224 4044 277 4083 non
296 4038 410 4083 sternes.
447 4031 549 4083 Ternas
568 4027 651 4096 igitur
668 4028 691 4082 si
704 4028 862 4098 jungamus,
880 4034 1017 4108 cqventes,
1035 4043 1070 4081 ne
1087 4027 1143 4081 sint
1159 4029 1253 4096 plures
1271 4046 1351 4100 quani
1369 4032 1442 4089 dnae
1458 4038 1570 4106 species,

225 4107 337 4172 primum
361 4125 414 4162 non
440 4115 568 4176 poterunt
593 4123 653 4161 esse
678 4106 733 4160 duo
752 4105 876 4173 trigonici
898 4122 948 4160 nec
967 4106 1021 4160 duo
1041 4107 1212 4175 tetragonioi,
1237 4124 1293 4164 non
1317 4123 1479 4180 superarent
1500 4115 1571 4172 enim

224 4176 291 4231 duos
309 4185 446 4236 rectoset
464 4178 665 4253 relinqueretur
681 4194 731 4246 pro
749 4177 844 4243 tertio,
863 4175 937 4243 quod
955 4176 1045 4231 nullus
1064 4193 1134 4231 unns
1153 4184 1180 4230 ει
1198 4178 1273 4234 solus
1291 4180 1392 4249 implet.

310 4260 333 4309 4.
371 4258 430 4312 Uno
450 4275 512 4313 vero
531 4259 601 4312 inter
619 4265 711 4312 ternos
737 4257 868 4325 trigonico
887 4256 991 4325 posito,
1017 4265 1170 4325 congruunt
1188 4257 1242 4313 duo
1261 4259 1453 4330 dodecagonioi
1478 4271 1572 4335 estque

224 4338 390 4391 continuatio
409 4336 560 4406 possibilis,
586 4352 638 4391 nec
655 4335 837 4391 admiscentur
860 4335 906 4390 alii
925 4351 1080 4390 concursus.
1098 4359 1102 4369 ·
1117 4336 1217 4391 Forma
1241 4336 1329 4407 hujus
1342 4341 1464 4408 planitiei
1481 4342 1571 4399 mdes·

224 4425 268 4470 tur
285 4417 365 4471 litera
384 4416 411 4471 S.
447 4414 508 4468 Huc
525 4415 597 4469 refer
615 4415 721 4469 stellam
740 4413 955 4484 dodeoaugulam
973 4430 1008 4468 ex
1026 4431 1058 4469 eo
1077 4415 1262 4484 fundamento,
1287 4419 1438 4488 quodejns
1456 4420 1571 4491 angulus

224 4511 305 4548 carus
324 4502 424 4564 aequat
439 4495 613 4562 trigonicum:
637 4495 731 4563 itaque
749 4494 873 4549 dividuus
892 4501 935 4548 est
953 4494 1142 4563 undecagonus
1160 4498 1187 4549 in
1206 4498 1313 4552 stellam
1336 4506 1363 4553 et
1383 4500 1414 4553 12
1432 4501 1569 4573 trigonos3

224 4590 288 4642 ergo
311 4575 431 4643 quinque
452 4574 576 4640 trigonici
599 4584 626 4628 et
649 4574 702 4628 duo
726 4574 795 4627 radii
818 4573 932 4642 duarum
956 4574 1095 4629 stellarum
1117 4580 1231 4631 coeunt:
1263 4576 1349 4631 forma
1373 4576 1571 4650 coutinuahilis,

224 4664 364 4723 spectetur
381 4653 460 4707 litera
478 4653 509 4705 T.
1556 4708 1558 4711 ,

310 4735 334 4787 5.
371 4733 410 4785 Ει
426 4750 480 4787 uno
499 4732 667 4799 tetragonico
686 4732 757 4787 inter
773 4739 866 4787 ternos
884 4740 1007 4788 assumto
1031 4743 1182 4803 congruunt
1207 4736 1261 4790 duo
1284 4737 1447 4806 octogonioi,
1475 4742 1571 4807 estque

224 4810 414 4867 coutinuahilis
432 4823 460 4864 et
478 4813 546 4865 haec
565 4812 664 4877 torma;
682 4809 808 4866 videatur
825 4811 903 4866 litera
919 4813 953 4868 V;
989 4814 1051 4869 Huc
1068 4814 1141 4870 refer
1159 4815 1263 4870 stollam
1282 4817 1467 4882 octogonicam
1485 4831 1519 4869 ex
1537 4829 1571 4871 eo
1618 4857 1619 4860 ,

225 4894 409 4959 fundamento,
428 4892 501 4961 quod
520 4891 579 4958 ejus
598 4891 714 4958 angulus
733 4907 815 4946 carus
833 4899 934 4961 aequat
951 4894 1161 4962 tetragonicum:
1182 4894 1275 4963 itaque
1294 4892 1418 4950 dividuus
1436 4901 1479 4950 est
1497 4902 1571 4951 octo-

225 4987 311 5040 gonus
329 4972 357 5025 in
376 4971 483 5025 stellam
498 4978 529 5040 et
547 4979 608 5025 octo
627 4969 763 5039 triangula
781 4972 959 5041 tetragonica‚
977 4989 1092 5042 quorum
1110 4973 1163 5027 due
1182 4971 1303 5028 efficiunt
1320 4980 1499 5047 tetragonum.
1534 4974 1572 5031 llt

141 5070 146 5073 ·
226 5053 264 5106 sic
286 5051 447 5120 tetragoniei
471 5060 527 5104 tres
552 5059 579 5103 et
603 5050 716 5104 duarum
740 5051 880 5105 stellarum
898 5051 968 5106 radii
986 5052 1040 5105 duo
1058 5051 1169 5120 implent
1187 5050 1290 5105 locum:
1314 5048 1401 5109 forma
1418 5054 1516 5124 mixta,
1541 5060 1573 5110 nt

226 5131 305 5185 litera
322 5129 362 5199 X,
381 5130 425 5188 rel
443 5130 520 5184 aliter
539 5131 618 5183 etiam
636 5129 735 5197 mixta,
754 5139 785 5185 nt
803 5130 883 5185 litera
899 5131 932 5184 Y.
1582 5192 1585 5200 ¹

312 5212 335 5266 6.
371 5211 496 5264 Dimissis
511 5211 614 5277 jam-in
632 5210 716 5264 ternis
734 5211 894 5280 coaptandis
913 5210 1047 5280 trigonico
1065 5216 1093 5263 et
1110 5212 1293 5280 tetragonico,
1320 5210 1343 5265 si
1361 5209 1395 5265 ad
1413 5211 1571 5280 pentagoni·

226 5307 286 5344 cnm
304 5290 455 5355 venumus,
483 5305 576 5342 eorum
594 5282 709 5356 possunt
727 5290 796 5343 sumi
815 5290 881 5357 duo,
906 5288 976 5359 qnia
988 5296 1117 5356 superant
1137 5287 1222 5355 juncti
1240 5288 1257 5343 2
1274 5295 1376 5357 rectos3
1401 5296 1430 5341 et
1447 5289 1572 5358 congruit

226 5371 360 5426 inlocum
385 5364 520 5435 reliquum
544 5367 724 5433 decagouicus
747 5383 830 5435 unus;
857 5374 1002 5423 coronatur
1019 5366 1090 5421 enim
1114 5366 1267 5436 decagonus
1278 5366 1446 5437 pentagonis
1470 5366 1571 5427 decem.

227 5450 274 5504 sed
292 5465 346 5501 non
364 5448 538 5501 continuatur
555 5462 622 5515 pure
640 5446 708 5501 haec
725 5447 819 5501 forma.
849 5445 1046 5517 Vide-schema
1063 5444 1175 5499 literaZ
1193 5445 1315 5500 interius.
1345 5445 1406 5500 Huc
1417 5459 1483 5513 ergo
1499 5444 1572 5502 refer

226 5529 332 5583 stellam
350 5528 569 5595 pentagonicam,
596 5542 657 5580 cum
670 5526 724 5580 sint
742 5524 914 5596 pentagonici
937 5531 993 5580 tres
1018 5532 1046 5578 et
1071 5540 1143 5580 unns
1161 5524 1257 5580 stellae
1278 5524 1383 5593 radius;
1409 5525 1471 5597 quia
1489 5540 1570 5581 carne

196 5635 198 5650 ·
226 5606 320 5664 stellae
338 5606 453 5675 angulus
471 5607 544 5674 capit
563 5605 643 5659 etiam
661 5621 745 5660 unum
762 5606 891 5674 angulum
901 5603 1120 5674 pentagonicum,
1136 5605 1302 5675 nonminus,
1321 5621 1401 5675 quam
1413 5605 1570 5674 pentagoni·

226 5701 319 5742 corum
336 5684 417 5741 trium
434 5683 525 5741 hiatus
544 5684 618 5754 capit
643 5684 748 5741 radium
765 5684 870 5741 stellas.
906 5682 975 5757 Vlde
993 5682 1088 5742 eadem
1104 5682 1219 5740 literaZ
1238 5684 1363 5742 extenua.
1400 5683 1568 5757 Quamquam
