3684 7259
725 1236 970 1299 Dauomnatiaue.
1003 1237 1124 1301 umet
1554 1251 1595 1318 ao

334 1411 417 1484 nuci
439 1412 520 1470 bima
540 1410 611 1471 rates
633 1411 734 1478 meaa,
760 1412 829 1469 duos
850 1415 995 1485 requisitos
1018 1414 1131 1474 eiectus
1152 1421 1336 1489 praestantes,
1359 1423 1513 1483 necessario
1529 1425 1598 1493 daur

250 1491 397 1551 binominis
414 1500 444 1551 et
458 1500 594 1565 apotome,
613 1493 815 1550 demonstretur
832 1495 868 1551 ad
885 1495 1002 1554 eundem
1019 1496 1139 1568 modum,
1156 1497 1199 1554 fad
1216 1514 1296 1570 quem
1314 1500 1346 1556 X.
1366 1500 1409 1564 bd.
1428 1509 1472 1560 est
1488 1504 1597 1565 demon·

249 1578 343 1642 mit,
361 1578 469 1631 hoium
485 1578 517 1630 ut
535 1587 586 1644 pro
604 1571 710 1629 (luobus
727 1572 814 1643 p'qrum
831 1578 940 1640 θνηιιει
955 1598 1039 1642 nosos
1056 1575 1235 1634 adhibeamm
1252 1578 1326 1651 ῥηιαι
1335 1600 1418 1651 rsqtar,
1436 1588 1466 1639 et
1481 1583 1528 1639 ubi
1545 1604 1598 1646 vox

249 1669 328 1718 μων
346 1652 474 1722 occurrit,
493 1653 573 1725 q'qsca
589 1659 718 1723 ponatur:
736 1657 765 1707 et
781 1651 876 1710 ultimo
894 1661 1069 1725 comparatur
1085 1656 1205 1716 delinitio
1221 1655 1365 1716 binominis
1384 1666 1412 1717 et
1429 1671 1578 1733 apotomes.

335 1728 416 1800 Quod
432 1737 524 1788 autem
541 1745 575 1787 ex
592 1730 788 1802 compositione
805 1737 834 1788 et
850 1730 1033 1790 abstractione
1049 1734 1193 1793 binominis
1210 1743 1240 1793 at
1255 1744 1404 1811 apotomes,
1422 1739 1491 1800 duos
1507 1748 1597 1817 requi·

252 1809 320 1866 snos
337 1807 452 1866 enectum
469 1809 680 1881 praestantium,
699 1808 747 1866 ilat
763 1825 871 1867 rursum
889 1808 1019 1878 effabilis,
1038 1814 1077 1870 sic
1094 1821 1183 1884 patet:
1355 1835 1404 1889 nr..
1418 1840 1436 1881 r,

249 1902 310 1942 cum
327 1887 400 1943 anim
417 1902 523 1945 summs
538 1888 731 1960 quadratorum
748 1889 784 1945 sit
801 1887 932 1954 effabilis,
954 1895 983 1946 et
998 1893 1186 1966 rectamquium
1203 1896 1208 1907 '

250 1962 370 2030 emtus,
394 1966 604 2038 compositarum
619 1968 703 2040 igitur
719 1966 747 2023 ln
764 1984 847 2025 uuum
865 1966 1027 2039 quadratum
1051 1974 1186 2032 constabit
1207 1941 1238 1996 Α,
1370 1962 1398 1994 '¹‘

249 2059 283 2100 ex
304 2044 448 2118 utriusque
468 2046 600 2119 quadrato
626 2054 654 2105 et
676 2046 784 2104 duobus
805 2047 971 2118 rectaequiis
989 2051 1182 2124 communibus,

247 2139 283 2181 ex
300 2122 407 2182 duabus
428 2141 467 2184 so.
485 2128 609 2198 parribus
626 2127 791 2186 effabilibus:
811 2141 895 2198 quare
916 2131 946 2183 et
966 2132 1052 2186 totum
1070 2132 1184 2199 quadra·

247 2211 305 2261 tum
327 2200 437 2263 maone
459 2208 524 2276 crit,
546 2207 630 2276 igitur
652 2214 681 2265 et
702 2207 774 2264 linea
798 2206 962 2277 composita,
995 2214 1093 2276 potens
1117 2208 1186 2266 illud

247 2282 417 2355 quadratum
461 2286 503 2341 Sit
524 2285 651 2343 binomeu
672 2293 719 2356 ιμ,
744 2285 803 2357 ejus
827 2285 988 2357 quadratum
1015 2308 1060 2357 eu,
1091 2287 1127 2344 sit
1158 2297 1187 2346 et

247 2370 375 2435 spotomc
391 2370 441 2432 tc,
465 2366 524 2437 eius
542 2365 675 2437 quadrum
692 2373 739 2433 os,
757 2373 786 2423 et
802 2367 858 2423 siut
873 2372 919 2431 ot,
937 2387 968 2421 eo
990 2366 1087 2436 jnncts
1104 2367 1184 2425 simul

247 2442 374 2513 effabilia.
394 2446 430 2503 sit
441 2452 470 2503 et
482 2446 670 2516 reetanpuium
682 2461 717 2501 ex
728 2450 775 2515 ot,
792 2451 827 2511 ιμ
843 2442 960 2514 effabile,
978 2444 1074 2501 talium
1091 2452 1183 2501 autem

249 2524 303 2583 duo
320 2549 363 2598 ap,
384 2528 414 2588 ιε
430 2525 568 2596 complent
585 2524 747 2596 quadratum
764 2522 848 2581 totius
860 2530 900 2589 du
917 2524 1091 2594 compositae,
1109 2524 1183 2596 quod
1212 2547 1222 2628 p

246 2604 408 2679 quadratum
425 2610 469 2661 ast
484 2611 529 2659 oe.

334 2694 377 2751 Da
401 2693 583 2750 abstractione
604 2691 737 2763 probatur
756 2692 785 2747 in
802 2690 876 2747 bunc
903 2688 1021 2746 modum
1056 2690 1086 2747 si
1110 2692 1181 2749 enim
1206 2695 1355 2766 composita
1372 2710 1407 2752 ex
1424 2702 1475 2767 dt,
1497 2696 1546 2767 μλ,
1568 2694 1597 2754 id

247 2780 291 2831 est
308 2780 363 2846 da,
380 2779 425 2830 cst
441 2771 570 2844 effabilis,
593 2771 645 2829 erit
661 2776 689 2828 et
706 2768 816 2827 dimidia
832 2773 874 2824 tu
891 2767 1020 2841 erabilis,
1042 2774 1171 2843 tanquam
1188 2770 1277 2843 melus
1295 2789 1393 2830 nomen
1410 2781 1438 2831 et
1456 2780 1490 2830 nt
1507 2774 1596 2834 miuus

247 2868 361 2924 mman,
387 2852 521 2911 etaltera
537 2851 649 2908 dimidia
664 2868 720 2921 xp3
747 2848 826 2907 auier
845 2847 881 2903 ab
898 2864 932 2906 ea
954 2868 989 2915 uc
1004 2849 1146 2921 aequalem
1163 2851 1217 2922 ipsi
1233 2858 1286 2924 ot,
1313 2854 1366 2910 erit
1393 2859 1421 2910 et
1438 2854 1546 2911 residua
1563 2872 1597 2911 rr

247 2929 372 3002 effabilis,
391 2937 420 2988 et
436 2937 494 2988 tota
511 2933 549 3001 lu,
568 2946 605 2987 sc
624 2928 709 3000 dupla
724 2927 811 2999 ipsius
828 2943 869 2983 nc.
905 2928 943 2984 At
959 2943 994 2983 ac
1011 2935 1054 2986 est
1070 2930 1179 2987 residua
1196 2938 1259 3003 post
1276 2930 1442 2989 ablationem
1458 2937 1597 3004 apotomes
1661 2967 1665 2973 -

245 3030 281 3076 μ
298 3026 316 3066 a
332 3010 468 3066 binomine
485 3017 527 3079 λμ,
544 3008 682 3065 residuum
699 3023 764 3077 erqo
781 3006 813 3064 fit
830 3005 947 3062 eiiabila.
1160 3071 1162 3076 Ι

335 3084 439 3148 XXV.
460 3085 662 3145 Daitnitie.
706 3082 858 3160 igiturex
886 3079 1017 3143 secunda
1037 3081 1108 3160 biga
1137 3084 1213 3145 sexti
1246 3083 1356 3163 gradus
1377 3103 1455 3147 num.
1477 3084 1597 3148 XVHL

248 3175 414 3252 praemisso
435 3171 579 3234 linearum
600 3173 674 3232 iuter
696 3188 728 3231 ee
749 3169 837 3249 plane
863 3169 1216 3247 incommutabilium,
1246 3173 1353 3251 quibus
1379 3191 1495 3235 summa
1522 3192 1598 3252 qua·

249 3262 401 3323 dratorum
423 3267 469 3324 est
490 3258 630 3333 eiiabiiis,
660 3257 861 3335 reetuuguiuur
883 3274 1001 3333 meson,
1023 3260 1236 3338 compositione
1256 3263 1387 3322 nascitur
1408 3263 1521 3337 miron,
1545 3278 1598 3323 eeu

248 3348 345 3426 major
373 3347 467 3427 dicta3
501 3347 698 3409 emmennone
740 3345 857 3408 altason
884 3363 937 3407 seu
965 3346 1068 3408 minor.
1111 3346 1157 3408 Ex
1179 3348 1280 3423 tertia,
1312 3348 1362 3409 ubi
1385 3366 1499 3410 summa
1522 3366 1598 3427 qua-

250 3436 399 3498 dratorum
422 3443 468 3499 est
489 3452 600 3509 meson,
623 3432 823 3512 reetauguium
846 3432 979 3509 eiiabile,
1003 3451 1079 3511 quae
1101 3434 1303 3513 componendo
1325 3438 1469 3512 uescitur,
1490 3453 1597 3498 nomeu

247 3524 467 3608 babetpoteus
490 3523 607 3585 eiiabile
629 3530 660 3583 et
681 3538 791 3596 meson,
815 3538 890 3599 quaa
913 3521 1120 3598 abstrahendo,
1143 3522 1252 3584 iaciens
1276 3540 1341 3583 curu
1365 3523 1473 3585 eilabiii
1496 3540 1598 3585 meson

248 3620 354 3674 totum.
399 3612 535 3690 Denique
557 3628 594 3671 ex
618 3616 722 3688 quarta
743 3610 814 3687 biga
835 3610 951 3688 septimi
973 3609 1095 3687 gradus,
1125 3624 1204 3670 nunu
1226 3609 1318 3670 XIX.
1341 3612 1516 3688 praemissa,
1545 3612 1598 3673 ubl

248 3709 371 3778 uterque
394 3700 515 3761 eiieetus
536 3698 569 3758 iit
590 3714 708 3774 meson,
741 3695 943 3775 componendo
972 3696 1005 3758 dt
1031 3705 1136 3776 potens
1162 3697 1233 3760 bina
1260 3696 1371 3775 media,
1400 3696 1597 3762 abstrahendo

247 3788 358 3851 famens
380 3803 446 3848 cum
468 3803 550 3848 meso
571 3802 674 3847 meson
695 3790 799 3846 totum.
1023 3777 1030 3794 ⁸

334 3871 374 3936 Et
404 3891 472 3937 ecee
502 3876 644 3954 originem
674 3870 829 3935 duodecim
864 3873 1027 3951 specierum
1058 3871 1265 3937 Euclidearum
1297 3890 1456 3953 earumque
1485 3876 1599 3935 numeri

250 3978 367 4024 aausm.
411 3962 488 4024 liam
511 3962 548 4023 ad
572 3962 757 4037 remotiores,
780 3978 856 4038 quae
879 3959 928 4021 rel
950 3977 1095 4021 summam
1117 3961 1342 4039 quadratorum,
1373 3961 1421 4025 vel
1443 3968 1600 4041 rectamqu-

247 4048 312 4111 inm
334 4066 499 4126 commune,
522 4050 571 4111 rel
593 4056 748 4127 utrumque
769 4048 919 4128 proferunt
940 4048 1018 4109 nitra
1039 4048 1167 4111 eiiabilia
1188 4056 1218 4112 et
1249 4065 1332 4112 mess
1359 4051 1389 4110 in
1411 4049 1599 4129 ignobiliores

247 4139 374 4218 speeieq
396 4154 456 4199 uon
479 4139 593 4199 censuit
614 4136 750 4199 Euclides
772 4138 830 4198 sibi
851 4134 1095 4215 progrediendum
1116 4153 1190 4199 esse.

332 4225 455 4288 xxvi.
487 4225 675 4287 Definitio
710 4231 747 4285 et
786 4224 1046 4303 Comparatio.
1090 4222 1229 4287 Suideera
1259 4226 1317 4286 ista
1346 4232 1483 4304 poteraut
1510 4213 1616 4287 etiam

247 4314 334 4375 nobis
356 4314 395 4375 ad
410 4312 633 4377 consituendos
646 4311 756 4391 medus
771 4311 1059 4388 demonstrationum,
1082 4313 1190 4390 qulbus
1210 4312 1305 4375 latera
1327 4313 1492 4391 figurarum,
1514 4311 1600 4373 uobis

249 4401 289 4462 ad
312 4401 483 4464 harmonica
502 4403 741 4475 necessariarum,
764 4399 994 4478 distinguuntur:
1016 4400 1073 4460 uisi
1095 4400 1271 4478 quibusdum
1293 4419 1329 4463 cx
1343 4401 1492 4462 recensitis
1514 4416 1600 4461 soce·

247 4490 351 4553 derant
373 4488 451 4553 allae
472 4491 591 4567 insuper
612 4490 820 4567 proprietates,
852 4489 912 4547 imo
934 4489 992 4548 uisi
1012 4490 1254 4565 praevenirentur
1274 4489 1417 4550 bemanus
1439 4488 1599 4551 recensitae

246 4579 442 4657 proprietates
463 4576 657 4639 nobilioribue
680 4575 756 4650 aliie,
780 4575 887 4652 quibua
909 4573 1095 4636 cumulantur
1108 4575 1217 4652 gradus
1239 4575 1462 4639 scientificarum
1476 4574 1599 4635 demon·

246 4669 430 4729 mensuum.
1002 4721 1007 4726 .

339 4753 470 4815 Ventum
493 4758 539 4814 est
560 4750 600 4811 ad
622 4750 863 4828 compositionem
887 4756 917 4812 et
937 4749 1180 4827 abstractionem,
1203 4752 1254 4813 ubi
1276 4750 1369 4811 lineas
1384 4746 1599 4829 componendas

247 4842 294 4903 vel
318 4838 530 4905 abstralmndas
550 4838 618 4901 laxe
641 4840 806 4915 sumsimus,
828 4836 912 4899 nulia
933 4839 969 4898 iis
991 4839 1128 4917 imposita
1149 4846 1247 4902 certae
1269 4838 1442 4917 quantitatis
1464 4837 1597 4899 uecessi-

246 4935 317 4991 tete.
363 4926 477 5006 Quodsi
496 4933 558 4998 iam
580 4924 796 5004 adstringamur
817 4924 915 5005 leges,
942 4926 1082 5004 imposita
1103 4935 1183 4990 certa
1203 4927 1391 5006 proportione
1412 4923 1509 5003 bigis,
1538 4940 1598 4986 nou

247 5015 367 5095 quidem
387 5018 432 5077 aie
453 5014 540 5090 datie,
563 5022 596 5075 ut
618 5013 688 5076 iliae
707 5014 828 5092 iunctae
850 5031 939 5075 uuam
962 5011 1116 5077 duodecim
1131 5017 1293 5094 specierum
1315 5013 1454 5087 iecerunt,
1477 5011 1527 5074 aed
1548 5012 1597 5073 bi-

245 5106 291 5183 gis
314 5102 401 5166 aliter
423 5102 511 5177 datis,
533 5104 586 5163 uui
607 5102 721 5164 scilicet
742 5109 840 5165 rectae
862 5101 950 5164 datae
972 5110 1003 5166 et
1027 5103 1091 5180 cjua
1113 5104 1190 5182 parti
1212 5101 1316 5177 majori
1338 5097 1542 5173 inveniendae,
1564 5105 1599 5160 ut

245 5194 285 5253 sit
306 5193 444 5252 nimirum
466 5189 515 5252 vei
538 5192 633 5252 minor
654 5207 723 5270 pars
745 5187 783 5250 ad
806 5190 948 5267 majorem
971 5196 1004 5251 ut
1024 5190 1120 5267 major
1141 5187 1179 5250 ad
1202 5186 1434 5265 componendam
1457 5204 1493 5247 ex
1514 5193 1598 5248 utra·

247 5297 313 5358 qus,
335 5276 386 5342 rel
408 5279 539 5340 vicissim
562 5278 656 5357 major
677 5276 716 5339 ad
737 5279 879 5339 minorem
901 5285 935 5338 ut
956 5278 1050 5337 minor
1072 5276 1110 5338 ad
1131 5274 1294 5338 residuum:
1318 5274 1397 5353 quod
1419 5281 1520 5336 manat
1540 5274 1598 5349 ab·

246 5367 406 5429 strsctioue
428 5366 553 5428 duarum
574 5366 666 5441 iacta,
689 5381 748 5450 nou
770 5382 886 5445 semper
907 5364 957 5426 iiet
979 5362 1087 5443 gradus
1112 5364 1219 5442 aliquis
1241 5365 1393 5439 remotior,
1415 5361 1469 5425 sed
1491 5377 1544 5440 pro
1557 5378 1598 5428 ¹rs

244 5463 317 5518 uara
338 5453 502 5517 recidams
525 5456 554 5514 iu
577 5471 666 5514 unam
688 5449 899 5531 explicaturum
920 5453 1081 5532 speciemm
1104 5459 1134 5514 at
1154 5467 1290 5529 regressu
1319 5450 1412 5527 iacto,
1444 5465 1597 5528 compara·

244 5543 342 5606 bimus
363 5540 474 5606 lineam
496 5543 698 5618 constitutam,
728 5557 806 5619 quae
827 5559 880 5622 per
901 5557 934 5603 se
957 5546 1002 5601 est
1026 5540 1123 5600 octavi
1144 5535 1269 5617 medua,
1300 5555 1366 5600 cum
1392 5537 1479 5600 lineis
1501 5539 1598 5615 quarti

244 5631 587 5797 muguamsdmcdnru
617 5717 693 5779 anim
722 5671 762 5780 tn*
775 5720 880 5797 qusrto
893 5707 895 5712 ’
910 5712 1012 5797 μὰψ,
1026 5711 1198 5852 wil.
1223 5712 1300 5778 duse
1327 5719 1425 5778 rsctaa
1451 5712 1597 5778 communi

1738 5137 1759 5228 r
