3684 7259
854 1191 997 1308 Apologia.
1379 1293 1384 1304 ι
1539 1203 1602 1273 449

338 1382 403 1456 Age
426 1397 567 1456 namque,
598 1379 795 1440 conditionem
818 1379 872 1438 tibi
894 1362 1007 1447 dele'ro,
1031 1377 1162 1452 regulam
1183 1377 1253 1438 mihi
1284 1383 1464 1457 praescribe,
1485 1401 1521 1445 er
1544 1403 1604 1462 qua

249 1486 408 1546 agnoscam
439 1472 467 1525 in
498 1473 635 1527 contiuuo
660 1468 846 1544 perfectionis
869 1482 973 1542 opere,
1006 1466 1124 1542 quando
1148 1466 1280 1539 taudem,
1315 1486 1373 1543 quo
1404 1470 1511 1531 indicio
1534 1491 1603 1551 per-

249 1559 385 1617 veniatur
407 1555 445 1614 ad
468 1565 601 1615 exactum
626 1573 701 1631 aque
725 1554 846 1630 reliquia
862 1552 1030 1612 distinctum
1044 1553 1167 1629 gradum
1182 1555 1378 1631 perfectiouis.
1425 1557 1601 1621 Demonstro

249 1649 338 1702 etiam
361 1643 505 1719 graduum
528 1643 708 1719 singulorum
731 1640 978 1718 aequipollentias
1001 1640 1154 1718 physices,
1186 1639 1261 1701 unde
1284 1645 1391 1716 sciam,
1423 1647 1518 1705 inesse
1543 1648 1601 1707 illis

249 1732 397 1808 quandam
421 1734 561 1789 rationem
586 1730 780 1805 aequalitatis.
825 1728 874 1788 Sic
897 1729 974 1785 enlm
1002 1731 1032 1786 in
1055 1733 1216 1803 geometria
1243 1730 1330 1806 inque
1359 1733 1498 1791 continuo
1521 1734 1601 1795 fluxu

248 1824 349 1895 puncti
373 1821 410 1876 ad
434 1817 610 1893 gignendam
633 1819 739 1876 lineam
756 1817 922 1876 demonstro
938 1831 1003 1889 ego,
1027 1815 1145 1890 quando
1166 1833 1263 1891 quove
1287 1818 1394 1878 indicio
1413 1824 1602 1895 perveniatur

250 1908 287 1966 ad
312 1918 445 1964 exactam
468 1924 544 1981 aquo
568 1907 681 1980 reliqua
702 1904 799 1964 lineae
821 1902 1005 1978 longitudine
1029 1906 1194 1962 distinctam
1218 1923 1397 1976 mensuram,
1422 1925 1498 1983 quae
1523 1909 1601 1968 divi-

248 1998 361 2053 sionem
385 1997 412 2049 in
437 1993 575 2052 circulum
599 1994 701 2051 inierat
725 1993 939 2063 harmonicam3
963 1989 1130 2050 deruonstro
1148 1994 1246 2063 etiam,
1269 2003 1367 2068 partes
1391 1996 1499 2069 circuli,
1525 2014 1601 2072 quae

248 2083 373 2157 singulis
396 2082 557 2139 unitatibus
581 2081 746 2152 afferuntur,
770 2096 834 2138 esse
857 2078 1039 2158 longitudine
1054 2078 1204 2154 aequales.
1248 2079 1332 2140 Tuus
1355 2080 1523 2155 concedam,
1547 2086 1600 2144 tibi

248 2187 306 2226 rron
335 2171 430 2225 rninus
461 2186 548 2244 quam
578 2169 649 2226 mihi
678 2186 712 2226 ex
736 2169 863 2225 nunrcris
889 2168 938 2232 aio¹
959 2166 1091 2224 formatis
1114 2183 1208 2242 eoque
1233 2168 1417 2243 formalibus
1439 2175 1601 2231 concentus

248 2261 282 2314 in
304 2259 421 2315 musico
443 2264 579 2314 senatore
600 2262 628 2313 et
647 2258 681 2312 in
703 2257 740 2311 iis
757 2256 860 2326 jecere
882 2255 974 2312 totius
994 2254 1191 2312 harmonicae
1213 2258 1354 2314 aasentias
1376 2264 1530 2315 secretum.

335 2344 397 2401 litai
422 2343 478 2401 hoe
500 2346 556 2401 erit
577 2342 761 2401 liberalitatis
788 2357 881 2399 meae.
926 2339 1003 2398 Nam
1025 2357 1142 2416 possem
1172 2340 1268 2401 adbuc
1291 2342 1425 2419 obloqui,
1460 2345 1601 2418 gradibus

249 2430 307 2488 illis
335 2432 542 2505 perfectionum
575 2432 602 2487 iu
633 2438 737 2487 natura
767 2431 866 2502 potius
897 2444 932 2486 er
965 2427 1011 2485 hls
1041 2430 1114 2487 meis
1142 2429 1366 2488 formationibus
1394 2435 1600 2506 quantitativis

249 2522 412 2577 accessisse
435 2518 692 2576 dotenninationes
715 2516 798 2583 illas,
823 2533 912 2589 quam
936 2522 967 2572 ut
989 2516 1119 2575 musicae
1141 2527 1258 2576 nostrae
1282 2526 1475 2577 concentuum
1498 2522 1601 2579 suavi-

249 2616 294 2664 tas
318 2609 418 2663 veniat
439 2624 475 2663 ex
499 2604 555 2663 illis
579 2604 717 2680 gradibus
741 2604 943 2678 perfectionis,
967 2612 1130 2679 propterea,
1154 2606 1224 2680 qula
1247 2607 1427 2680 quantitates
1450 2608 1480 2664 iu
1502 2617 1600 2668 mente

248 2704 316 2751 sunt
339 2691 537 2768 mundumque
567 2683 745 2768 praecedunt
769 2703 800 2748 ut
823 2690 989 2765 archetypi,
1019 2699 1051 2749 st
1072 2692 1258 2766 perfeetionis
1283 2693 1391 2768 gradus
1419 2703 1487 2752 suut
1510 2712 1600 2771 opera

248 2780 348 2838 mundi
375 2781 433 2851 jam
456 2782 616 2838 constituti.
662 2778 729 2837 Non
751 2780 838 2853 igitur
861 2779 1019 2849 assentior,
1050 2795 1115 2836 eum
1137 2780 1194 2850 ais,
1218 2780 1281 2838 sine
1304 2782 1470 2856 cognitione
1493 2780 1597 2841 horum

247 2885 441 2939 numerorum,
465 2868 515 2942 qui
538 2866 650 2926 seilicet
672 2885 691 2923 a
712 2866 851 2940 gradibus
874 2865 1061 2939 perfectionis
1076 2873 1198 2924 riaturas
1221 2866 1390 2939 formantur,
1413 2869 1598 2945 impossibile

248 2973 329 3026 esse,
360 2954 395 3013 de
425 2957 536 3013 musica
562 2957 625 3012 sive
656 2951 804 3012 mundana
835 2954 899 3009 eive
922 2951 1067 3012 artificiali
1094 2954 1149 3011 rite
1167 2952 1309 3027 judicare.
1355 2955 1430 3014 Nam
1460 2957 1598 3016 simodo

247 3046 306 3100 sint
329 3045 451 3114 nuureri,
476 3050 508 3100 ut
530 3051 625 3100 tecum
649 3041 762 3115 loquar,
785 3040 909 3108 formati,
934 3040 1030 3100 verius
1044 3044 1171 3100 concreti
1193 3043 1407 3115 quantitatibus
1422 3044 1599 3104 mentalibus
1632 3042 1635 3052 '

248 3140 277 3188 et
299 3129 510 3206 archetyplcis,
534 3129 693 3187 rectissime
717 3145 751 3185 ex
776 3129 811 3184 lis
835 3126 877 3192 dc,
893 3128 973 3183 onrni
996 3128 1110 3185 musica
1128 3125 1255 3201 judicari
1270 3129 1368 3204 potest
1392 3131 1539 3208 othmqtre
1563 3132 1599 3192 de

248 3216 306 3276 illis
329 3219 399 3292 ipsis
423 3218 479 3275 tuis
502 3217 641 3291 gradibus
665 3214 873 3291 perlectionum
896 3220 1029 3273 naturae.
1441 3221 1445 3228 “
1479 3289 1483 3296 Ι

335 3305 411 3362 lllud
435 3306 524 3363 etiam
547 3302 637 3379 paulo
661 3301 731 3360 mibi
754 3309 799 3361 est
820 3300 1008 3375 insolentius,
1033 3298 1121 3377 quod,
1146 3317 1220 3375 quos
1242 3319 1298 3377 ego
1321 3320 1457 3364 numeros
1479 3306 1598 3383 appello

247 3392 419 3462 abstractos,
444 3399 475 3450 tu
498 3390 663 3449 materiales
687 3399 716 3448 et
738 3389 860 3448 sensiles
884 3388 1025 3464 appellas.
1073 3386 1174 3446 Omnis
1196 3407 1360 3464 numerus,
1376 3400 1409 3449 ut
1431 3394 1471 3450 sit
1493 3411 1597 3453 trume-

247 3498 305 3550 rus,
331 3482 420 3539 menti
445 3482 540 3538 inesse
565 3478 667 3549 debet,
691 3487 723 3534 ut
747 3476 832 3535 docet
856 3476 1044 3546 Aristoteles,
1076 3477 1104 3531 in
1123 3461 1262 3536 serisibus
1287 3478 1375 3554 inque
1396 3483 1519 3544 materia
1541 3499 1599 3539 nu·

247 3584 344 3625 murus
367 3584 424 3624 non
448 3575 501 3637 est,
525 3566 576 3624 sed
600 3568 726 3622 unitates
750 3564 907 3639 dispersae.
954 3563 1069 3622 Videris
1094 3564 1180 3621 etiam
1205 3564 1320 3624 titulum
1341 3565 1470 3626 iormalis
1485 3559 1598 3630 numeri

247 3655 423 3713 contundere
447 3672 512 3711 oum
529 3653 714 3712 distinctione
731 3651 781 3711 illa
798 3650 996 3723 Aristoteliea,
1019 3667 1084 3710 cum
1111 3649 1323 3728 Pythagoricos
1353 3655 1395 3713 ait
1419 3672 1496 3715 nune
1514 3654 1598 3733 loqui

247 3743 282 3800 do
306 3744 434 3799 rnuneris
457 3744 519 3799 suis
542 3750 573 3799 ut
596 3742 772 3811 numerosis,
795 3756 872 3797 nune
895 3746 927 3796 ut
950 3737 1155 3811 deformatis,
1179 3748 1212 3799 ut
1234 3742 1262 3797 in
1287 3740 1406 3802 denario
1430 3742 1598 3804 considera·

247 3839 293 3887 tur
317 3830 362 3887 vel
386 3827 541 3887 multitudo
565 3829 709 3886 unitatum
733 3827 781 3885 vel
802 3826 906 3902 ligura.

334 3916 431 3989 Nugas
469 3926 497 3975 te
529 3919 588 3974 vim
620 3914 834 3973 harmoniarum
869 3924 984 3971 tuarum
1020 3929 1056 3970 ex
1089 3916 1216 3973 numeris
1250 3915 1404 3975 abstractis
1436 3920 1595 3995 accepisse.

246 4001 350 4077 Neque
374 4003 429 4061 hoc
452 4020 506 4080 ego
529 4004 616 4079 plane
639 4004 679 4059 ita
704 4000 778 4074 dixi,
811 4000 863 4060 sed
885 4015 952 4058 curu
975 3997 1127 4058 didicisses
1149 4017 1185 4059 ex
1209 4003 1371 4077 veteribus,
1395 4004 1470 4063 iuter
1492 4022 1597 4065 aume-

246 4106 294 4147 ros
319 4094 337 4148 3
362 4100 391 4148 et
415 4094 433 4147 t
457 4109 521 4150 csse
544 4092 760 4166 proportionem
783 4088 996 4158 harmonicam,
1027 4103 1123 4161 neque
1153 4090 1356 4161 observasses,
1387 4089 1445 4149 illis
1468 4096 1596 4152 unitates

247 4193 349 4245 ornnes
374 4181 401 4234 in
424 4177 621 4253 applicatione
643 4177 733 4236 luisse
756 4175 895 4253 aequales
919 4174 1100 4251 longitudine
1123 4174 1304 4250 chordarum,
1329 4178 1398 4251 dixi,
1423 4187 1451 4238 te
1475 4178 1596 4240 dimissa

247 4265 427 4341 aequalitate
458 4267 653 4340 quantitatira
683 4264 848 4341 applicasse
876 4279 1013 4322 numeros
1042 4265 1121 4337 ipsos
1145 4263 1180 4335 3,
1212 4266 1232 4321 4
1259 4281 1328 4326 cum,
1348 4266 1509 4326 unitatibus
1532 4267 1594 4327 suis

243 4354 379 4428 partibus
402 4352 518 4426 triundi,
550 4371 608 4411 non
632 4351 758 4428 amplius
782 4355 854 4409 iuter
877 4368 907 4409 se
931 4349 1114 4425 aequalibus.
1159 4348 1229 4410 dam
1257 4351 1331 4411 nihil
1353 4356 1487 4424 interest,
1518 4353 1594 4414 unde

245 4449 277 4498 tu
301 4444 363 4498 uim
388 4440 432 4499 his
454 4443 581 4499 numeris
605 4439 823 4510 conciliaveris,
853 4455 922 4495 num
945 4454 981 4495 ex
1005 4453 1039 4494 eo
1063 4436 1176 4511 solum,
1207 4438 1286 4515 quod
1316 4449 1384 4510 suut
1406 4443 1532 4514 nrrmeri,
1562 4450 1595 4501 ut

247 4537 371 4599 veteres,
395 4546 432 4585 an
456 4546 492 4587 ex
515 4527 573 4586 illis
596 4527 735 4602 gradibus
758 4526 966 4604 perfectionum
990 4523 1184 4601 naturalium
1207 4526 1326 4603 suffieit,
1350 4530 1535 4589 occasionem
1556 4528 1594 4588 ab

246 4616 317 4690 ipsis
343 4617 488 4674 veteribus
511 4625 540 4674 te
563 4617 681 4692 petiisse
712 4613 857 4673 deierandi
881 4613 1017 4671 numeris.

335 4704 396 4777 llgo
420 4703 487 4774 tibi,
511 4705 551 4760 mi
573 4701 715 4772 Roberts,
739 4701 845 4774 fateor,
869 4717 935 4759 eum
957 4702 1054 4774 agitur
1076 4696 1112 4756 de
1135 4699 1305 4760 certitudine
1328 4701 1595 4778 comprehensionis

245 4807 356 4862 ronnn,
381 4790 494 4848 elotum
516 4808 564 4849 me
586 4807 643 4847 ease
666 4791 782 4847 omuino
805 4791 947 4862 opinione
969 4803 1027 4844 nou
1049 4803 1132 4860 meu,
1161 4785 1214 4845 sed
1237 4790 1382 4847 communi
1406 4789 1594 4850 mathemati·

246 4894 345 4936 eurum
369 4879 513 4948 omnium,
544 4884 576 4934 ut
598 4893 790 4952 quaecuuque
814 4885 844 4933 tu
869 4884 976 4933 tractas
999 4872 1205 4933 mathematica
1227 4892 1307 4935 more
1329 4875 1512 4950 Hermctico,
1540 4895 1593 4936 seu
1629 4915 1631 4919 .

244 4967 390 5023 strictiora
413 4982 467 5023 seu
490 4965 664 5035 remissiora,
688 4965 717 5019 iu
741 4971 888 5021 contemtu
912 4963 1046 5033 habeam,
1069 4961 1159 5037 idque
1181 4978 1240 5020 nou
1263 4963 1333 5023 odio
1354 4967 1593 5041 earumipsarum

245 5052 478 5111 Hermetiearum
508 5068 559 5111 seu
582 5053 785 5128 mysteriorum
812 5058 950 5122 naturae,
980 5048 1032 5108 scd
1055 5048 1093 5106 ob
1116 5047 1146 5107 id
1173 5052 1283 5126 ipsum,
1314 5054 1385 5128 quia
1413 5069 1468 5112 uec
1489 5069 1593 5129 capere

244 5139 452 5200 mathematica
482 5141 538 5197 nisi
566 5156 617 5215 per
646 5137 905 5196 demonstrationes
936 5136 1173 5208 mathematicas,
1207 5155 1261 5198 nec
1288 5140 1318 5196 iu
1346 5139 1518 5220 penetralia
1547 5142 1594 5198 tui

245 5229 395 5287 Hermetis
417 5230 594 5302 opacissima
616 5226 708 5285 oculis
729 5225 947 5284 mouemottcts
968 5226 1113 5300 inapicerc
1133 5242 1262 5299 unquam
1283 5225 1380 5285 didici.
1417 5227 1492 5286 Nam
1507 5234 1592 5303 post·
1646 5257 1649 5270 ·

244 5332 334 5391 qnam
357 5315 454 5371 omnia
482 5321 533 5372 tua
555 5312 625 5370 mihi
648 5329 737 5387 quam
760 5311 982 5387 diligentissime
1010 5312 1129 5369 rimatus
1152 5329 1216 5371 esse
1247 5312 1363 5387 videor,
1394 5331 1514 5388 somnus
1536 5315 1592 5372 ob·

199 5411 202 5417 ’
243 5405 330 5478 repit,
353 5400 524 5472 obliviscor,
548 5417 622 5474 quas
646 5410 676 5457 tu
699 5400 892 5458 loruralitates
915 5398 996 5457 dieas
1020 5401 1162 5460 unitattun
1186 5399 1316 5473 tuarum,
1350 5419 1437 5477 quem
1458 5402 1591 5480 spiritum

244 5488 417 5557 formalem,
443 5505 501 5562 quo
524 5486 606 5544 illum
630 5487 737 5557 ingenii
762 5488 914 5546 conamine
946 5503 981 5543 er
1005 5501 1063 5559 qua
1093 5489 1139 5543 roi
1160 5485 1249 5546 litero
1279 5487 1448 5549 eruendum.
1493 5488 1591 5568 Quare

243 5595 291 5636 me
315 5574 487 5651 recolligens
510 5574 547 5632 ab
571 5574 626 5632 hoe
647 5589 749 5632 somno
773 5581 934 5651 temperare
957 5571 1027 5632 mihi
1042 5587 1100 5630 non
1122 5589 1251 5652 possum,
1275 5578 1345 5651 quin
1372 5577 1516 5650 omnibus,
1540 5579 1592 5653 qui

244 5662 418 5727 certitudine
440 5662 570 5739 gaudent
597 5659 901 5739 comprehensionum,
933 5669 963 5722 ot
983 5658 1114 5738 linguam
1142 5669 1171 5721 et
1197 5660 1300 5724 modos
1322 5665 1593 5734 mathematicorum

297 5782 392 5835 Kaplsrl
404 5781 479 5834 Opera
491 5781 518 5825 V.
1394 5771 1435 5831 29
