3684 7259
755 1252 790 1311 de
805 1252 960 1310 Harmonia.
1484 1262 1524 1323 41

274 1431 452 1497 Quaestionem
470 1435 501 1485 de
517 1435 686 1488 Hrrtnthmls
703 1434 856 1501 dimensionp
868 1434 956 1483 'l'errae
973 1433 1114 1497 Heruartus
1130 1423 1187 1495 Jsmv
1198 1434 1238 1500 pri
1355 1435 1454 1501 pittolis
1472 1450 1527 1487 mo·

184 1509 265 1568 rarat,
283 1518 398 1555 necnon
417 1506 537 1569 quaedam
556 1505 586 1554 ds
603 1511 721 1567 magneta.
751 1506 792 1555 Ad
810 1519 873 1568 quae
890 1505 1080 1568 cumlieplerua
1096 1505 1250 1567 insequenti
1352 1507 1527 1573 easdemque,

186 1588 252 1636 quae
263 1575 406 1624 harmonica
423 1577 536 1636 attinent,
554 1576 715 1640 responderit,
731 1576 784 1641 illa,
803 1589 866 1639 quae
883 1575 1025 1624 Herrrrrtus
1042 1575 1153 1641 scripsit,
1171 1575 1274 1638 liepleri
1291 1575 1370 1625 literis
1387 1578 1527 1640 praemitti·

187 1658 253 1692 mua.
290 1644 370 1693 llatae
389 1651 449 1695 sunt
466 1645 586 1694 Herrrarti
604 1646 723 1709 epistolae
739 1645 864 1694 llouachii
882 1643 906 1697 d.
925 1640 967 1696 18.
987 1650 1012 1693 et
1028 1640 1063 1696 26
1079 1646 1140 1707 Apr.
1170 1645 1240 1693 Prior
1252 1646 1312 1694 haec
1329 1647 1413 1694 hahet:
1431 1647 1527 1696 libren-

188 1718 271 1762 reatsr
291 1720 336 1765 ete.
372 1715 417 1765 lch
435 1715 518 1764 rrurde
534 1715 662 1777 berichtat,
679 1716 716 1764 als
735 1716 767 1765 ob
785 1717 811 1764 ln
830 1715 932 1762 Bshalm
951 1714 991 1763 dle
1008 1714 1172 1775 Magnetstaln
1192 1715 1240 1764 uol
1257 1730 1286 1764 au
1304 1717 1450 1765 behommeu
1466 1732 1527 1779 aeyn

186 1783 276 1832 sollsu.
310 1783 384 1833 Wolt
406 1799 465 1847 geru
490 1786 561 1835 einen
584 1798 684 1847 grosaen
706 1785 759 1835 und
776 1800 814 1834 πο
832 1784 941 1846 mbglich
964 1786 1037 1834 einen
1060 1785 1170 1850 ruudeu,
1195 1784 1270 1834 daran
1295 1786 1336 1835 dia
1353 1787 1527 1849 Hrperiautlae

186 1854 296 1903 Hilharti
313 1856 426 1918 probiert
442 1855 494 1905 und
510 1855 614 1917 gsseheu
634 1855 730 1905 werden
748 1856 878 1916 mdchten,
897 1868 952 1903 uma
971 1853 1028 1904 (ielt
1045 1856 1199 1907 behommeu.

274 1923 366 1974 Barnea·
382 1926 478 1975 lommt
494 1927 541 1974 mir
558 1927 652 1975 ratione
670 1926 790 1987 magnetis
807 1926 834 1974 in
852 1938 878 1973 re
895 1924 995 1974 nautica
1013 1925 1090 1973 isemd
1108 1925 1162 1989 fiir,
1187 1923 1318 1974 dass'man
1335 1925 1435 1987 glaubt,
1460 1924 1527 1975 disse

187 1993 271 2042 liunst
288 2008 331 2056 say
354 2000 404 2044 eret
429 2010 472 2044 ror
485 1996 568 2056 ,srenig
591 1993 642 2048 100
658 1994 749 2045 Jahrau
774 1995 893 2044 eriunden
917 1993 1029 2060 worden,
1054 1993 1086 2042 da
1107 1995 1170 2044 doch
1189 1995 1377 2059 Pachymerlns,
1403 1994 1446 2043 der
1464 1994 1526 2044 nach

186 2062 285 2116 Goursd
299 2063 397 2113 (luner
421 2066 574 2128 temporibus
592 2066 723 2114 Athanasii
745 2066 858 2130 scripsit,
881 2064 985 2123 meldet,
1010 2064 1067 2113 dass
1092 2064 1135 2113 der
1150 2065 1250 2126 lisgnet
1272 2065 1458 2113 inclinationem
1484 2078 1527 2113 seu
1584 2099 1589 2103 -

186 2134 353 2197 sympathiam
371 2135 403 2183 ad
421 2135 510 2185 Ursum
529 2136 648 2184 minorem
665 2136 736 2187 habe.
772 2135 831 2183 lian
848 2134 946 2183 mbchte
963 2134 1098 2198 sprechen,
1123 2134 1178 2184 dass
1197 2135 1265 2184 diese
1286 2135 1400 2183 aiiection
1418 2136 1529 2184 bekannt

185 2210 292 2268 gsrrsat,
316 2206 375 2253 abar
393 2206 561 2254 nichtmahlsn
578 2205 610 2254 ad
626 2219 677 2254 ram
695 2206 820 2254 nauticam
839 2205 971 2269 appliciert
987 2203 1098 2266 rrordeu;
1121 2204 1188 2269 quod
1207 2208 1272 2253 certa
1291 2204 1388 2253 videtur
1405 2200 1527 2265 retugium

186 2279 315 2335 nemum,
338 2288 394 2323 eum
413 2282 438 2324 et
455 2275 557 2324 Homeri
576 2281 654 2324 utare
672 2281 782 2339 tempore
799 2276 887 2324 nubilo
910 2274 955 2322 illa
972 2275 1142 2339 quaerimonia
1166 2275 1285 2336 riguerit,
1307 2274 1397 2323 nesciri
1416 2273 1527 2323 cardines

186 2343 285 2394 muudi.
320 2344 414 2392 Wollta
432 2358 490 2405 geru
506 2343 717 2394 lundmentalem
734 2344 909 2394 resolutionem
935 2343 1009 2405 hujus
1027 2343 1097 2392 dubii
1121 2358 1170 2393 ron
1189 2344 1244 2394 dem
1263 2345 1341 2393 Herm
1364 2356 1526 2394 vernsmmeu.

273 2413 304 2461 ln
322 2414 379 2462 dem
396 2415 504 2463 Thermo
522 2413 702 2477 Ooamographo
721 2414 792 2464 Gallo
810 2415 858 2465 hab
876 2415 917 2462 ich
935 2414 1045 2475 gelesen,
1068 2414 1124 2463 dass
1145 2429 1172 2463 er
1188 2416 1321 2476 anulmmt,
1349 2414 1392 2463 das
1409 2413 1526 2462 Hrdreich

187 2484 341 2547 protrahlare
358 2485 412 2533 slah
431 2498 514 2534 venua
533 2486 725 2548 septentrionem
741 2487 768 2533 ln
787 2484 827 2533 dia
844 2485 937 2545 binga,
956 2498 999 2545 say
1016 2483 1069 2532 also
1086 2486 1125 2533 nit
1136 2499 1179 2545 gar
1190 2483 1262 2549 rond,
1280 2484 1386 2533 eondern
1403 2484 1430 2532 in
1449 2485 1528 2533 iorma

184 2552 325 2613 cylindrlea
342 2554 523 2626 quodammodo
542 2568 625 2604 varana
643 2556 742 2603 boream
760 2556 872 2617 oblonga
909 2554 988 2603 Waun
1007 2554 1047 2602 ich
1064 2568 1116 2603 nun
1127 2555 1230 2616 gedeut,
1250 2554 1306 2603 dasa
1324 2556 1364 2602 ein
1383 2554 1462 2615 stylus
1480 2555 1527 2601 ob·

185 2624 276 2684 longus
295 2624 449 2689 ehalihaeus,
473 2638 621 2690 quoeunque
638 2625 694 2674 loco
712 2630 737 2673 et
754 2624 828 2674 modo
846 2625 956 2685 magneti
971 2623 1129 2690 adhibeatur,
1154 2624 1266 2673 danuoch
1284 2625 1311 2672 in
1330 2624 1527 2673 extremitatibus

185 2695 288 2741 boream
307 2699 332 2741 et
349 2699 461 2745 austrum
478 2696 550 2757 aelgt.
568 2695 647 2743 duukt
664 2696 738 2756 mich,
756 2694 812 2744 dass
830 2694 908 2745 durch
927 2694 1008 2743 dieses
1021 2696 1215 2757 experimentum
1234 2694 1314 2744 dieses
1328 2699 1448 2743 assertum
1460 2692 1526 2741 Tha·

186 2764 237 2811 vett
254 2762 382 2823 glaubilch
400 2764 452 2812 und
469 2766 572 2828 physice
591 2766 769 2813 consectarium
787 2764 873 2813 verde.
909 2764 967 2813 Nun
984 2764 1079 2813 lommt
1096 2767 1143 2813 mir
1160 2766 1224 2813 noch
1241 2764 1382 2829 folgenden,
1402 2764 1444 2812 das
1462 2764 1526 2811 mich

185 2834 222 2881 ost
244 2832 343 2898 plagte,
370 2847 401 2883 zu
420 2834 535 2884 Hsmdtb,
570 2836 609 2883 Hx
632 2835 794 2893 Eratosthene
817 2835 956 2898 colligitur,
981 2847 1058 2883 unum
1081 2834 1183 2895 gradum
1205 2836 1335 2884 coelestem
1353 2835 1477 2899 requirere
1500 2834 1526 2881 in

185 2903 329 2966 peripheria
346 2905 561 2980 maximasl'arrae
579 2902 633 2958 700
649 2904 737 2953 stadis.
773 2904 851 2969 Atqui
871 2904 980 2953 llarlnus
993 2904 1082 2964 Tyrius
1100 2910 1125 2953 et
1142 2918 1198 2953 eum
1216 2908 1314 2953 secutus
1327 2902 1363 2952 (ll.
1373 2904 1528 2953 Ptolemaeus

185 2972 288 3022 nonnisi
307 2970 359 3026 500
376 2973 457 3022 stadia
479 2976 574 3024 tribuit.
611 2974 745 3035 Quaeritur
768 2976 831 3023 ratio
850 2974 1003 3023 dlilereutiae
1022 2979 1115 3023 aaron.
1151 2975 1203 3034 ligo
1226 2975 1360 3023 inhaere
1384 2973 1445 3021 mihi
1462 2985 1527 3021 nun·

186 3055 264 3107 quam
283 3043 425 3092 aatialacare
448 3046 531 3108 potui,
554 3057 600 3093 nae
617 3044 690 3093 video
708 3046 772 3094 hano
794 3044 964 3093 difficultatem
987 3045 1019 3092 ab
1036 3044 1093 3092 aliia
1109 3049 1205 3093 tactam
1241 3044 1309 3092 ilitio
1329 3043 1461 3103 demnaoh,
1485 3042 1529 3091 der

185 3112 254 3161 Herr
270 3111 343 3160 welle
362 3112 442 3162 dieser
459 3114 582 3163 Dlileranu
602 3113 771 3164 nachdeuhen.
807 3115 855 3163 Die
872 3113 992 3178 Ursache‚
1018 3113 1074 3162 dass
1092 3115 1140 3162 mir
1158 3113 1237 3162 dieses
1255 3128 1286 3161 ru
1304 3113 1410 3163 Gemiith
1429 3114 1525 3161 lommt

185 3184 218 3230 ist
237 3182 287 3241 dia,
305 3181 361 3231 dass
379 3183 549 3233 linteatheuis
567 3186 772 3233 commensuratio
790 3198 804 3231 a
822 3186 896 3233 borea
914 3183 946 3231 ad
964 3188 1074 3231 austmm
1091 3184 1171 3248 gebat,
1191 3184 1231 3232 dle
1249 3184 1384 3233 Phoenices
1402 3189 1429 3232 nt
1447 3183 1527 3245 pluri-

185 3265 255 3299 mum
272 3252 304 3300 ah
322 3254 416 3302 oriente
443 3268 527 3302 rersua
544 3254 696 3303 occidentem
718 3254 832 3315 gaschlnt
849 3254 941 3302 haben:
968 3254 1000 3301 oh
1019 3253 1144 3302 visllslcht
1165 3253 1239 3302 daher
1263 3254 1351 3314 oriolgt
1368 3255 1443 3313 ulra,
1471 3251 1527 3300 daea

184 3335 243 3369 man
262 3320 295 3371 ad
314 3323 488 3386 complendum
505 3324 608 3385 gradum
627 3325 757 3373 coelestem
775 3325 815 3372 siu
834 3324 956 3373 mehrares
974 3324 1081 3386 spatium
1100 3324 1131 3371 ah
1149 3328 1232 3372 austro
1251 3337 1335 3373 venus
1352 3324 1465 3383 boream,
1490 3322 1528 3370 als

185 3392 217 3439 ab
235 3392 332 3440 criente
350 3393 376 3440 in
394 3406 509 3454 occasum
532 3393 613 3443 haben
631 3396 742 3444 mdeste?
777 3394 838 3443 will
865 3393 907 3442 das
926 3392 1008 3442 Herm
1026 3393 1201 3442 resolutionem
1219 3394 1334 3443 hierllher
1357 3394 1404 3440 mit
1421 3392 1526 3440 Varian-

184 3474 232 3522 gsu
251 3468 378 3513 swarten.

272 3531 360 3580 Damlt
376 3546 427 3581 ursa
444 3529 497 3582 lma
514 3546 570 3582 von
587 3535 635 3581 mir
650 3533 720 3595 jeder
737 3534 793 3583 Zeit
810 3535 861 3582 lleh
878 3533 930 3582 und
948 3534 1092 3595 angenemb.
1128 3532 1220 3581 Datum
1239 3538 1283 3581 etc

273 3618 302 3667 1³.
319 3618 345 3668 8.
378 3619 474 3669 Dessen
492 3620 605 3669 Anterort
621 3621 670 3669 hah
688 3621 729 3669 ich
746 3619 826 3682 gleich
842 3622 893 3681 jort
911 3620 1071 3683 empiangsn‚
1095 3620 1160 3669 lanu
1179 3621 1237 3669 aher
1258 3619 1359 3680 sobald,
1382 3617 1524 3667 sondarlieh

185 3702 270 3750 exau
288 3689 454 3738 ilirirlleuden
470 3691 585 3751 negotisu
605 3691 693 3739 daraui
707 3691 746 3738 nit
762 3694 904 3739 autvorten.

270 3776 424 3826 Posteriores
437 3776 523 3826 literas
540 3776 664 3826 Heruarti
681 3778 776 3840 priores
794 3776 833 3824 hle
852 3778 989 3837 corrigunt:
1012 3777 1105 3837 Wegeu
1125 3776 1227 3838 descen,
1245 3790 1273 3825 ao
1291 3776 1331 3825 ich
1349 3776 1401 3824 ime
1419 3773 1462 3824 dea
1479 3774 1527 3823 Pa-

184 3846 308 3909 chpmaril
325 3847 411 3895 halher
427 3847 601 3910 gaschrleben,
619 3846 671 3895 iud
689 3847 729 3895 ich
748 3847 793 3895 aui
808 3847 919 3895 berseres
937 3846 1106 3911 Naehsucheu,
1129 3845 1185 3894 dass
1203 3843 1229 3893 0.
1249 3846 1342 3896 Gesner
1359 3847 1413 3895 sloh
1430 3846 1528 3909 geirre't,

183 3918 216 3967 da
234 3930 261 3965 ar
278 3917 411 3965 Athanasii
422 3916 580 3966 Prtrlarchae
597 3916 733 3982 gedaniet3
753 3917 796 3965 das
814 3916 897 3964 rriirde
914 3916 967 3965 sich
986 3918 1053 3980 aher,
1071 3920 1133 3965 teste
1152 3915 1271 3975 0uutrio,
1288 3918 1334 3964 aui
1348 3917 1419 3965 ainsu
1438 3914 1528 3963 liduch

183 3986 318 4047 berichem
340 3986 384 4035 der
401 3999 466 4035 runo
487 3983 553 4039 1290
575 3992 671 4035 creatus
689 3987 830 4035 Patriarcha
847 3984 1139 4049 Constantinopolitauus
1159 3990 1275 4050 vocatus;
1299 3986 1414 4036 aintemal
1432 3986 1528 4045 Pachy-

183 4057 285 4118 malus,
303 4060 333 4104 ut
350 4061 447 4105 conant
464 4071 495 4105 aa
513 4056 629 4105 historiae
647 4057 777 4121 excerptis,
796 4070 860 4121 quas
877 4056 982 4105 Woliua
1001 4056 1153 4119 Nicephorae
1171 4055 1293 4116 Gregorae
1310 4058 1431 4123 subjecit,
1449 4068 1529 4119 usque

183 4127 214 4176 ad
232 4139 255 4173 a
273 4123 320 4178 or.
340 4122 407 4179 1³05
424 4126 599 4189 geachrlabeu,
624 4127 677 4175 also
696 4127 754 4175 dass
772 4126 812 4175 die
829 4127 967 4190 antiquitas
984 4126 1086 4189 pyxidis
1104 4128 1218 4176 nauticae
1236 4140 1280 4175 aus
1299 4127 1352 4175 ihm
1376 4128 1415 4175 ult
1432 4139 1463 4175 au
1483 4126 1526 4172 he-

184 4197 276 4246 rreisan
295 4196 348 4245 und
365 4197 406 4245 ich
425 4196 543 4245 damuach
562 4197 731 4246 seinsthalben
749 4197 787 4245 uit
804 4198 874 4245 mehr
891 4196 1000 4245 anatehe.

273 4392 404 4470 [lepleruq
421 4405 492 4469 prins
509 4404 541 4453 ad
552 4405 637 4454 literas
650 4406 673 4454 d
689 4404 728 4459 10.
741 4407 794 4457 Oct.
810 4406 970 4470 respondens,
988 4406 1048 4454 haec
1060 4404 1102 4453 dat
1119 4402 1153 4469 (d.
1166 4400 1208 4456 24.
1222 4404 1283 4453 Hor.
1298 4400 1374 4463 1607)
1387 4405 1528 4454 Herwartot

782 4545 813 4607 S.
835 4546 870 4606 Ρ.
893 4547 932 4607 D.
1030 4583 1034 4593 ·

272 4650 387 4711 Nobrlis
410 4658 440 4711 et
460 4650 616 4727 Magnifice
640 4653 701 4725 vir,
732 4651 829 4711 fautor
853 4651 983 4712 colende.
1027 4651 1140 4711 Literss
1162 4650 1526 4726 M.Tuaescriptas10·

185 4737 253 4797 Oct.
274 4746 345 4797 aute
368 4737 582 4816 complusculos
613 4738 676 4797 dies
696 4739 795 4815 accepi
825 4755 861 4799 co
883 4741 947 4816 ipso
969 4747 1128 4815 tempore,
1145 4755 1204 4816 quo
1225 4736 1393 4815 migrandae
1415 4737 1530 4795 lucrant

184 4823 276 4885 aedes
298 4832 329 4894 ot
350 4825 597 4903 commigrandum
627 4823 666 4885 ud
687 4827 810 4886 inritum
844 4833 873 4886 et
893 4831 1105 4904 repugnantem
1127 4826 1288 4904 hospitem,
1317 4832 1362 4884 tot
1388 4822 1530 4883 machinis

184 4911 309 4973 occultis
331 4919 361 4972 ct
382 4916 490 4990 apertis
512 4915 664 4985 munitum,
687 4921 769 4973 tento
792 4914 893 4974 levore
915 4931 1023 4988 eorum,
1048 4914 1098 4990 qui
1121 4912 1281 4974 aulicorum
1296 4913 1410 4988 patroni
1432 4912 1530 4987 polius

184 5018 252 5061 esse
274 4998 431 5073 dehebant,
454 5008 488 5059 nt
508 5017 546 5060 ne
568 5017 645 5061 nunc
666 5000 784 5077 quidem
806 5001 969 5063 coniectum
991 5005 1029 5062 sit
1043 5004 1201 5078 negotium.
1238 5000 1319 5058 Libri
1334 4999 1410 5057 enim
1433 4998 1529 5058 locum

183 5084 316 5148 noudum
341 5104 427 5147 auum
456 5089 628 5149 invenerunt
663 5105 740 5164 sque
770 5090 806 5149 lis
834 5090 948 5151 absum.
1000 5089 1104 5166 Itaque
1137 5085 1215 5163 quod
1248 5084 1329 5146 tarde
1358 5083 1530 5162 respondeo,

184 5177 330 5253 ignosces.

272 5260 453 5322 Harmonice
481 5262 570 5339 igitur
596 5261 675 5339 quod
696 5262 810 5335 attinet,
833 5262 993 5340 significes,
1023 5262 1053 5320 in
1074 5267 1189 5338 promtu
1218 5275 1283 5319 cese
1306 5258 1529 5337 typographum,

185 5353 288 5426 itaque
311 5366 346 5408 ea
366 5349 500 5425 postulas
522 5351 640 5410 remitti.
684 5347 778 5409 Addie
799 5356 910 5424 umen,
940 5347 1099 5411 secuudum
1125 5363 1192 5408 mee
1213 5348 1325 5407 monite
1346 5353 1530 5423 procuratum

185 5439 249 5515 typi
271 5438 438 5513 negotium3
460 5445 612 5514 praeterea
634 5436 786 5497 consilium
808 5439 935 5515 exquiris
956 5452 1053 5496 meum
1076 5432 1111 5494 de
1134 5434 1243 5495 ordine.
1289 5433 1372 5510 Quae
1394 5433 1453 5494 duo
1477 5452 1530 5494 ex-

187 5534 281 5585 trema
303 5524 468 5599 eiecerunt,
490 5531 524 5583 ut
544 5522 694 5601 postulato
717 5532 767 5584 tuo
790 5541 847 5585 oon
872 5523 1030 5585 censuerim
1054 5521 1109 5581 hac
1124 5524 1188 5583 vice
1209 5522 1369 5600 parendum
1390 5523 1419 5580 in
1434 5526 1530 5581 bans·

186 5609 335 5671 mittendis
355 5610 449 5672 libris.
492 5610 568 5672 llam
591 5612 645 5671 otei
668 5612 729 5672 otio
750 5628 809 5671 nou
832 5609 959 5684 abundo,
983 5625 1037 5669 uco
1059 5616 1166 5670 temere
1189 5609 1260 5671 mihi
1283 5608 1413 5672 lahorem
1436 5625 1529 5682 sumo,

187 5715 284 5777 raeque
304 5698 429 5761 lemme
451 5698 505 5759 tihi
528 5692 641 5772 derum,
664 5715 787 5776 quornm
808 5715 898 5777 opere
918 5713 984 5759 meo
1005 5696 1073 5760 loco
1095 5700 1204 5778 utaris,
1226 5697 1313 5763 video
1335 5703 1447 5772 nmen,
1466 5695 1530 5773 Jsm
