3684 7259
867 1213 1007 1286 laeleri⁸
1467 1242 1486 1268 2
1549 1224 1611 1289 ιιι
1689 1203 1691 1207 ’

262 1397 456 1480 argumentis,
490 1394 584 1452 solum
608 1393 656 1453 vel
678 1394 831 1453 affirmanti
854 1392 925 1453 vel
935 1396 1053 1470 neganti
1075 1411 1127 1470 pro
1151 1395 1254 1453 lubitu.
1303 1360 1533 1459 auctoritatibus
1557 1417 1611 1478 ego

261 1483 502 1560 pbilosophorum
532 1491 598 1540 utor
627 1484 742 1558 quoties
770 1497 890 1557 possum
919 1490 949 1537 et
971 1484 1087 1556 quoties
1109 1482 1175 1542 de
1169 1486 1203 1540 tis
1233 1482 1312 1540 mihi
1327 1495 1455 1561 entistat3
1489 1487 1558 1562 quid
1582 1491 1611 1547 in

262 1572 405 1653 religione
427 1572 519 1628 secuti
543 1572 609 1642 sint,
633 1570 705 1627 nihil
729 1568 766 1627 ad
790 1570 879 1626 barte
887 1569 1116 1646 philosophiam,
1142 1571 1279 1645 quamdiu
1303 1570 1442 1645 dogmata
1466 1573 1612 1650 religionis

264 1675 322 1716 non
348 1659 518 1716 immiscent.
564 1656 610 1714 Tu
634 1658 888 1732 inaequalissimus
910 1672 988 1715 utrtrc
1011 1672 1165 1715 succenses
1183 1659 1337 1734 excipienti
1361 1667 1462 1717 contra
1484 1665 1612 1721 auctori-

262 1755 354 1818 tates,
380 1746 428 1802 uhi
452 1747 580 1802 rationes
604 1754 728 1817 cogunt,
757 1761 833 1801 nune
857 1760 957 1801 omenes
980 1752 1113 1801 auctores
1136 1745 1233 1818 rejicis
1256 1762 1321 1803 cum
1345 1749 1505 1805 stomacho.
1544 1750 1612 1808 Ex·

261 1834 386 1891 scribam
410 1842 460 1889 tua
482 1831 530 1889 hic
554 1834 660 1889 verber:
696 1829 769 1906 Lepi
798 1837 826 1887 ct
853 1831 945 1905 celeps·
971 1834 1111 1889 omnium
1143 1832 1329 1890 amnicorum
1357 1837 1469 1908 scripto
1500 1835 1556 1895 bac
1578 1840 1611 1895 ιἰι

244 1938 302 1992 ·rc,
326 1929 381 1977 trec
404 1918 474 1975 inde
496 1922 577 1975 canai
599 1919 721 1976 doctior.
767 1915 844 1990 Quid
868 1918 937 1974 mihi
962 1918 1085 1985 diceres,
1116 1921 1140 1977 si
1164 1919 1238 1977 hane
1262 1929 1339 1976 trram
1370 1924 1530 1980 orationem
1553 1927 1612 1983 tuis

244 2010 352 2083 ‘ipsius
377 2007 472 2065 verbis
495 2005 675 2063 retunderem
700 2022 735 2063 ex
758 2006 866 2079 pagina
889 2018 939 2062 tua
965 2008 1020 2062 15:
1053 2005 1136 2064 Deus
1165 2006 1240 2064 bone
1262 2014 1413 2081 wantum
1437 2016 1478 2067 est
1499 2012 1533 2068 in
1554 2011 1609 2070 ltc-

259 2097 341 2153 mine
372 2098 443 2152 isto
457 2095 570 2168 inpenii
601 2110 747 2164 acumen,
778 2094 832 2167 qui
862 2096 895 2148 ιἰι
917 2099 1074 2151 tantorum
1098 2097 1234 2151 virorum
1268 2094 1423 2153 doctrinae
1444 2098 1611 2157 medullam

257 2190 327 2257 port
355 2189 397 2239 tot
418 2182 518 2238 recula
543 2181 612 2251 jam
634 2180 736 2253 elapsa
768 2180 890 2252 irrepsit
918 2186 1008 2255 atque
1028 2184 1215 2255 penetrauit,
1249 2169 1285 2238 ht
1307 2182 1428 2239 tandem
1460 2186 1611 2244 mundum

261 2269 299 2326 ab
329 2268 483 2327 moriem
512 2274 576 2323 tam
604 2267 659 2324 din
689 2265 852 2343 leuandus
883 2275 1020 2342 purpure
1049 2271 1159 2342 queat!
1204 2269 1384 2343 lutetiam
1414 2287 1522 2345 pressa
1549 2274 1628 2350 fuit·

261 2356 371 2414 mundi
394 2357 515 2429 antiqui
536 2354 732 2427 ιριιιιιιιιὶο,
745 2339 827 2431 qood
847 2361 919 2411 anm
941 2355 995 2412 hoc
1017 2361 1133 2428 tempus
1164 2358 1197 2410 in
1220 2360 1353 2413 aeterum
1377 2374 1492 2415 erronea
1513 2360 1610 2436 inspi-

261 2462 326 2501 cere
347 2460 409 2500 non
429 2443 588 2515 potuerit?
631 2440 715 2498 Haec
737 2456 825 2514 supra
848 2459 866 2497 a
889 2451 917 2499 to
941 2443 1095 2516 propinata
1124 2450 1154 2498 et
1176 2460 1194 2501 a
1216 2458 1262 2499 me
1286 2442 1425 2501 devorata
1453 2461 1531 2503 nune
1555 2463 1609 2521 ego

261 2531 312 2588 tibi
342 2545 457 2604 regern,
493 2545 550 2586 non
583 2537 615 2586 ut
636 2530 690 2585 tihi
721 2527 798 2585 dicta
830 2529 931 2602 velim,
967 2528 1018 2586 sed
1048 2537 1079 2585 ut
1103 2526 1206 2586 eadem
1230 2528 1299 2598 mihi
1329 2547 1385 2587 non
1418 2548 1482 2589 meo
1506 2536 1608 2593 merito

262 2617 339 2676 dicta
361 2632 562 2690 recognoscas.
1146 2607 1150 2613 ’
1359 2606 1365 2616 ’

247 2704 250 2710 “
349 2705 374 2761 Α
399 2703 511 2761 diluvio
534 2702 656 2761 Nobtico
680 2700 795 2760 silicet
819 2703 1013 2776 argtnnentari
1038 2710 1138 2761 eontra
1155 2702 1381 2780 philosophiam,
1405 2721 1509 2764 cavere
1532 2722 1609 2762 nun·

261 2808 350 2867 quam
373 2792 527 2865 quisquam
549 2789 790 2865 philosophorum
822 2794 943 2865 poterit,
975 2790 1042 2863 quin
1068 2807 1122 2863 ego
1154 2783 1283 2865 plurimis
1314 2793 1409 2868 ipsum
1432 2793 1610 2869 perplexita-

262 2879 342 2937 tibus
365 2878 493 2935 induam.
540 2876 644 2933 Mones
674 2876 809 2934 suffocari
833 2876 939 2934 'l‘crrae
966 2880 1093 2933 animam
1121 2876 1291 2947 adilavio,
1324 2879 1402 2953 quod
1426 2879 1610 2939 altitudinem

262 2969 390 3024 omniurn
415 2967 556 3022 montium
580 2966 737 3038 superavit
782 2962 834 3020 Est
858 2962 930 3034 haec
952 2963 1041 3038 plaga
1064 2979 1120 3022 non
1145 2966 1238 3035 irrita,
1270 2964 1323 3022 sed
1345 2983 1380 3023 en
1404 2967 1456 3024 tibi
1481 2969 1623 3037 uicissim

260 3053 398 3111 alteram:
430 3053 462 3106 si
486 3052 628 3108 diluvium
661 3067 761 3109 omnes
790 3061 903 3131 marites
934 3053 1099 3126 superavit,
1134 3067 1271 3125 quorsum
1294 3068 1363 3138 ergo
1385 3062 1520 3128 receptas
1542 3065 1610 3112 sunt
1659 3046 1678 3126 J

261 3144 334 3198 istae
357 3157 467 3213 aquae,
499 3152 527 3197 et
552 3157 601 3196 cur
625 3140 720 3195 aetnei
745 3140 825 3211 ignes
848 3155 905 3193 non
924 3138 1088 3196 exstincti?
1133 3137 1315 3212 Seponamus
1346 3127 1401 3197 ista
1425 3140 1610 3216 miraculosa,

262 3245 385 3304 quorum
418 3227 525 3283 similia
558 3243 642 3301 porro
673 3241 823 3299 nutrquam
856 3226 954 3283 lutura
987 3224 1093 3283 divinis
1132 3226 1378 3284 obtestationibus
1409 3228 1610 3288 confirmatum

260 3314 412 3374 habemus.

347 3402 378 3460 Si
402 3401 520 3477 pluviae
544 3398 609 3457 ideo
633 3408 729 3457 none
752 3399 850 3469 Terra,
875 3400 946 3473 quia
969 3415 984 3457 e
1009 3398 1153 3458 thesauris
1173 3399 1237 3470 Del,
1261 3415 1323 3455 non
1343 3408 1388 3458 est
1411 3401 1506 3475 igitur,
1523 3358 1609 3477 quod

261 3491 289 3546 iu
314 3488 405 3547 rleura
427 3496 479 3556 est,
505 3491 577 3543 iuter
602 3485 754 3543 thesauros
778 3487 843 3544 Dei.
891 3487 927 3543 Et
949 3494 979 3543 tu
1003 3489 1065 3561 ipse
1089 3489 1131 3543 sie
1152 3503 1205 3560 per
1225 3483 1377 3545 thesauros
1392 3487 1464 3545 istos
1488 3489 1608 3562 titubas,

262 3593 339 3634 nunc
371 3573 483 3634 coelum
515 3578 737 3648 interpretatus,
770 3591 845 3631 nune
868 3573 973 3631 uitem.
1020 3573 1115 3630 lmo
1108 3576 1219 3648 inquis,
1242 3578 1296 3633 cei
1318 3580 1359 3630 eat
1382 3577 1445 3633 uita
1467 3573 1605 3653 (Terrae),
1676 3608 1681 3625 ι

263 3672 308 3721 ιιι
331 3664 374 3722 sic
400 3663 468 3735 ¹ejus
493 3664 570 3731 vita,
604 3672 636 3717 ut
659 3661 766 3718 halitus
789 3680 823 3718 ex
848 3679 912 3730 ore,
945 3662 995 3735 qrri
1018 3660 1124 3734 frigido
1146 3660 1229 3719 coelo
1258 3661 1290 3718 nt
1314 3664 1488 3737 conspicuus
1511 3666 1609 3738 specie

260 3750 346 3823 lumi,
379 3758 424 3817 est
452 3751 513 3805 vita
544 3748 684 3818 hominis,
718 3765 783 3805 nam
816 3757 845 3805 et
867 3752 917 3806 aer
947 3747 996 3805 ille
1019 3757 1117 3804 noster
1147 3747 1278 3822 qarotidie
1307 3757 1464 3807 renovatur
1486 3750 1610 3809 exhala·
1712 3794 1715 3801 .

260 3840 340 3896 tione
365 3836 481 3894 Terrae.
527 3835 580 3892 Est
601 3834 711 3892 Terrae
733 3838 841 3892 anima
863 3835 968 3893 lueida
990 3852 1058 3892 cum
1082 3838 1210 3909 spiritu:
1236 3852 1330 3911 neque
1351 3834 1429 3894 lucet
1449 3840 1498 3895 abr
1513 3844 1629 3913 neque

263 3927 361 3982 antima
385 3932 444 3994 est,
479 3924 564 3980 nimis
588 3922 624 3979 ad
649 3922 705 3979 hcc
729 3938 841 3979 crassus
865 3932 925 3994 est,
960 3937 1056 3997 neque
1083 3927 1186 3987 vivers
1212 3924 1437 4000 faciliensem,
1469 3923 1497 3981 ld
1521 3941 1608 4000 supra

262 4014 344 4070 satis.
391 4010 474 4084 Qrtae
500 4027 568 4067 sero
589 4010 650 4082 jam
675 4018 842 4099 seqrruntur
866 4027 924 4068 non
949 4010 1088 4085 intelligo,
1112 4011 1345 4086 quiachymicus
1368 4026 1426 4068 non
1450 4027 1531 4068 sum:
1555 4016 1609 4070 ati·

261 4106 432 4158 contractus
454 4104 495 4154 eat
517 4100 595 4169 ipnis
617 4101 650 4152 in
673 4115 756 4171 aqua
779 4104 831 4155 etc.
877 4097 960 4171 Quae
983 4099 1006 4154 si
1032 4100 1127 4154 omitia
1152 4105 1230 4154 certo
1253 4114 1339 4155 sensu
1363 4105 1449 4154 scint

251 4189 338 4258 seio,
363 4184 511 4259 quomodo
536 4184 602 4242 inde
625 4194 778 4258 sequatur,
801 4183 909 4242 Terrae
933 4201 996 4240 non
1014 4183 1116 4242 adesse
1139 4184 1306 4242 facultatem
1329 4184 1454 4242 arrrmale
1513 4202 1633 4260 equae.

261 4273 298 4333 ad
332 4274 543 4349 praescriptum
575 4281 744 4348 aspectuum
774 4273 850 4329 cieat
880 4280 1082 4346 tempestates:
1126 4271 1287 4329 Internum
1308 4115 1610 4438 cuymfficxyper

260 4365 289 4418 ἰι
311 4363 434 4434 operari
457 4358 617 4429 contendis,
631 4362 704 4420 sine
726 4359 798 4415 coeli
819 4358 990 4415 harmonia
1036 4358 1081 4414 De
1096 4357 1268 4415 ordinaria
1261 4375 1352 4433 rpsros
1370 4376 1446 4415 nrtnn
1558 4376 1608 4418 rae

261 4448 431 4525 operatione
454 4463 500 4503 me
524 4446 601 4503 idem
631 4445 711 4502 illo
705 4462 768 4519 ipso
793 4444 857 4502 loco
880 4453 1022 4514 statuere,
1057 4444 1238 4503 dissimulare
1268 4462 1325 4503 non
1350 4445 1485 4503 debuisti.
1530 4446 1606 4504 ann

262 4543 405 4593 astrorum
430 4535 597 4610 aspectibus
622 4534 802 4607 transscripsi
825 4531 919 4588 solum
944 4533 1071 4606 insignes
1094 4534 1227 4609 impetus.
1273 4532 1393 4608 Semper
1420 4541 1532 4594 tantum
1556 4551 1609 4591 ex-

261 4622 348 4679 sudat
371 4620 474 4690 Terra,
499 4631 531 4677 ut
553 4620 675 4677 desertina·
693 4637 750 4675 non
775 4617 924 4686 deliciunt,
956 4635 1007 4695 per
1029 4628 1164 4694 aspectus
1188 4637 1256 4677 vero
1281 4620 1466 4678 exstimulata
1495 4629 1607 4679 tantum

261 4708 403 4785 exsudat,
440 4718 471 4764 ut
504 4711 590 4765 etlam
620 4710 736 4783 insuper
764 4703 857 4779 pluat.
902 4705 998 4764 Tarde
1027 4705 1154 4763 dixeram
1187 4706 1363 4764 exstimulari
1387 4703 1516 4768 Terram.
1561 4697 1607 4766 Tu

262 4797 383 4871 objicis,
407 4812 463 4853 non
488 4812 574 4871 posse
598 4796 686 4867 igitur
709 4792 787 4850 illam
812 4796 853 4850 ‘ll
877 4793 956 4872 boris
980 4796 1118 4852 converti.
1166 4795 1262 4868 Atque
1291 4794 1347 4853 hoc
1371 4795 1463 4871 ipsum
1486 4811 1608 4870 respon-

260 4885 329 4956 deo,
363 4899 422 4957 quo
455 4881 490 4939 de
525 4882 612 4940 ruodo
643 4881 720 4937 dini:
754 4889 851 4938 motus
884 4880 1107 4955 diurnus¹opus
1136 4891 1180 4938 est
1207 4880 1382 4939 ordinarium
1411 4890 1440 4940 et
1472 4899 1607 4964 perenne,

262 4972 484 5029 effervescentia
517 4969 568 5026 illa
599 4967 857 5038 extraordinarium
881 4975 925 5026 est
948 4978 976 5026 et
1000 4972 1028 5024 in
1051 4970 1196 5025 montonis
1220 4968 1338 5039 saltem,
1370 4978 1402 5026 ut
1432 4972 1456 5026 si
1481 4961 1608 5028 camelus
1635 5024 1638 5031 .

264 5062 343 5117 viam
375 5074 458 5114 stram
490 5064 592 5130 pergat
622 5072 678 5112 non
703 5058 872 5113 intermissis
902 5058 1054 5131 passibus,
1086 5057 1198 5114 interim
1229 5072 1297 5113 vero
1328 5046 1404 5113 nnuc
1434 5056 1509 5132 hauc
1532 5073 1608 5116 nunc
1665 5116 1690 5126 ,,

261 5144 341 5204 illam
371 5156 483 5219 partem
513 5147 588 5200 cutis
619 5151 752 5211 corrtrget
782 5142 819 5200 ad
851 5143 1015 5219 enecandos
1044 5142 1158 5201 culices
1205 5142 1278 5200 (lum
1309 5130 1401 5200 multa
1431 5146 1513 5211 signa
1536 5160 1607 5221 pro·
1634 5139 1636 5148 ’

260 5234 363 5293 ferrem
387 5233 467 5289 vitae
491 5232 519 5286 in
543 5231 642 5300 lena,
666 5240 755 5303 tuque
778 5233 840 5303 ipse
864 5233 964 5288 vivere
986 5212 1066 5287 illam
1083 5228 1225 5288 concedas
1248 5239 1364 5305 propter
1382 5234 1487 5297 adrem,
1511 5240 1607 5288 tamen

261 5327 293 5379 ut
316 5319 430 5379 allicias
452 5335 527 5393 quac
550 5326 642 5393 potes,
667 5311 766 5373 inania
787 5318 872 5389 signa
894 5325 990 5375 cetera
1012 5316 1093 5384 dicis,
1117 5332 1171 5375 nec
1193 5318 1317 5391 probator
1341 5334 1429 5374 ιιιιιιιιι
1452 5335 1510 5374 non
1533 5317 1608 5378 tide-

261 5408 325 5465 liter
348 5406 449 5476 refers,
473 5421 530 5462 non
554 5404 620 5463 ideo
644 5403 681 5461 do
705 5403 811 5461 Terrae
835 5401 977 5480 auditum,
1001 5404 1069 5477 quia
1092 5401 1213 5478 lapillus
1234 5406 1261 5460 in
1287 5404 1351 5479 ejus
1374 5404 1502 5462 hiatibus
1525 5406 1608 5462 soni·

263 5505 324 5553 tum
347 5494 416 5559 edit,
440 5492 491 5548 sed
515 5491 591 5561 ideo,
617 5494 686 5564 (luia
710 5489 800 5565 lapilli
816 5491 949 5565 conjectu
966 5497 1152 5564 tempestates
1168 5492 1306 5549 oriamur.
1353 5492 1413 5549 Nec
1432 5494 1606 5566 nesciebam,

261 5583 323 5639 sine
347 5586 413 5638 aere
438 5597 493 5637 non
516 5595 603 5653 posse
626 5595 691 5636 esse
714 5581 856 5646 sortitum,
888 5584 919 5634 at
941 5580 1020 5634 aetio
1041 5578 1157 5636 occulta
1182 5581 1290 5636 virtute
1313 5577 1381 5653 quid
1407 5595 1480 5654 opus
1504 5580 1607 5647 estad

256 5669 318 5727 bas
341 5674 528 5743 tempestates
552 5664 687 5739 ciendae,
710 5669 735 5723 si
758 5666 856 5724 anima
877 5666 1023 5741 suppetit,
1045 5680 1133 5739 quam
1156 5666 1316 5725 manifestis
1340 5665 1522 5727 documentis
1543 5676 1607 5741 sta.-
