3684 7259
562 1248 696 1340 ψῃ,
757 1226 792 1285 de
808 1226 962 1285 Hermonis.
1486 1231 1527 1293 45
1567 1241 1571 1259 ¹

274 1408 400 1458 Hernerti
417 1379 545 1472 responsio
563 1408 624 1460 baec
640 1411 690 1460 est:
708 1406 869 1456 librenrester
886 1413 931 1456 etc
968 1408 1001 1456 lir
1018 1407 1061 1454 bat
1076 1406 1144 1455 recht
1160 1405 1258 1466 gethan,
1277 1406 1334 1455 dese
1352 1407 1385 1456 ιιι
1404 1407 1445 1456 die
1458 1405 1526 1457 liar·
1619 1395 1623 1402 ’

248 1480 287 1528 lca
304 1481 347 1528 bei
364 1478 417 1528 sicit
435 1479 559 1539 bebelteu,
576 1477 624 1528 vis
640 1475 683 1526 ten
700 1476 752 1525 ime
769 1477 834 1526 deun
851 1477 914 1526 euch
927 1479 996 1526 seine
1007 1477 1143 1525 versionem
1162 1475 1212 1523 und
1230 1490 1280 1524 rrae
1293 1490 1319 1525 er
1336 1479 1383 1526 mir
1395 1478 1529 1541 geschicbt,

253 1555 341 1597 mart
358 1548 472 1598 suseude.
508 1548 589 1597 Wenn
605 1545 647 1598 iub
662 1546 728 1596 noch
745 1546 834 1595 endere
852 1548 978 1596 versiones
995 1547 1084 1595 letinae
1108 1545 1188 1595 daron
1206 1546 1311 1611 erhelte,
1337 1541 1428 1598 vend&
1445 1548 1474 1597 ob
1493 1550 1529 1597 sie

188 1620 451 1668 1maucbssbtcten.
487 1619 542 1667 Wie
565 1619 623 1667 eber
649 1615 690 1666 die
707 1616 801 1666 Secben
824 1617 888 1666 noch
907 1631 938 1664 su
955 1618 1018 1665 tbnn
1042 1629 1101 1677 eeyn
1118 1617 1230 1676 mdcbte,
1255 1616 1333 1665 demit
1361 1611 1371 1626 ''
1486 1618 1530 1666 der

188 1688 266 1737 libbe
280 1688 366 1749 wertb,
384 1702 429 1736 ens
447 1688 588 1750 Tegeelicbt
604 1688 709 1751 iomme,
727 1687 802 1734 rrolle
820 1686 863 1734 der
879 1684 945 1735 Herr
962 1688 1047 1735 weiter
1065 1685 1223 1746 nerbdenien
1241 1684 1292 1733 und
1310 1548 1528 1805 missm

278 1759 333 1807 Den
352 1758 499 1808 (ilsreenum
518 1759 548 1806 de
566 1756 660 1806 iiueics
678 1758 725 1805 heb
743 1756 784 1804 iob
802 1757 865 1804 uocb
884 1758 922 1810 nit
940 1757 1085 1805 beiommen
1103 1757 1208 1804 idnnen.
1244 1756 1294 1804 iles
1313 1756 1372 1805 Setb
1393 1761 1396 1766 '
1431 1769 1530 1808 mmeu-

188 1830 298 1877 ιιιιιιιι
324 1829 457 1877 musicales
481 1828 577 1877 rrerden
599 1828 726 1876 vielleicbt
749 1838 764 1873 e
785 1827 872 1888 primis
895 1826 1025 1889 principiis
1049 1827 1087 1873 ult
1109 1826 1228 1886 eniengen
1256 1825 1308 1874 nud
1332 1826 1394 1874 anob
1418 1828 1459 1875 liin
1476 1827 1529 1876 sich

189 1899 300 1947 selbetsu
318 1900 357 1946 nit
374 1912 456 1959 genug
473 1911 550 1957 ee5n3
567 1898 608 1946 iob
626 1897 674 1944 bsb
693 1898 730 1945 sie
746 1895 885 1955 gleicbrroli
902 1896 941 1943 ult
957 1895 1071 1956 geseben.

279 1968 318 2015 iix
338 1970 411 2031 prexi
436 1966 568 2016 testudinis
592 1969 660 2028 scio,
684 1968 705 2014 ei
729 1964 845 2013 tendetur
870 1964 961 2014 cbords
985 1965 1117 2014 testudinis
1142 1965 1172 2012 eb
1190 1968 1213 2013 Δ
1235 1965 1304 2013 edii
1328 1961 1363 2028 (st
1386 1965 1530 2016 dimidietur

188 2040 218 2086 in
236 2035 265 2095 G)
283 2042 309 2085 et
326 2036 370 2086 AG
388 2037 513 2086 dividetur
530 2039 556 2085 in
577 2033 608 2088 12
626 2042 724 2099 partes,
747 2036 828 2098 sitque
846 2035 889 2082 ΑΒ
907 2034 938 2081 ed
958 2033 1001 2082 ΑΟ
1020 2039 1048 2082 ιι
1065 2032 1082 2086 2
1099 2035 1130 2083 sd
1151 2037 1176 2099 1,
1206 2041 1265 2083 tnnc
1281 2034 1325 2083 ΑΒ
1346 2049 1422 2085 ιοιιι
1440 2038 1472 2085 ed
1490 2035 1530 2085 cit

190 2121 281 2156 sonum
300 2107 396 2157 dicetur
414 2114 512 2171 octove,
536 2107 572 2155 ite
588 2106 720 2169 videlicet,
743 2110 772 2153 nt
789 2118 863 2153 sonus
882 2104 987 2154 cbordee
1005 2102 1045 2152 OB
1065 2096 1167 2153 minoris
1186 2119 1229 2153 seu
1248 2104 1365 2154 dimidiae
1393 2107 1423 2154 sd
1442 2120 1530 2156 sonum

191 2177 299 2226 cbordse
315 2178 360 2225 AB
377 2178 478 2238 majoris
496 2190 538 2225 eeu
557 2178 634 2224 totius
652 2176 748 2224 dicetur
765 2176 897 2223 unisonum
915 2178 1022 2223 octavae
1058 2175 1091 2224 Ut

316 2248 360 2295 sn
377 2247 409 2295 sd
428 2244 444 2297 3
462 2247 482 2294 B
498 2260 526 2296 se
542 2247 617 2294 bebet
633 2251 661 2294 nt
679 2241 713 2297 tt
730 2244 762 2293 ed
779 2241 811 2296 21
831 2246 870 2292 ιιι
887 2241 906 2296 8
924 2244 955 2292 sd
973 2244 990 2295 7
1007 2249 1032 2292 et
1050 2244 1141 2294 dicitur
1159 2245 1230 2293 tertis
1247 2246 1340 2306 minor,

334 2352 347 2378 n
386 2316 519 2377 n4Bs
569 2350 581 2375 ι
641 2311 1024 2380 anomaeus&
1080 2350 1093 2374 n
1183 2318 1336 2376 sm⁸J⁰fr

334 2383 581 2446 en7nnrs
642 2382 811 2445 »240ss
1009 2418 1091 2444 ιιι
1182 2386 1337 2449 »ΨΜ

192 2456 234 2503 De
251 2455 312 2504 rrolt
329 2458 369 2505 ich
387 2469 447 2516 geru
465 2456 537 2504 einen
555 2454 614 2504 oder
630 2456 700 2504 mehr
716 2455 830 2503 authores
848 2454 927 2503 beben
954 2454 1012 2503 oder
1031 2454 1092 2503 docb
1111 2455 1212 2521 rriseen,
1239 2454 1280 2503 die
1303 2467 1351 2502 von
1376 2455 1530 2515 dergleicben

194 2524 257 2574 oder
276 2524 382 2575 enderen
400 2539 429 2574 eo
447 2525 617 2574 bescbeiieneu
635 2526 722 2588 primis
738 2524 870 2587 principiis
888 2524 1000 2572 euisben.

283 2631 289 2642 .
307 2631 315 2646 .
333 2632 340 2644 .
358 2630 365 2645 .
399 2596 464 2643 Vom
481 2596 584 2655 iibrigen
602 2595 698 2644 sobreib
720 2594 760 2643 ich
777 2594 824 2641 mit
840 2594 966 2642 nicbstesn
988 2593 1039 2642 uud
1062 2595 1205 2643 dberechici
1225 2594 1261 2641 lm
1285 2594 1348 2642 euch
1366 2594 1455 2643 wieder
1472 2596 1529 2643 bei-

192 2666 307 2726 liegsnde
325 2666 449 2715 schemate
464 2666 573 2714 theoriae
589 2664 684 2715 liertis.
719 2665 793 2713 Dsnn
810 2664 865 2712 rrell
883 2665 941 2712 isin
960 2664 1093 2726 explicatio
1112 2664 1196 2730 debet,
1214 2665 1279 2713 lsenn
1300 2664 1340 2713 iob
1358 2664 1394 2713 eie
1411 2666 1473 2713 such
1491 2667 1531 2713 nit

193 2749 352 2927 1:⁰33:
350 2771 416 2927 ἐδέι
438 2819 487 2854 rres
504 2806 555 2853 ime
573 2820 620 2855 von
639 2805 686 2853 mir
709 2803 783 2865 yeder
800 2802 867 2853 Zeltt
890 2803 942 2852 iiob
966 2804 1018 2853 und
1037 2817 1155 2865 engeuem
1176 2805 1217 2853 ist
1252 2805 1346 2853 Datnnr
1363 2804 1486 2854 iibnobeu
1508 2805 1532 2855 d.

230 2912 237 2925 .
275 2889 314 2924 ιι.

283 2979 477 3041 Responsiouem
495 2980 595 3042 liepleri
613 2991 692 3043 neque
710 2979 736 3026 in
753 2978 926 3041 mmoseriptis
935 2978 1139 3028 Pultovieneibus
1156 2992 1237 3043 neque
1254 2978 1471 3029 biouecbiensibue
1490 2978 1533 3027 de-

193 3049 379 3112 prehendimus.
416 3050 552 3113 Supersunt
576 3048 676 3114 quidem
700 3048 820 3110 epistolee
838 3047 962 3097 Herwertl
989 3048 1012 3100 ti.
1039 3045 1077 3101 13.
1096 3049 1176 3113 Sept,
1202 3046 1225 3100 5.
1243 3048 1318 3113 Nou,
1342 3046 1367 3101 2.
1387 3055 1412 3098 et
1429 3047 1454 3101 5.
1473 3049 1534 3101 Dee.

195 3120 259 3167 euni
278 3115 354 3181 1608,
372 3133 417 3167 ιιι
435 3134 485 3168 ιιι
502 3119 600 3168 eaedem
618 3118 719 3181 liepleri
737 3116 761 3169 d.
781 3118 804 3167 d.
825 3115 865 3170 18.
884 3117 938 3168 Oct
964 3123 988 3166 et
1006 3115 1048 3169 22.
1066 3118 1125 3167 Dec
1144 3115 1227 3183 1608,
1255 3133 1318 3183 quse
1340 3119 1478 3182 respiciunt
1502 3118 1534 3167 ed

194 3191 293 3251 priores
308 3188 411 3252 iispieri
428 3188 513 3239 eodem
531 3203 594 3237 anuo
614 3189 697 3252 detes,
715 3201 794 3251 neque
812 3201 869 3236 roro
888 3190 995 3237 referunt
1012 3189 1078 3253 illes,
1096 3202 1160 3252 quse
1177 3195 1323 3256 supersunt,
1345 3188 1483 3254 quidquem
1503 3189 1534 3238 tie

195 3257 370 3315 Hemoniois,
393 3273 470 3323 quere
487 3261 562 3309 misso
580 3259 711 3308 iierrrerto
730 3258 761 3305 sd
778 3258 841 3306 elios
858 3259 1005 3324 transimus,
1029 3271 1085 3308 curn
1102 3259 1194 3323 qulbus
1211 3259 1332 3322 Kepierns
1351 3258 1381 3312 de
1399 3258 1537 3308 Harmonia

196 3342 243 3377 sue
259 3341 306 3391 per
323 3328 406 3377 literas
424 3331 482 3391 egit
993 3359 996 3364 -

287 3398 405 3461 Superest
421 3400 582 3461 tngmentun
601 3398 721 3461 epistolae
738 3397 839 3461 liepleri
861 3398 892 3447 sd
908 3397 948 3447 Jo.
966 3398 1053 3448 blettb.
1072 3399 1228 3449 Wackerium
1247 3395 1427 3463 (consiliarium
1446 3396 1536 3448 Oscen-

197 3470 255 3529 ιιι),
273 3468 302 3516 in
319 3482 368 3532 que
384 3470 459 3518 reiert
480 3469 562 3518 studia
584 3483 629 3517 sue
651 3472 676 3516 et
698 3469 773 3516 ritem
799 3482 843 3530 per
865 3481 957 3517 annum
976 3465 1052 3520 1617.
1089 3470 1145 3520 Vol.
1163 3469 1195 3519 ll.
1213 3464 1271 3522 401.
1294 3483 1323 3518 ee
1347 3483 1378 3517 ex
1400 3469 1439 3517 bis
1457 3469 1536 3518 literis

197 3540 385 3600 proemisimus,
408 3552 474 3604 quse
497 3540 529 3588 ed
553 3540 626 3587 verbe
648 3538 790 3586 obscuriore
812 3542 894 3587 textus
916 3536 1029 3602 (p.109)
1051 3538 1210 3602 percipienda
1231 3533 1368 3588 necareris
1390 3540 1444 3587 vise
1468 3546 1536 3588 sunt.

197 3608 256 3657 Jem
274 3621 340 3673 mm,
358 3621 422 3673 quse
437 3614 557 3672 superest,
574 3613 676 3672 perteue,
695 3606 856 3656 Rementem
874 3613 1026 3670 spectantem
1043 3607 1165 3660 addimus.
1201 3609 1334 3658 Reversum
1355 3622 1382 3657 se
1401 3622 1454 3657 ease
1474 3610 1534 3658 Lin-

199 3680 284 3739 cium,
302 3679 357 3727 illie
373 3684 464 3742 narret,
483 3678 628 3739 ,Netalibus
649 3678 848 3741 inchoantibus“,
867 3680 1003 3741 respexisse
1022 3677 1053 3726 ed
1065 3679 1172 3728 stuies
1191 3684 1215 3727 et
1226 3678 1398 3729 Astronomiee
1417 3677 1538 3742 Ooperni·

199 3762 277 3797 sense
294 3754 390 3811 partem
408 3749 518 3800 alteram.
552 3747 649 3796 Deinde
665 3748 758 3810 pergit:

286 3851 347 3914 Sed
369 3870 434 3913 cum
455 3852 583 3931 pucilam
604 3852 706 3928 liliam,
738 3870 813 3928 quse
835 3852 970 3931 Augusto
1001 3871 1099 3915 meuse
1131 3860 1201 3915 uate
1228 3860 1291 3915 erat
1314 3850 1419 3936 (paulo
1441 3856 1538 3932 prine-

199 3956 291 4016 qnam
312 3940 401 4001 eiiam
422 3941 566 4001 trimulam
589 3936 781 4021 amitterem),
815 3939 931 4001 domum
958 3960 1092 4003 reversus
1113 3943 1271 4002 invenirem
1298 3941 1437 4001 caterrbis
1459 3945 1538 4019 peri-

199 4027 352 4088 clitantem
372 4030 456 4105 isque
478 4029 594 4089 morbus
618 4026 735 4087 taudem
757 4032 786 4085 in
809 4028 919 4089 luctum
941 4032 1045 4092 exiret:
1076 4029 1202 4089 dimissis
1224 4046 1279 4105 ego
1301 4028 1437 4103 Tabulis,
1462 4047 1538 4105 quae

200 4117 330 4191 quiem
351 4117 512 4192 requirunt,
540 4117 667 4175 animum
696 4114 731 4175 nd
754 4114 932 4178 Harmonice
959 4117 1119 4178 excolende
1147 4115 1262 4194 appuli,
1294 4133 1379 4177 verso
1402 4119 1432 4175 in
1454 4116 1538 4178 Leti·

199 4220 272 4262 num
293 4219 456 4263 sermonem
476 4201 550 4263 libro
572 4202 626 4262 lii.
652 4201 892 4264 Harmonicorum
913 4204 1076 4267 Ptolemaei
1105 4206 1277 4281 scriptisque
1307 4206 1337 4262 in
1360 4222 1427 4265 eum
1451 4207 1537 4277 notis,

200 4290 310 4365 quibus
332 4308 412 4351 mess
433 4292 615 4350 inventiones
636 4289 849 4351 harmoniarum
872 4292 1040 4353 coelestium
1057 4308 1192 4369 comparo
1211 4308 1276 4353 cum
1292 4293 1419 4352 auctoris
1436 4291 1538 4351 eadem

201 4377 237 4437 de
260 4395 292 4438 re
313 4379 509 4455 opinionibus.
553 4376 701 4437 Summam
723 4380 811 4454 igitur
831 4379 920 4455 bujue
943 4380 1091 4440 doctrinae
1112 4381 1203 4458 partis
1226 4378 1292 4439 'l'ibi
1314 4377 1537 4460 ἀρμοιικιιατῳ

200 4480 330 4541 acquum
352 4472 396 4525 est
418 4471 452 4525 ιι
474 4465 648 4539 exscribam,
671 4472 716 4538 ut,
740 4482 799 4542 qua
820 4483 851 4527 re
873 4466 946 4525 nihil
966 4485 1013 4528 me
1034 4468 1127 4545 magis
1150 4468 1178 4525 in
1201 4467 1264 4528 rite
1286 4465 1450 4539 delectavit,
1474 4466 1538 4541 ejus

202 4554 319 4630 copiam
340 4551 408 4612 Tibi
429 4554 461 4611 iu
481 4549 538 4613 bac
559 4558 655 4613 cctatc
678 4569 714 4612 ne
735 4551 891 4613 invideam.
919 4560 977 4627 (dtr.
996 4563 1090 4613 utam
1102 4561 1203 4623 depleri
1221 4561 1253 4610 sd
1265 4562 1368 4611 nemum
1386 4561 1454 4609 deus
1473 4560 1539 4608 turre

202 4650 353 4713 mess.)

290 4726 541 4804 Quemadmodum
556 4734 666 4788 vnatura
686 4726 859 4801 sublunaris,
883 4726 939 4787 boc
962 4735 1006 4787 eet
1028 4730 1125 4787 anime
1146 4725 1271 4788 Telluris
1294 4729 1465 4802 animaeque
1487 4743 1539 4785 eu-

201 4814 350 4891 perflciem
372 4816 573 4890 incolentium,
604 4814 717 4876 occulto
739 4816 876 4874 instinctu
897 4817 1062 4893 percipiunt
1093 4814 1273 4894 diliguntque
1296 4813 1539 4891 configurationes

202 4902 385 4964 harmonicas
414 4902 560 4964 radiorum
589 4919 624 4962 ex
651 4903 727 4963 binis
755 4902 880 4980 planetis
906 4901 1158 4977 descendentium,
1192 4920 1268 4979 quae
1298 4899 1539 4978 configurationes

202 4992 379 5052 necesitate
409 4999 541 5052 motuum
570 4992 655 5051 certis
683 4991 860 5066 temporibus
891 4993 1045 5066 eveniunt,
1075 4994 1118 5052 sic
1146 5007 1211 5050 oum
1238 4993 1267 5047 in
1292 4986 1362 5049 Sole
1382 4986 1474 5048 multo
1497 4990 1540 5061 sit

201 5076 352 5154 pulcbrior
373 5085 402 5139 et
424 5080 588 5139 instructior
610 5084 767 5155 apparatus
798 5084 827 5138 et
849 5081 1038 5155 congruentia
1051 5086 1193 5153 ,motuum
1223 5093 1257 5136 ex
1280 5073 1349 5136 Sole
1372 5071 1445 5157 (uon
1470 5091 1539 5135 vero

202 5181 240 5224 ex
262 5164 325 5225 ullo
347 5163 406 5226 aiio
428 5161 564 5248 corpore)
586 5166 794 5243 apparentium,
818 5171 848 5226 et
863 5168 1050 5243 congruentia
1071 5164 1187 5243 quidem
1206 5179 1264 5222 uon
1279 5165 1452 5223 necessitate
1468 5179 1540 5222 eve-

202 5254 297 5328 niens,
319 5252 373 5316 scd
393 5253 616 5315 architectonice
638 5249 772 5313 ordinata
792 5252 829 5312 eb
852 5254 944 5328 initio,
967 5252 1118 5314 mundanis
1138 5251 1249 5311 scillcet
1264 5250 1390 5309 motibus
1413 5248 1540 5309 inillam

203 5338 304 5401 studio
325 5342 564 5418 contemperatis:
587 5338 724 5402 credibile
746 5347 798 5414 est,
822 5341 852 5398 in
867 5339 936 5400 Sole
957 5349 1075 5401 naturas
1097 5337 1237 5398 animales
1254 5354 1318 5418 cese
1339 5336 1435 5396 multo
1453 5338 1540 5397 nobi·

203 5427 306 5504 bores,
331 5445 406 5505 quoe
429 5430 465 5487 iis
487 5428 665 5489 delectentur
686 5436 716 5488 et
736 5436 908 5488 moveantur
930 5426 1114 5500 naturaliter,
1144 5434 1174 5485 et
1194 5432 1314 5485 naturas
1336 5423 1453 5500 quidem
1475 5424 1540 5485 Diis
1646 5431 1650 5436 '

204 5513 331 5575 dominis
351 5515 472 5578 similes.
515 5516 591 5576 Nam
612 5531 666 5575 uos
688 5514 804 5592 quidem
827 5516 975 5575 terricolae
997 5514 1061 5574 sola
1082 5514 1167 5572 Luna
1188 5514 1335 5587 circumit,¹
1349 5512 1435 5573 nobis
1458 5511 1539 5572 scili·

205 5610 251 5664 oet
273 5602 431 5664 laudata:
455 5605 557 5666 ueteris
579 5602 705 5680 planetis
727 5620 780 5663 nos
802 5602 938 5676 fruimur,
961 5609 993 5662 ut
1016 5599 1167 5662 commode
1188 5602 1312 5676 vicinia,
1334 5598 1481 5660 radiorum
1503 5615 1540 5659 ex

204 5692 240 5750 iis
262 5690 303 5752 sd
323 5708 379 5753 noe
399 5690 585 5769 delspeorum
606 5691 893 5804 configuretlaeibee,
926 5707 998 5767 ques
1020 5692 1077 5767 ipsi
1097 5689 1182 5754 uobis
1204 5705 1262 5749 non
1282 5694 1454 5768 procurant,
1486 5703 1540 5746 ex·

1273 5809 1360 5998 D·
