3684 7259
249 1242 310 1301 lbi
797 1232 839 1287 De
856 1228 1085 1301 Propertlonibus

248 1411 344 1481 lipsa
362 1415 409 1476 est,
426 1425 496 1479 quae
512 1410 543 1463 irr
560 1425 589 1463 ee
606 1408 828 1477 ipso-potituret
841 1405 973 1477 occepso
986 1407 1132 1473 paromoen
1150 1413 1279 1482 euroeae
1297 1414 1420 1476 metor
1431 1412 1463 1464 in
1480 1412 1618 1479 circulum,

239 1486 264 1532 ·t
283 1482 436 1534 ouinretum
456 1479 515 1547 ejus
533 1495 631 1548 eorpus
650 1485 697 1542 eet,
725 1483 740 1525 8
760 1477 889 1545 temporis
907 1476 1029 1541 effectrix
1047 1482 1087 1529 eet
1100 1492 1154 1544 per
1172 1478 1353 1533 revolutiones
1371 1487 1516 1544 astrorum,
1537 1482 1618 1535 etia

248 1550 292 1605 bet
308 1565 391 1605 sacra
403 1552 483 1603 'certo
500 1549 592 1603 sidera
601 1590 608 1615 ‚
627 1548 657 1601 in
674 1546 797 1600 Deorum
811 1560 956 1598 'rtuoaerum
973 1545 1077 1608 relata,
1097 1547 1168 1614 quoe
1186 1564 1289 1599 orrrrurnv
1308 1566 1450 1619 magnum,
1469 1557 1500 1604 ut
1513 1553 1618 1621 perseo

247 1626 312 1674 tuna
331 1619 491 1686 sentiment,
522 1624 554 1669 10
571 1618 747 1686 undiquaque
761 1619 884 1684 pertenta
902 1620 941 1667 eet
959 1615 1124 1669 universitas
1140 1632 1243 1682 rerum,
1271 1618 1373 1673 habeus
1390 1621 1421 1672 iu
1438 1636 1467 1673 ee
1484 1621 1629 1675 animalia

248 1690 356 1755 maia,
374 1695 494 1757 quatem
509 1689 608 1755 toronis
625 1687 779 1741 arnnilma
797 1684 992 1750 (mactando,
1011 1700 1074 1738 anes
1091 1687 1167 1751 oiri,
1191 1688 1281 1754 pisces
1298 1689 1401 1756 oquae,
1430 1688 1619 1770 quadrupedes

247 1761 357 1825 ureae).
394 1758 457 1812 Hoc
478 1764 563 1829 poeto
589 1759 629 1812 ab
641 1759 748 1811 notate
766 1756 809 1820 (ut
825 1753 1016 1823 Pythaporaei
1042 1755 1189 1820 ‚monade
1207 1772 1240 1810 ea
1266 1760 1380 1825 eund‘)
1402 1776 1561 1829 proprisam
1579 1767 1619 1815 eet

153 1857 156 1863 ,
246 1845 331 1899 neque
347 1827 386 1881 ad
402 1834 521 1898 quatuor,
549 1828 592 1894 (ut
608 1828 650 1881 illi
666 1827 771 1894 „donee
781 1826 910 1879 veniatur
927 1822 965 1876 ad
982 1823 1071 1891 ipsam
1084 1825 1193 1879 tetrada
1204 1825 1357 1894 dimuem‘i
1374 1830 1464 1898 sieque
1475 1829 1618 1897 osonum
1649 1825 1652 1831 ’

243 1900 332 1967 parit,
351 1904 466 1952 matrem
485 1898 613 1963 omniura
632 1898 675 1950 uti
692 1895 819 1950 Minae.
857 1892 912 1967 Est
931 1898 1022 1946 autem
1040 1894 1158 1949 unitatis
1170 1909 1334 1967 prooreesua
1351 1896 1521 1965 istiusmodi:
1546 1917 1619 1955 unus
1645 1907 1649 1916 '

246 1969 318 2023 eain
336 1974 375 2022 eet
392 1966 524 2035 muodue;
543 1967 667 2021 binariam
685 1967 776 2035 donar
788 1964 910 2033 primam
928 1963 959 2015 io
977 1976 1008 2014 eo
1026 1963 1244 2032 comprehensam
1261 1967 1502 2037 multiplicitatem,
1527 1974 1618 2023 terua-

244 2033 456 2101 rineoirtculum
474 2043 504 2091 et*
515 2037 626 2103 nodum,
645 2033 815 2105 cooptatioui
831 2047 922 2086 rernm
939 2033 1137 2100 necessarium
1154 2050 1220 2088 uem
1236 2041 1268 2089 ut
1286 2034 1357 2089 duae
1368 2038 1443 2092 solae
1460 2055 1504 2093 res
1521 2046 1617 2093 coeant

244 2107 276 2161 io
292 2123 393 2174 unum,
411 2108 525 2161 reorum
542 2123 562 2159 a
579 2107 756 2181 tertio,ynou
773 2110 813 2158 est
825 2100 965 2171 possibile.
1004 2099 1205 2171 Quateroarius
1222 2111 1261 2159 est
1271 2110 1409 2161 ‘nummus
1426 2108 1620 2166 iumentorum

245 2176 373 2244 definitor
391 2183 416 2231 et
433 2178 587 2231 notanter,
624 2174 747 2230 Mundus
765 2174 836 2227 euim
854 2178 893 2226 est
910 2187 1009 2239 empus
1026 2173 1152 2240 solidum,
1167 2173 1258 2228 solida
1270 2191 1336 2229 uero
1351 2176 1406 2231 duo
1425 2177 1532 2232 duabus
1550 2194 1616 2231 sem·

240 2263 294 2317 per
310 2247 501 2300 medietatibus
518 2245 648 2317 indigent,
677 2252 708 2299 ut
724 2245 756 2298 iu
773 2244 905 2297 coaonae
919 2243 1101 2310 proportione
1118 2243 1278 2318 eonprnant.
1314 2245 1425 2315 Horum
1441 2263 1505 2301 oero
1525 2252 1572 2313 (se.
1596 2255 1616 2315 t,

246 2323 271 2384 2,
290 2322 305 2367 3
325 2324 350 2371 et
368 2318 396 2381 t)
415 2332 521 2370 summ
540 2322 578 2370 est
597 2315 741 2380 denarius,
769 2313 801 2366 de
815 2329 872 2381 -quo
891 2312 1029 2365 hactenus.
1066 2311 1122 2365 Hie
1138 2316 1211 2381 enim,
1227 2320 1343 2369 meatus
1360 2323 1399 2376 est
1417 2318 1613 2383 uniuersitatis,

244 2396 311 2449 baec
330 2394 388 2461 dos,
407 2411 462 2463 ona
480 2393 588 2448 dotauit
605 2394 680 2447 dum
697 2393 788 2458 foetor
805 2390 871 2456 qius.
900 2384 1052 2444 Hactenus
1066 2385 1250 2446 Camerarius
1273 2406 1309 2446 ex
1325 2391 1480 2463 veteribus,
1505 2393 1633 2466 quibus·

247 2479 389 2556 pleraque
417 2478 631 2536 consentientia
661 2473 789 2533 inculcat
816 2470 940 2532 flames
964 2471 1171 2548 Trismegistus
1203 2470 1351 2555 (quisquis
1382 2476 1431 2536 ille
1460 2469 1526 2555 luit)
1554 2478 1615 2537 filio

246 2583 300 2624 suo
324 2565 422 2637 Tatio,
447 2564 531 2638 enjus
546 2562 621 2622 haec
637 2562 743 2620 verba:
769 2564 886 2633 ,unitas
901 2559 1221 2627 secundumrationem
1243 2562 1392 2635 denarium
1415 2565 1616 2641 complectitur

204 2711 209 2715 ,
245 2656 418 2727 rursumque
442 2651 580 2711 denarius
595 2650 766 2707 unitatem.“
799 2647 914 2706 Deinde
931 2648 1187 2724 concupiscibilem
1202 2645 1318 2708 animae
1340 2651 1511 2711 facultatem
1534 2669 1614 2712 eom-

245 2743 328 2818 ponit
354 2756 390 2798 ex
415 2740 453 2796 ta
478 2738 638 2810 ultoribus,
669 2751 721 2809 seu
746 2736 825 2793 vitiis
853 2736 957 2794 ethicis
986 2735 1023 2809 ad
1048 2753 1199 2807 numerum
1229 2738 1378 2813 signorum
1408 2739 1548 2813 zodiaci„
1569 2744 1615 2800 cui

245 2844 351 2905 corpus
375 2834 407 2885 et
427 2825 504 2884 hanc
526 2824 563 2883 ad
580 2826 685 2901 eorpus
702 2832 870 2898 vergentem
885 2824 1001 2882 animae
1017 2826 1180 2899 potentiam
1195 2825 1324 2899 subjicit,
1348 2828 1521 2893 rationalem
1536 2844 1615 2888 rere
1696 2867 1698 2873 -

245 2914 414 2974 laenitatem
435 2914 551 2972 animae
573 2930 609 2970 ex
632 2912 752 2970 denario
775 2917 804 2967 et
826 2912 889 2987 ipse
911 2912 1061 2987 componit
1083 2913 1223 2983 virtutum
1246 2911 1415 2972 ethicorum.
1438 2960 1440 2964 .
1461 2916 1513 2974 itio
1527 2912 1615 2990 'quod

244 3001 443 3079 Pythagoraei
474 3000 623 3059 celebrant
650 3005 793 3075 tetraotyn
823 2997 933 3056 iontem
962 2999 1140 3071 animarum,
1164 2995 1212 3058 ‘et'
1233 2997 1416 3060 Camerarius
1444 3000 1543 3082 plures
1573 3004 1616 3060 ait

245 3088 335 3147 heiste
357 3094 525 3165 tetrnctyas,
548 3088 607 3144 non'
629 3084 711 3143 illam
733 3085 837 3163 solum,
862 3101 981 3161 quaen
1003 3086 1181 3160 quaternarii
1205 3086 1273 3145 basi
1294 3088 1448 3167 surgit-od
1470 3099 1615 3172 summam

248 3166 297 3248 1’0,
321 3174 372 3235 sed
396 3179 483 3234 etiam
499 3174 587 3233 aliam
603 3176 798 3251 praecipuam,
822 3190 898 3247 quae
913 3174 952 3232 ab
969 3172 1111 3248 ogdoadis
1126 3175 1190 3232 basi
1213 3173 1251 3234 ad
1268 3177 1412 3249 ‚verticem
1436 3194 1529 3252 nsque
1552 3178 1615 3236 eol·

201 3323 203 3330 ,
249 3263 314 3339 ligit
339 3280 483 3321 summam
507 3263 562 3320 36:
587 3261 664 3320 idem
687 3270 717 3318 et
732 3258 835 3317 Tatius
859 3260 906 3318 hie
929 3278 966 3318 ex
989 3260 1122 3334 doctrina
1143 3264 1233 3337 patris
1249 3259 1396 3331 Hermetis
1419 3266 1521 3336 innitit,
1547 3264 1616 3323 dum

245 3357 361 3428 tempus
384 3352 426 3408 ait
447 3347 550 3428 luisse,
587 3350 739 3424 cumipse
762 3347 858 3406 adhuc
888 3339 966 3406 es'set
993 3350 1021 3405 in
1050 3347 1202 3422 ogdoade,
1233 3352 1398 3425 octonario;
1430 3350 1522 3409 fllium
1546 3368 1615 3410 vero

245 3446 329 3516 pater
356 3436 394 3495 ed
414 3433 604 3494 -Pimandrum
627 3437 762 3508 remittit,
795 3434 831 3493 de
862 3438 1012 3495 octonario
1044 3442 1213 3510 canentem,
1239 3430 1272 3493 'in
1303 3454 1362 3512 quo
1389 3456 1461 3497 sane
1490 3440 1615 3497 occurrit

246 3527 412 3585 octonarius
435 3524 590 3583 habituum
611 3512 727 3581 atrimae
750 3521 928 3593 ethicorum,
952 3532 1064 3599 septem
1088 3522 1206 3597 quidem
1221 3512 1466 3601 'respondentium
1489 3526 1615 3604 planetis

245 3622 372 3691 septem,
403 3604 437 3669 'ut
458 3620 594 3689 apparet,
624 3612 749 3672 initian
772 3609 857 3667 Luna
879 3611 972 3685 lacto,
1002 3614 1099 3669 octavi
1129 3626 1200 3669 vero
1229 3609 1384 3672 divinioris.
1412 3624 1441 3671 et
1463 3616 1615 3688 quietioris

154 3707 159 3714 '
245 3700 284 3759 ad
306 3700 447 3777 sphaerae
469 3706 541 3777 puto
564 3698 686 3756 lixarum
709 3696 814 3754 ideam.
860 3694 968 3755 Omnia
991 3701 1083 3757 etiam
1101 3707 1241 3773 geruntur
1263 3716 1315 3776 per
1338 3699 1522 3776 harmonias3
1546 3701 1615 3779 pln-

244 3788 318 3851 rima
340 3786 497 3846 inculcatio
520 3784 637 3858 silentii,
661 3785 786 3863 plurima
808 3786 914 3843 mentis
938 3787 1129 3860 veritatisque
1151 3789 1279 3861 mentio;
1312 3774 1483 3865 proponitur
1507 3776 1537 3847 et
1560 3806 1615 3847 an-

236 3874 337 3949 trum,
360 3873 481 3947 fundus,
504 3872 668 3949 penetrale,
693 3880 785 3931 crater
807 3867 970 3931 animarum
993 3881 1022 3931 et
1045 3882 1140 3931 cetera
1162 3873 1266 3941 multa,
1301 3885 1335 3932 nt
1357 3875 1478 3936 dubium
1501 3871 1619 3940 nullum

245 3980 310 4023 esse
344 3964 453 4039 possit,
486 3962 555 4035 quin
579 3970 632 4018 aut
652 3960 838 4036 Pythagorae
861 3959 1044 4032 hermetiset,
1076 3967 1128 4017 aut
1148 3958 1274 4020 Hermes
1296 3961 1508 4038 pythagoriset.
1553 3964 1615 4022 Ae·
1684 3950 1689 3958 ’

245 4049 323 4109 cedit
345 4051 421 4107 enim
445 4056 475 4106 et
496 4048 567 4121 hoc,
599 4047 678 4122 quod
701 4045 825 4105 Hermes
848 4046 1027 4123 theologiam
1050 4046 1197 4122 quandam
1221 4048 1308 4105 tradit
1331 4049 1499 4126 cultumque
1522 4048 1616 4126 divini

171 4133 175 4141 ’
216 4159 220 4167 ·
246 4138 391 4211 numinis,
414 4153 502 4213 saepe
526 4134 636 4206 Masis,
666 4150 755 4211 saepe
779 4133 987 4210 Evangelistne
1009 4133 1136 4194 Joannis
1159 4137 1188 4192 in
1211 4152 1266 4193 suo
1290 4153 1376 4195 sensu
1400 4137 1614 4215 paraphrastes,

246 4227 416 4302 praesertim
439 4223 475 4282 de
497 4223 726 4297 regeneratione,
750 4224 992 4297 ceremoniasque
1007 4221 1151 4297 discipulo
1167 4231 1261 4301 certas
1277 4225 1423 4299 inculcat3
1447 4226 1514 4283 eut'n
1536 4225 1614 4285 idem

177 4355 181 4360 .
247 4312 283 4371 de
306 4312 520 4393 Pythagoraeis
544 4310 688 4367 affirment
710 4317 861 4381 auctores,
892 4319 1004 4385 partem
1035 4326 1134 4368 eorum
1168 4309 1336 4385 theologiae
1359 4313 1507 4388 variisque
1531 4329 1613 4372 cere-

165 4475 168 4481 ‚
247 4397 353 4458 moniis
377 4406 407 4457 et
429 4398 684 4475 superstitionibus
708 4395 838 4454 deditam
860 4395 967 4468 luisse,
998 4405 1027 4455 et
1050 4395 1172 4455 Procius
1182 4397 1411 4501 &ythagoricus
1434 4399 1613 4476 theologiam

222 4488 275 4543 .in
298 4494 483 4545 numerorum
506 4483 751 4559 contemplatione
774 4482 906 4543 collocet.
1070 4484 1074 4489 ’
1195 4527 1197 4531 1
1362 4494 1378 4550 -ζ

332 4573 416 4633 Haec
439 4590 490 4649 per
514 4571 738 4647 digressionem:
768 4571 921 4631 redeamus
951 4587 1029 4630 nnnc
1059 4570 1096 4631 ad
1119 4570 1348 4648 Pythagoricum
1374 4573 1613 4633 harmonicamm

122 4718 126 4726 ,
245 4664 466 4739 proportionum
489 4658 778 4718 demonstrationem·
1037 4682 1039 4686 ¹
1194 4668 1199 4677 '
1446 4695 1450 4705 ·

161 4773 173 4809 η
271 4787 274 4792 ,
332 4748 517 4820 Hnieenim
548 4746 774 4824 philosophandi
802 4747 913 4803 tonnae
948 4763 999 4824 per
1031 4763 1167 4822 numeros
1198 4754 1349 4825 tantopere
1378 4749 1492 4807 luerunt
1522 4748 1614 4806 dediti

172 4894 176 4901 ,
217 4829 453 4915 *Pothagoraei
477 4843 509 4893 ut
528 4834 591 4911 jam
611 4851 648 4893 ne
670 4836 784 4892 aurium
806 4833 926 4909 quidem
944 4834 1057 4909 judicio
1080 4841 1203 4903 starent,
1229 4851 1352 4909 quarum
1376 4843 1473 4895 mmen
1496 4833 1612 4894 indiciis

89 4926 92 4934 '
171 4975 175 4982 .
245 4925 284 4994 ad
306 4914 523 5002 philosophiam
538 4921 621 4997 ,hane
643 4920 725 4979 initio
748 4931 921 4998 perventum
944 4930 1015 4993 erat,
1049 4921 1101 4981 sed
1131 4921 1201 4996 quid
1225 4925 1398 4982 correinnum
1421 4929 1511 4995 esset,
1540 4922 1612 4998 quid

245 5008 557 5085 inconcinnum,>quid
580 5003 755 5081 consonum,
779 5007 850 5085 quid
873 5008 1039 5080 dissonum,
1064 5026 1099 5067 ex
1122 5008 1192 5066 solis
1215 5012 1277 5067 suis
1300 5011 1427 5068 numeris
1450 5009 1611 5084 delinirent,

246 5102 306 5157 vim
336 5100 475 5180 iacientes
509 5098 659 5154 instinctui
688 5083 814 5154 naturali
843 5095 971 5154 auditus.
1017 5095 1163 5172 Stetitque
1193 5100 1322 5173 tyrannis
1355 5100 1412 5155 ista
1441 5097 1610 5156 harmonica

245 5202 340 5262 nsque
363 5186 400 5245 ad
425 5183 641 5258 Ptolemaeum,
673 5186 724 5260 qui
751 5185 861 5262 primus
890 5190 958 5242 ante
988 5200 1080 5241 annos
1107 5184 1189 5241 1500
1217 5201 1335 5243 sensnm
1365 5184 1483 5243 auditus
1506 5194 1608 5244 eontra

245 5275 463 5354 philosophiam
487 5272 714 5349 Pythagoricam
737 5272 862 5330 assernit
883 5271 1052 5347 recepitque
1080 5272 1154 5330 inter
1177 5274 1319 5329 concinna
1341 5289 1397 5329 non
1422 5278 1535 5330 tantum
1558 5290 1609 5331 su-

246 5362 414 5440 predictas
437 5354 639 5438 proportiones
668 5365 697 5417 et
719 5360 942 5433 sequioctavam
970 5373 1022 5433 pro
1047 5364 1134 5429 tono,
1168 5358 1220 5416 sed
1242 5358 1360 5417 admisit
1382 5361 1470 5417 etiam
1492 5363 1611 5436 sesqui·

245 5465 353 5508 nonam
376 5467 428 5528 pro
452 5458 521 5507 tono
545 5448 665 5519 minori,
689 5454 717 5504 et
740 5445 1057 5522 sesquiquindecimam
1077 5463 1129 5523 pro
1152 5447 1322 5520 semitoni03
1344 5462 1398 5505 nec
1420 5453 1534 5506 tantum
1557 5465 1609 5506 sn·
1684 5466 1686 5469 ⁴

246 5537 486 5616 perpasticulares
509 5534 584 5594 alias
607 5532 719 5592 addidit
742 5534 779 5592 ab
803 5534 922 5601 aurihns
947 5532 1098 5610 probatas,
1118 5540 1150 5590 nt
1163 5537 1421 5609 sesquiquartam,
1444 5532 1608 5595 sedetiam

240 5616 282 5685 ¹ex
305 5624 584 5703 superpartientibus
607 5620 732 5679 adscivit
752 5621 877 5697 aliquas,
900 5628 933 5680 ut
955 5622 1033 5677 inter
1052 5622 1080 5700 3,
1106 5622 1123 5685 5¹
1148 5628 1177 5680 et
1196 5622 1273 5680 inter
1290 5623 1318 5694 5,
1343 5623 1361 5680 8
1385 5628 1414 5680 et
1435 5620 1519 5682 allas:
1541 5621 1609 5682 Hoc

245 5722 333 5792 paeto
354 5711 544 5774 Ptolemaeus
563 5708 798 5787 speculationem
815 5707 1053 5794 Pythagoricum¹
1065 5706 1103 5770 de
1124 5706 1189 5781 ortu
1217 5700 1435 5787 proportionum
1456 5710 1609 5789 humeni-
