3684 7259
322 1212 385 1272 226
406 1226 411 1233 '
734 1206 777 1261 Dc
794 1202 1062 1275 Gondgnratiourhus
1078 1161 1257 1262 Harmonicis.

320 1389 453 1466 proxime
469 1382 599 1456 adamus,
624 1400 722 1443 massa
738 1386 823 1442 nimis
836 1400 936 1459 euque
953 1392 983 1442 et
998 1383 1136 1444 inhabilis
1152 1386 1207 1443 fuit
1225 1384 1264 1444 ad
1279 1384 1475 1464 recipiendam
1489 1385 1674 1463 purissimam

319 1474 516 1554 proportionis
539 1469 644 1544 ideam,
668 1481 700 1529 ut
720 1474 783 1548 jam
806 1474 904 1529 statim
928 1471 1062 1549 pluribus
1084 1472 1247 1549 explicabo.

407 1560 492 1619 Nunc
514 1560 591 1617 enim
614 1558 651 1616 ad
674 1560 855 1637 energeticas
878 1558 1034 1618 facultates
1057 1562 1158 1631 renio,
1182 1577 1259 1635 quae
1281 1562 1356 1619 circa
1379 1560 1583 1637 proportiones
1604 1557 1675 1615 har-

320 1650 452 1708 monicas
482 1655 670 1723 occupantur.
717 1646 770 1704 Est
791 1663 819 1704 ιι.
848 1646 921 1703 haec
945 1661 1063 1721 quoque
1087 1646 1208 1724 duplex,
1239 1666 1308 1706 uam
1339 1657 1391 1707 ant
1419 1653 1448 1705 ln
1480 1665 1512 1705 se
1535 1650 1601 1723 ipsa
1629 1652 1674 1703 est

249 1728 253 1735 ’
285 1806 287 1809 ,
321 1751 456 1814 operosa,
478 1741 530 1793 aut
552 1736 582 1791 in
605 1733 692 1792 rebus
715 1745 797 1793 extra
818 1749 864 1802 se,
889 1735 1026 1807 utrinque
1048 1734 1215 1792 assimilans
1239 1751 1328 1813 opera
1350 1752 1405 1793 sua
1426 1732 1679 1812 propottionibus,

321 1833 374 1883 aut
397 1821 536 1880 inducens
559 1819 613 1878 has
637 1824 665 1877 in
689 1821 749 1879 illu.
794 1820 831 1877 let
853 1820 905 1878 illa
928 1820 1047 1894 quidem
1069 1824 1207 1898 passivae
1230 1823 1334 1881 similis
1357 1831 1411 1895 eet,
1434 1826 1492 1879 ista
1514 1824 1587 1878 eitra
1602 1836 1674 1878 con·

319 1911 492 1971 troversiam
515 1910 544 1965 in
567 1907 682 1984 agendo
705 1916 868 1975 exercetur,
901 1906 952 1964 illa
975 1909 1064 1983 igitur
1085 1910 1252 1968 inferiorum
1275 1912 1391 1969 animae
1413 1909 1586 1967 facultatum
1610 1922 1697 1964 rur·.

320 2014 384 2057 sum
408 2006 452 2056 est
474 1995 601 2067 soboles,
626 1999 683 2054 ista
705 1997 903 2072 superiorum;
932 1993 984 2051 ilia
1006 2004 1128 2054 naturae
1152 1998 1262 2054 viribus
1286 1998 1401 2069 subest,
1431 1997 1504 2054 haec
1526 1993 1673 2053 voluntati

319 2086 456 2155 hominis,
480 2083 533 2141 ilia
553 2099 625 2140 sanc
640 2090 723 2141 motu
737 2079 831 2160 pollet
845 2081 1036 2154 alterationis,
1061 2099 1149 2156 qnam
1166 2087 1279 2162 corpori
1301 2102 1354 2143 suo
1370 2084 1483 2155 inferat,
1507 2092 1540 2141 ut
1555 2084 1674 2142 omnino

321 2169 455 2232 facuitati
483 2171 578 2229 subsit
608 2170 700 2228 vitali.
746 2167 833 2243 Quod
864 2170 940 2226 enim
971 2167 1150 2229 delectamur
1180 2170 1338 2229 harmoniis
1361 2187 1513 2235 ιοιιιιιιιιιι,
1546 2171 1674 2247 speciem

318 2260 466 2339 passionis
487 2257 586 2331 habet,
610 2259 719 2334 qnippe
742 2255 920 2313 delinitionis
944 2254 1210 2342 demulsionisqne,
1237 2259 1313 2318 unde
1337 2262 1426 2317 etiam
1449 2276 1467 2316 a
1489 2256 1674 2335 philosophis

320 2345 499 2425 spatiendo
522 2343 690 2422 sympathia
712 2343 818 2401 dicitur
839 2345 1002 2401 animorum
1025 2360 1091 2402 curu
1115 2355 1216 2420 cantu;
1247 2355 1292 2411 est
1318 2355 1416 2405 mmen
1446 2363 1477 2404 re
1500 2361 1570 2404 vera
1601 2361 1675 2420 ope-

230 2451 233 2457 ·
320 2432 397 2494 ratio
418 2436 544 2504 animae,
566 2432 690 2490 naturali
714 2439 794 2489 motu
817 2432 933 2506 agentis
956 2432 984 2487 in
1007 2449 1038 2491 se
1054 2435 1148 2508 ipsam
1164 2450 1286 2509 seseque
1302 2435 1517 2505 exsuscitantis,
1541 2431 1579 2490 ad
1595 2430 1675 2507 qnod

320 2521 372 2581 ilia
393 2537 452 2580 non
475 2520 596 2579 consiliu
619 2536 674 2577 nee
697 2519 857 2589 voluntate,
881 2517 933 2575 sed
956 2520 1095 2577 instinctu
1119 2521 1245 2579 naturali
1267 2521 1357 2580 fertur
1378 2521 1527 2595 habetque
1549 2519 1611 2593 Jam
1635 2518 1675 2577 ab

320 2611 384 2687 ipso
408 2616 472 2667 ortu
496 2623 641 2681 connexas
665 2615 694 2665 et
716 2609 745 2662 in
767 2622 856 2665 unum
881 2608 965 2679 quasi
989 2606 1129 2665 conflatas
1152 2607 1285 2667 ideas.et
1300 2609 1516 2667 harmoniarum
1539 2609 1568 2663 in
1583 2621 1673 2664 sonos

319 2690 586 2774 incorporatam,
616 2701 646 2753 et
673 2693 858 2751 affectionum
888 2694 978 2751 animi
1008 2695 1261 2770 respondentium,
1291 2705 1324 2753 nt
1351 2714 1410 2754 non
1441 2696 1526 2753 aliter
1556 2695 1613 2772 ipsi
1636 2696 1701 2750 sit:

320 2784 494 2861 implantata
520 2782 587 2841 idea
616 2782 802 2853 harmoniae,
840 2796 928 2857 quam
966 2789 1110 2855 quatenns
1147 2781 1288 2842 laetificat
1320 2794 1422 2859 estque
1453 2780 1672 2854 delectabilium

319 2868 434 2947 aliquid
456 2878 486 2929 ct
508 2878 652 2945 quatenus
676 2877 720 2927 est
742 2866 827 2927 ideae
847 2879 946 2926 motus
969 2869 1124 2926 conformis
1146 2869 1284 2946 implexa
1330 2869 1396 2928 Hoc
1418 2873 1521 2947 opinor
1538 2866 1675 2926 Proelum

320 2975 409 3037 supra
439 2956 585 3030 uoluisse,
617 2973 682 3015 cum
705 2954 876 3028 affirmaret,
907 2955 1112 3031 paradigmata
1139 2973 1233 3016 rerum
1263 2958 1535 3016 mathenraticarum
1555 2958 1611 3029 '(et
1633 2956 1675 3012 sic
1742 2940 1749 2967 ¹

323 3050 411 3105 etiam
433 3043 585 3121 multoque
607 3046 703 3118 magis
726 3042 956 3116 harmoniarum)
980 3045 1075 3102 inesse
1103 3048 1132 3101 in
1156 3053 1252 3103 mente
1278 3040 1514 3105 intellectualiter
1536 3039 1674 3123 (respue),

321 3133 351 3191 in
379 3134 477 3191 anima
507 3136 577 3191 vcro
604 3131 732 3189 vitaliter
759 3126 921 3209 (ζωιιιιως);
950 3132 992 3188 sic
1020 3147 1049 3187 n
1079 3133 1193 3189 inerunt
1220 3133 1308 3190 etiam
1337 3134 1365 3189 in
1389 3130 1528 3190 laenitate
1557 3129 1676 3188 auditus

321 3235 436 3293 sonore,
459 3222 488 3277 in
511 3219 595 3277 vitali
617 3218 818 3276 sublunarinm
841 3217 957 3276 radiose
980 3224 1009 3275 et
1031 3221 1190 3294 operariae,
1214 3237 1254 3278 so
1279 3236 1335 3278 non
1359 3228 1425 3277 sunt
1448 3221 1513 3297 ipsa
1535 3216 1676 3294 paradig-

254 3370 260 3381 ,
324 3312 405 3389 mata
426 3324 500 3383 pera
522 3309 650 3378 interna,
674 3304 757 3364 sed
750 3320 848 3363 icones
871 3303 1004 3376 illumnr,
1027 3305 1105 3364 foras
1129 3307 1262 3365 derivati.

409 3393 494 3469 Quod
515 3411 587 3453 vcro
611 3409 668 3452 non
692 3400 806 3451 tantum
828 3391 1007 3451 delectamur
1030 3392 1181 3452 harmonia
1198 3402 1310 3467 cantus,
1334 3390 1489 3451 sedetiam
1507 3375 1675 3476 ἀίιῌ,

323 3484 395 3554 urla,
425 3479 531 3559 pedum
554 3482 742 3557 corporisque
770 3488 866 3537 motus
889 3480 1159 3555 accommodamus,
1190 3480 1253 3540 ld
1239 3498 1301 3558 Jam
1331 3487 1568 3562 praestamus

322 3568 459 3641 animali,
483 3568 588 3643 juncta
616 3567 777 3627 voluntate.
823 3568 863 3625 At
892 3574 956 3625 cum
981 3570 1068 3627 etiam
1092 3586 1195 3628 vocem
1224 3569 1262 3627 ad
1285 3568 1453 3626 harmonias
1476 3545 1676 3641 intellimus·

322 3655 585 3730 accommodamus,
608 3654 783 3715 meditantes
805 3654 978 3713 concinnum
1002 3666 1128 3729 cantum,
1152 3663 1239 3715 antea
1262 3672 1320 3713 uon
1339 3653 1479 3726 auditum,
1503 3654 1553 3712 irie
1573 3669 1677 3731 supre-

323 3746 380 3804 mis
403 3742 567 3818 inflmisque
591 3743 762 3801 omnibusi
750 3740 940 3800 facultatibus
964 3743 1085 3817 utimur;
1109 3745 1251 3821 supremis
1274 3740 1402 3818 quidem,
1431 3740 1510 3817 quod
1535 3750 1565 3799 et
1589 3739 1676 3798 rolu-

322 3831 386 3892 mus
411 3839 441 3889 et
463 3829 585 3889 consilio
608 3834 724 3901 utimur,
749 3828 933 3888 inferioribus
958 3846 1040 3901 vero,
1066 3831 1144 3907 quod
1166 3848 1322 3909 possumus
1348 3837 1377 3887 et
1399 3828 1477 3905 qnod
1502 3830 1589 3887 etiam
1613 3830 1677 3887 siue

322 3918 520 3979 intellectione
542 3920 760 3996 proportionum
784 3916 863 3975 solas
886 3916 968 3975 ideas
991 3919 1220 3991 intervallorum,
1244 3927 1349 3975 natura
1377 3916 1565 3993 inplantatas,
1590 3909 1677 3973 cautu

324 4008 526 4084 exprimimus,
550 4005 737 4065 'inconcinnis
765 4003 899 4063 omnibus
928 4006 1069 4080 exclusis,
1102 4024 1154 4084 per
1181 4006 1255 4064 sola.
1273 4003 1430 4063 intervalla
1456 4005 1600 4062 concinna
1631 4002 1679 4059 di-

324 4103 476 4171 vagantes.

409 4180 560 4239 Hactenus
583 4179 672 4253 igitur
685 4178 853 4256 vexplicatas
875 4178 1031 4239 facultates
1054 4180 1237 4239 harmonicas
1261 4178 1425 4239 essentialis
1450 4176 1503 4235 ilia
1524 4176 1679 4236 harmonia

312 4270 405 4350 ⁵Deus
429 4270 491 4345 ipse
514 4268 674 4343 exspiravit
704 4266 845 4337 creando,
878 4273 911 4324 nt
933 4269 982 4341 qui
1014 4274 1058 4326 est
1081 4265 1167 4328 οὐσια
1190 4265 1328 4346 ιἰεργειᾳ,
1360 4266 1572 4341 inspiravitqne
1601 4262 1677 4323 hanc

323 4351 496 4435 particulam
524 4352 596 4413 suae
626 4354 760 4428 imaginis
789 4355 817 4410 in
849 4356 961 4412 animas
985 4356 1101 4415 omnino
1127 4370 1245 4428 omnes,
1273 4353 1433 4413 secundum
1456 4355 1550 4428 magis
1578 4359 1676 4410 maren

324 4453 354 4503 et
374 4446 484 4513 minus,
509 4458 569 4518 qua
591 4442 784 4499 inculcatione
807 4440 1036 4523 linemvimponu
1059 4451 1088 4503 et
1110 4443 1178 4503 huic
1201 4444 1298 4519 capiti.

871 4674 1035 4758 CAPUT
1062 4677 1113 4749 itt.

325 4821 416 4891 Qirae
442 4819 509 4875 tint
535 4832 662 4889 genera
687 4838 747 4870 aar
772 4818 996 4888 ἢρμοσμενων,
1023 4820 1085 4872 hoc
1115 4826 1167 4872 est
1194 4833 1308 4872 rerum
1332 4832 1392 4873 seu
1414 4817 1592 4872 sensilium
1619 4833 1676 4872 sen

325 4906 643 4973 immateriettrum,
662 4902 696 4956 in
716 4903 845 4970 quibus
865 4918 1046 4973 expressae
1066 4894 1142 4959 sunt
1159 4903 1355 4960 harmoniae
1374 4892 1445 4959 sire
1464 4922 1481 4959 a
1500 4910 1584 4974 Deo,
1604 4907 1677 4960 sire

781 4991 820 5046 ab
839 4990 973 5044 homine
998 4998 1032 5044 et
1051 4989 1224 5057 quomodo

415 5138 576 5196 Distinclas
601 5152 664 5196 esse
688 5140 876 5212 quaestiones
891 5134 976 5194 facile
991 5144 1086 5211 patet:
1116 5137 1147 5209 l)
1171 5138 1216 5193 cui
1232 5138 1321 5195 insint
1343 5136 1512 5195 harmoniae
1536 5143 1678 5212 tanquam

331 5229 439 5302 agenti,
462 5226 606 5299 formenti,
630 5240 681 5283 seu
704 5218 817 5301 opifici,
853 5224 887 5299 2)
910 5226 957 5281 cui
980 5226 1068 5281 insint
1091 5234 1230 5299 tanquam
1251 5226 1332 5301 operi
1354 5224 1486 5281 lurmato.
1527 5224 1572 5282 De
1588 5226 1677 5301 priori

327 5315 439 5391 eginum
462 5312 621 5381 hacteuus,
646 5312 680 5370 de
703 5314 855 5389 posteriori
877 5327 954 5369 nunc
977 5327 1062 5387 porro
1085 5310 1230 5386 agendum
1253 5314 1426 5369 accuratius.

411 5400 470 5465 Res
498 5402 586 5477 igitur
616 5416 716 5458 omues
748 5399 795 5458 vel
817 5406 884 5457 sunt
915 5400 1127 5457 immateriatae
1155 5397 1203 5457 vei
1230 5394 1355 5457 materia
1385 5399 1568 5476 participant.
1615 5397 1678 5457 Im·

325 5490 478 5549 materiata
499 5496 545 5546 cst
568 5489 665 5547 anima
689 5484 836 5563 (respectu
861 5486 977 5561 quidem
1002 5486 1145 5563 corporis)
1168 5494 1256 5560 atque
1273 5486 1353 5559 liaeo,
1377 5494 1409 5543 ut
1425 5486 1566 5544 hactenus
1590 5497 1678 5545 ustu-

325 5578 470 5655 pavimus,
493 5582 557 5634 tota
578 5580 711 5651 respectu
734 5591 806 5634 suae
830 5577 973 5633 essentiae
998 5572 1141 5649 descripta
1164 5581 1209 5631 est
1230 5574 1329 5632 aDeo
1353 5576 1381 5630 in
1404 5573 1458 5631 has
1473 5575 1677 5650 proportiones

327 5662 518 5738 harmonicas,
543 5679 677 5738 quaeque
700 5663 779 5738 prius
803 5664 916 5719 inerant
938 5663 1053 5742 animae
1076 5667 1109 5717 ut
1133 5660 1238 5737 opifici,
1262 5679 1302 5720 sc.
1325 5669 1358 5719 ut
1381 5662 1575 5738 esteuergia,
1599 5678 1677 5720 nunc
1708 5685 1714 5693 ·
