3684 7259
165 1248 167 1252 ·
283 1218 343 1280 154
386 1266 409 1281 1.
453 1265 473 1303 Ι.
538 1276 542 1286 ,
628 1252 631 1257 -
708 1210 710 1213 ⁴
812 1212 1094 1286 Del’ropostioulbue

367 1393 424 1452 Hic
445 1395 534 1471 igitur
555 1401 600 1453 est
614 1399 695 1453 ortus
715 1393 933 1454 intervallorum
945 1393 1158 1458 concinnatum
1181 1391 1388 1468 ιιιιιιιοιιοιιιιιι,
1412 1392 1521 1469 quibus
1540 1391 1631 1469 paulo

280 1492 347 1558 post
369 1498 424 1541 sua
442 1480 581 1540 'dabimus
604 1483 732 1541 uomina.
946 1492 950 1500 '

366 1566 520 1646 Sequitur,
550 1574 584 1627 ιιι
607 1570 696 1628 etiam
718 1568 755 1630 tle
778 1576 843 1627 ortu
866 1569 1016 1629 tertiorum
1045 1565 1267 1647 intervallorum
1290 1566 1435 1641 dicamus,
1465 1565 1635 1642 quaelicet

281 1649 423 1714 concinna
453 1657 596 1732 exquisite
622 1672 680 1714 nou
709 1658 781 1730 siut,
818 1657 960 1715 concinno
983 1640 1078 1716 tamen
1114 1657 1213 1724 cantui
1242 1657 1405 1714 inserviunt
1431 1663 1483 1715 aut
1512 1656 1633 1714 concin-
1727 1703 1729 1706 ,

217 1779 221 1784 -
281 1759 396 1828 norum·
425 1745 517 1802 vicem
545 1744 698 1802 sustinent.
751 1743 808 1802 Illa
839 1760 907 1803 vero
942 1761 977 1803 ex
1008 1744 1214 1813 concinuorum
1248 1740 1392 1818 (similiter
1424 1750 1456 1800 ut
1491 1743 1634 1801 concibua

282 1847 317 1888 ex
345 1829 550 1909 consonarum)
583 1831 833 1891 subtractionibus
869 1848 922 1890 scu
957 1829 1224 1907 comparationibus
1262 1832 1401 1890 oriuntur.
1453 1828 1527 1888 Nam
1560 1830 1635 1887 inter

281 1920 424 1975 ‹oncinna
449 1936 501 1976 seu
524 1918 652 1977 accuratis
675 1918 830 1978 intervalla
896 1928 965 1977 aunt
986 1921 1072 1980 tertia
1094 1915 1250 1985 iuteruulla
1272 1919 1343 1976 ista:

535 2016 603 2085 ἴθι
622 2018 654 2088 ιί
683 2056 1072 2071 ··········
1118 2020 1151 2090 fir

1190 2089 1263 2151 Quod
1285 2091 1441 2152 componitur
1458 2104 1488 2137 ex
1508 2086 1543 2157 '²3
1560 2095 1585 2137 at
1602 2084 1634 2155 {⁰

536 2147 549 2226 Β
579 2166 604 2208 ιι
622 2158 654 2229 ιιι
682 2196 1069 2209 ..........
1107 2158 1156 2231 {33
1194 2167 1218 2209 at
1241 2158 1317 2221 paulo
1335 2159 1468 2209 admodum
1490 2165 1528 2207 est
1552 2160 1636 2206 miuus

525 2296 602 2365 cet
623 2295 653 2364 tt
683 2335 1072 2350 ----------
1118 2298 1151 2371 ιι
1345 2243 1420 2294 „m
1441 2226 1482 2297 ”

371 2384 425 2445 llis
449 2385 516 2456 addi
539 2393 637 2463 potest
661 2362 841 2465 duplicatum
864 2388 1049 2450 interuallum
1076 2384 1249 2470 10[,,,ιιι.·
1242 2383 1343 2469 '²⁵.l„„
1367 2385 1447 2464 quud
1469 2386 1559 2463 paulo
1580 2388 1636 2445 mi-

266 2469 343 2538 ‚raris
360 2469 475 2534 excedit
498 2472 683 2533 intervallum
706 2471 746 2556 ⁸4,
767 2494 857 2552 quam
885 2472 950 2559 ¹⁵1„
973 2475 1202 2538 intervallum¹¹
1201 2470 1295 2555 ”tm
1343 2475 1378 2534 Et
1400 2475 1497 2551 priora
1519 2473 1636 2549 quidem

284 2563 339 2620 tria
361 2563 493 2620 oriuntur
514 2580 551 2621 ex
573 2562 771 2623 subtractione
794 2572 896 2625 mutua
919 2567 1130 2626 concinnerum
1144 2563 1335 2635 diversorum,
1358 2562 1415 2621 hoc
1431 2578 1500 2621 vero
1523 2578 1559 2620 ex
1583 2560 1638 2621 ιἰι-

283 2646 393 2706 ditione
418 2648 541 2707 duorum
562 2651 771 2709 concinuerum
794 2650 980 2728 aequalium,
1001 2652 1054 2712 sed
1077 2655 1172 2711 minus
1195 2653 1311 2711 usitate.

372 2736 471 2811 Atque
498 2735 565 2796 binc
592 2738 698 2796 emicat
721 2737 960 2799 corollarium
989 2740 1273 2799 arithmeticum
1304 2736 1458 2813 pulchrum
1480 2734 1639 2797 admodum

285 2822 314 2878 ιιι
337 2825 466 2888 numeris
489 2831 519 2883 et
541 2833 613 2901 typo
634 2826 779 2900 unquenti.

546 2928 571 2977 5.
760 2925 800 2979 tt
965 2928 1007 2983 35.
1180 2924 1221 2980 63.

483 3000 1277 3191 ιιιιιιιιιΓιΓι

483 3133 505 3185 1.
541 3133 566 3184 2².
636 3134 660 3185 3.
748 3135 772 3188 4.
878 3136 903 3190 t.
957 3135 982 3190 6.
1173 3132 1191 3188 8
1265 3134 1403 3189 910.

542 3136 1383 3314 lowl'aulsnlfferl

509 3296 752 3416 Ὗ*
775 3303 975 3416 ῆι*
1057 3363 1099 3417 ι.
1190 3301 1389 3416 *ιι*

374 3446 475 3507 Omnis
497 3467 537 3508 sc.
562 3453 672 3512 numeri
704 3453 779 3511 iutra
799 3453 902 3513 ticcam
932 3454 1105 3530 quadratum
1134 3471 1199 3513 cum
1222 3451 1393 3528 rectangulo
1426 3453 1560 3511 binorum
1583 3467 1640 3508 nu·

287 3552 430 3596 merorum
460 3535 542 3596 illum
570 3541 701 3615 proxime
731 3541 979 3601 circumstantium
1012 3544 1163 3603 constituit
1189 3539 1375 3601 intervallum
1406 3537 1453 3598 vel
1477 3552 1638 3615 consonum

287 3623 335 3683 vel
359 3628 531 3683 concinnum
555 3624 602 3685 vel
625 3629 750 3698 tertium,
775 3636 898 3705 excepto
919 3632 1076 3705 septenarii
1101 3628 1243 3705 quadrato
1266 3629 1307 3686 49
1332 3636 1360 3687 ιι
1376 3624 1553 3701 rectaugulis
1577 3625 1641 3700 ejus

288 3709 403 3770 duobus
427 3714 467 3771 35
491 3722 521 3770 et
545 3715 594 3772 63.
638 3713 697 3773 Sed
721 3715 768 3773 bic
791 3715 892 3775 exulat
913 3718 1086 3777 concinnum
1111 3713 1165 3797 ll„
1187 3724 1216 3776 et
1239 3731 1368 3775 consona
1382 3712 1531 3791 pleraque,
1554 3729 1641 3788 prae·

213 3798 216 3816 ¹
288 3810 330 3857 ter
355 3794 402 3880 ³l.
451 3799 501 3856 Est
530 3801 618 3876 igitur
649 3802 799 3861 fortuitum
829 3811 962 3880 respectu
993 3802 1102 3863 ordinis
1124 3820 1308 3861 numerorum
1337 3808 1367 3862 ιι
1393 3796 1522 3861 ιιιιιιιιιι
1552 3799 1643 3874 hujus

287 3887 360 3962 typi.
405 3886 534 3945 Frustra
550 3905 654 3946 causas
678 3887 745 3948 binc
767 3900 848 3966 petet
870 3891 1088 3964 arithmeticus,
1118 3892 1224 3950 frustra
1251 3890 1408 3966 septenarii
1438 3889 1642 3965 superstitione

259 4044 264 4055 .
289 3974 479 4048 occupabitur
501 3973 725 4050 Pythagoricus,
750 3984 890 4054 tanquam
913 3981 1025 4038 numeri
1041 3979 1233 4050 nuruerantis;
1257 3977 1345 4035 altius
1360 3993 1407 4034 res
1422 3983 1467 4034 est
1485 3973 1644 4051 repetenda

271 4079 326 4122 ,ιι
348 4061 508 4136 geometria
532 4074 560 4120 et
584 4065 710 4122 numeris
733 4067 892 4124 numeratis
915 4074 944 4124 et
966 4066 1111 4141 figuratis,
1140 4083 1179 4124 se.
1204 4083 1239 4124 ex
1263 4066 1336 4141 ipsis
1357 4063 1457 4137 figuris
1489 4060 1644 4120 indemon-

169 4157 172 4163 '
276 4148 472 4220 -atrabilibus,
504 4166 626 4224 quarum
658 4154 723 4209 ect‘
731 4154 823 4227 prima
853 4151 1067 4228 septangulum.
1119 4153 1194 4212 Nam
1223 4168 1281 4226 quo
1313 4153 1408 4210 minus
1437 4149 1513 4209 ultra
1544 4148 1644 4208 decem

179 4246 183 4252 ’
291 4247 378 4312 typus
401 4238 565 4294 continuari
588 4240 691 4313 possit,
703 4247 856 4314 sequente
871 4242 1007 4310 concinui
1030 4250 1144 4313 natura,
1169 4248 1227 4298 tion
1244 4257 1308 4315 Jam
1322 4239 1504 4314 septenarius
1519 4235 1644 4312 amplius

229 4387 234 4395 ⁸
290 4322 420 4399 impedit,
444 4322 495 4381 aed
518 4323 569 4382 alii
592 4327 704 4384 numeri
728 4324 885 4401 figurarum
908 4326 1209 4388 indemonstrabilium
1235 4328 1253 4385 9
1276 4334 1305 4385 ιι
1330 4328 1384 4397 11,
1416 4327 1466 4401 qui
1489 4334 1644 4427 rectangq·

289 4410 350 4469 lum
373 4410 501 4469 alliciunt
525 4414 577 4484 99,
601 4412 769 4487 quodcum
793 4413 937 4490 quadrato
961 4413 1069 4475 denarii
1094 4418 1153 4475 100
1176 4414 1328 4472 coustituit
1350 4411 1537 4472 intervallum
1560 4413 1646 4488 peni·

257 4504 338 4556 ¹-tus
362 4497 521 4557 abhorrens
552 4509 696 4560 enatura
719 4510 829 4562 cautus.
874 4499 975 4579 Usque
1005 4504 1081 4564 adeo
1105 4502 1228 4562 multum
1250 4502 1372 4560 interest
1400 4501 1475 4559 inter
1496 4499 1646 4558 axiomata

292 4583 444 4645 doxastica
467 4592 497 4645 ιι
518 4588 737 4663 epistemonica

419 4774 518 4837 Ordo
541 4779 806 4840 concinnerum
830 4786 865 4842 in
888 4786 1127 4861 perfectione
1150 4790 1186 4843 et
1209 4778 1506 4881 appellationes.
1609 4836 1612 4845 ,

381 4934 516 4994 Diximus
538 4934 680 4997 hacteuus
703 4937 739 4998 de
763 4942 874 5015 origine
902 4953 932 5004 st
954 4942 1055 5001 ordina
1078 4939 1314 5012 intervallorum,
1345 4955 1421 5013 quae
1445 4943 1512 4995 sunt
1534 4938 1649 4996 minora

225 5045 230 5054 '
293 5024 445 5096 ⁰⁰fl⁸⁰¹¹⁵⁸3
480 5022 634 5083 dicendum
665 5028 852 5093 nuncetiam
882 5030 918 5091 de
942 5029 1099 5090 eorundem
1124 5028 1293 5087 differentiis
1320 5023 1415 5099 deque
1439 5024 1648 5100 appellationi·

294 5113 367 5184 bus,
397 5125 473 5186 quas
501 5126 558 5168 nou
584 5111 672 5189 plaue
700 5114 819 5175 easdem
847 5136 913 5178 curu
936 5117 1085 5178 veteribus
1114 5118 1237 5175 retinere
1268 5129 1440 5189 possumus,
1472 5128 1537 5171 curu
1567 5113 1648 5170 etin

294 5200 382 5260 rebus
404 5199 477 5274 ipsis
500 5205 530 5259 et
551 5201 581 5257 iu
604 5203 701 5261 tausis
724 5219 823 5263 aarum
847 5208 934 5267 nobis
957 5204 1077 5265 abillis
1100 5200 1307 5263 discedendum
1331 5200 1425 5259 luerit

332 5351 507 5361 --..--..-—·.

297 5443 372 5514 prior
391 5453 435 5501 est
452 5450 623 5516 meusumtis,
642 5441 775 5507 concinna
791 5467 864 5517 sero,
882 5455 914 5505 ut
931 5455 1012 5504 tonus
1030 5444 1072 5502 rei
1092 5444 1174 5502 diesis
1188 5452 1237 5500 ιιι
1256 5424 1408 5512 posteriora
1419 5446 1483 5497 sunt
1500 5442 1650 5497 consonan-

283 5524 354 5617 ‚²5⁸2
386 5524 424 5579 m
441 5533 515 5593 uota,
534 5530 720 5585 consonantiis
739 5546 894 5587 communes
919 5535 983 5582 suut
1005 5532 1097 5596 partes
1115 5524 1195 5579 istae:
1220 5530 1303 5577 tonus
1322 5519 1422 5588 major,
1448 5520 1547 5583 minor,
1571 5517 1650 5573 semi·

297 5602 401 5658 ionium
419 5611 484 5676 etc,
511 5605 558 5661 sed
578 5624 627 5663 uec
652 5624 745 5664 omues
764 5609 902 5674 omuibus,
926 5621 976 5663 neo
994 5620 1048 5660 uua
1067 5619 1160 5664 earum
1179 5608 1237 5675 est,
1254 5616 1323 5678 quae
1348 5599 1407 5696 sole
1425 5599 1569 5655 emetiatur
1588 5611 1651 5654 eou-

210 5730 213 5734 .
298 5682 479 5787 nutritiae
