3684 7259
212 1258 215 1267 '
307 1266 349 1330 04
743 1256 1201 1332 Deflmmfflmluu

308 1438 381 1502 milri
401 1437 566 1501 iseieudum
589 1453 663 1512 esse,
685 1444 720 1498 ut
740 1439 826 1499 initio
846 1455 883 1505 ex
904 1438 980 1502 libro
1002 1437 1115 1500 docimo
1137 1434 1267 1499 Euclidls
1288 1434 1482 1499 mulierem
1502 1452 1549 1511 es,
1571 1449 1649 1512 quse

308 1525 348 1589 ud
370 1542 509 1607 prseseus
531 1526 813 1588 institutum-mcum
839 1528 997 1605 proecipue
1025 1527 1169 1603 isecrent,
1196 1526 1301 1588 seviem
1327 1525 1416 1586 etium
1442 1539 1539 1585 rerum
1568 1520 1650 1582 iliius

309 1614 388 1691 libri,
410 1617 497 1677 certis
520 1610 696 1691 quibusdum
717 1614 875 1691 mtevjectis
896 1612 1100 1691 divisionibus,
1121 1616 1151 1674 in
1172 1612 1268 1676 iucem
1288 1612 1453 1692 proferrem,
1476 1626 1583 1673 census
1603 1610 1652 1668 iu-

312 1700 456 1778 diosrem,
488 1718 539 1762 cur
568 1698 712 1778 qurodum
743 1700 919 1762 divisionum
948 1701 1078 1764 membre
1098 1701 1137 1762 rb
1158 1700 1281 1764 Euclide
1302 1700 1409 1762 iumine
1430 1700 1553 1760 omissus:
1582 1704 1653 1758 tune

309 1788 425 1851 domm
454 1788 491 1851 de
512 1787 613 1865 liguris
635 1790 707 1867 ipsis
728 1788 875 1867 egendum
896 1790 960 1853 iuit
1003 1786 1062 1850 Ubi
1084 1803 1160 1867 quse
1181 1789 1298 1851 inerim
1324 1788 1363 1849 rb
1385 1786 1506 1849 linclide
1528 1785 1652 1847 demon·

309 1884 402 1939 struis
424 1874 591 1951 dmnstme,
615 1877 645 1934 in
665 1876 702 1937 iis
724 1876 850 1956 simplici
863 1879 1096 1955 propositionum
1110 1875 1287 1956 ntegrume
1298 1882 1451 1938 contentus
1471 1874 1528 1935 iul:
1549 1871 1652 1947 multu,

310 1981 388 2044 quse
407 1971 478 2024 sunt
497 1963 537 2024 rb
559 1961 681 2026 Euclide
703 1962 902 2026 demonstrsts
923 1967 973 2025 vie
1000 1964 1075 2040 ulis,
1102 1972 1221 2043 propter
1246 1964 1334 2025 duem
1362 1962 1435 2024 milri
1462 1963 1654 2042 propositum,

311 2051 424 2113 sddoet
443 2058 561 2130 propter
582 2053 829 2129 comparutionem
849 2051 1008 2130 dgururum
1029 2051 1176 2113 scibilium
1198 2060 1229 2113 et
1249 2050 1442 2131 inscibilinm,
1469 2049 1518 2111 hio
1538 2050 1656 2109 inerunt

225 2156 227 2161 ’
311 2137 477 2218 repetenda,
500 2137 549 2199 vel
570 2137 717 2215 disjuncte
737 2139 951 2219 conjungendo,
973 2139 1023 2201 vel
1045 2138 1117 2200 ordo
1139 2138 1305 2203 mumius
1341 2138 1560 2213 Definitionum,
1582 2151 1655 2214 pro·

311 2228 499 2307 positionum,
521 2225 734 2287 theoremstnm
756 2228 861 2289 seriem
883 2229 1021 2302 continuo
1042 2243 1163 2289 numero
1177 2244 1242 2289 sum
1259 2225 1440 2307 complexus,
1462 2232 1495 2285 nt
1513 2219 1656 2301 inDiop·

311 2316 392 2376 trlcis
412 2313 479 2386 ioci,
500 2322 618 2392 propter
629 2312 838 2393 allegetiouum
859 2313 1112 2391 commoditatem
1133 2316 1164 2374 in
1187 2315 1259 2394 ipsis
1281 2316 1372 2376 etism
1392 2313 1579 2377 lemmstibus
1594 2323 1656 2371 uou

313 2409 465 2463 roourums
486 2401 529 2461 ini
550 2418 604 2462 nec
623 2404 746 2462 nimium
767 2402 805 2465 de
826 2401 982 2465 rocsbnlis
996 2400 1156 2478 sollicitus,
1178 2404 1273 2481 urps
1294 2404 1324 2462 in
1347 2418 1394 2463 res
1415 2404 1496 2481 ipsus
1518 2403 1656 2472 intentus,

314 2492 423 2567 qnippe
445 2489 497 2566 qni
519 2488 659 2566 nonium
680 2491 710 2548 in
731 2488 919 2569 philosophis
939 2498 1132 2569 geometram,
1159 2489 1213 2554 sed
1242 2492 1274 2550 iu
1295 2490 1352 2551 isso
1372 2489 1550 2568 geometrice
1571 2492 1657 2566 purte

308 2576 525 2655 philosophum
554 2593 649 2654 upum.
693 2576 792 2655 Atque
821 2579 934 2639 utinum
961 2576 1112 2641 derebus
1139 2578 1325 2655 geometricis
1355 2576 1453 2638 sdlrus
1477 2574 1657 2657 popularius,

201 2728 207 2739 ,
303 2662 474 2725 ¹dummodo
496 2672 527 2724 et
547 2662 654 2725 clurius
681 2673 712 2726 et
737 2664 916 2743 psipebliins
938 2664 1080 2728 dimovere
1100 2666 1272 2745 potuissem
1316 2663 1376 2727 Sed
1401 2681 1503 2744 spero,
1532 2662 1658 2724 lectores

315 2768 426 2829 ecquos
448 2752 478 2809 in
501 2758 623 2828 utruque
645 2768 686 2826 re,
709 2760 739 2813 et
760 2751 840 2830 quod
861 2754 1039 2831 geometrico
1051 2752 1231 2833 populsrltor
1251 2751 1345 2827 trudo,
1367 2761 1398 2814 et
1418 2750 1498 2830 quod
1519 2750 1659 2811 muteriee

319 2838 527 2900 obscuritatem
548 2837 691 2900 industrio
704 2842 819 2902 vincere
835 2856 893 2902 non
906 2844 1001 2919 potul,
1022 2857 1118 2903 meum
1140 2858 1261 2919 opersm
1282 2841 1353 2902 boni
1367 2839 1561 2901 consulturos.
1584 2834 1660 2914 Qui·

246 2983 248 2988 .
317 2925 375 2998 bus
397 2928 487 2987 etiem
508 2924 565 2986 iroc
586 2926 624 2988 ed
647 2933 807 2988 extremum
828 2926 867 2989 do
890 2927 1014 3003 consilii,
1035 2936 1069 2990 ut
1089 2930 1116 2989 si
1136 2927 1406 2990 mutirsmstlcsrum
1426 2943 1522 2989 rerum
1541 2926 1660 3005 penitus

320 3014 447 3091 imperiti
468 3013 584 3089 inerint,
612 3016 790 3077 commissis
812 3016 1046 3077 enmruoniins
1067 3018 1141 3078 meis
1171 3015 1251 3078 solus
1272 3014 1373 3095 legent
1401 3016 1616 3094 propositiones
1642 3028 1662 3071 s

319 3097 430 3162 XXX.
455 3116 551 3178 nsque
571 3100 610 3161 nd
630 3100 727 3177 duem,
750 3111 781 3163 ot
801 3102 858 3165 fide
880 3104 1129 3183 propositionibus
1148 3104 1221 3183 ipsis
1243 3102 1374 3165 adhibito
1395 3104 1458 3164 sius
1480 3101 1664 3164 demonstre-

307 3190 409 3262 ‘tione
432 3196 555 3266 pergunt
576 3188 615 3249 ud
636 3187 728 3251 libros
749 3197 876 3265 ceteros,
906 3192 1077 3271 prsesorum
1098 3189 1137 3252 sd
1157 3191 1309 3267 ultlmnm3
1335 3208 1374 3254 ne
1395 3188 1575 3251 dildmitrte'
1588 3203 1663 3266 peo-

319 3276 505 3337 metricorum
534 3278 819 3354 srgruusntstionnm
846 3278 993 3340 sbsmrrlti
1024 3278 1120 3340 ductu
1147 3295 1213 3341 sese
1238 3280 1353 3359 privent
1382 3277 1568 3340 nsmontose
1590 3290 1663 3337 oon·

319 3362 521 3441 templationis
539 3361 765 3440 jncuodbsimo.
808 3364 894 3427 Nunc
913 3364 953 3427 sd
974 3383 1036 3429 rem
1057 3365 1230 3429 scoedmus
1339 3365 1414 3428 ileo.

886 3688 1091 3701 m

535 3949 587 4024 lle
612 3950 825 4039 Figururum'
841 3944 1066 4040 Regnlsrium
1097 3953 1460 4030 demonstrationibus.

749 4128 1005 4217 incursuro.
1054 4155 1150 4216 rim
1177 4156 1271 4236 figura
1301 4157 1442 4237 nonnos
1468 4154 1521 4217 sn·
1552 4151 1667 4229 usur,

665 4257 741 4319 quus
768 4244 866 4302 omnin
891 4244 986 4303 intere
1014 4250 1044 4305 ct
1071 4260 1171 4306 ornnes
1201 4244 1340 4324 angulos,
1373 4254 1535 4308 extrorsum
1556 4258 1667 4318 versos,

665 4328 802 4405 aequales
823 4328 923 4389 hebet.

550 4480 552 4490 Ι
749 4411 847 4467 utun
866 4410 978 4480 urso:
1006 4411 1169 4484 nonus,
1187 4416 1247 4482 vs,
1265 4415 1326 4487 no,
1351 4416 1399 4487 oo
1417 4411 1670 4486 massmanno

600 4553 606 4571 Α
663 4488 755 4559 anguli
774 4490 859 4561 orn,
877 4490 964 4560 reo,
982 4490 1072 4561 sou,
1090 4493 1159 4562 our
1178 4496 1315 4565 aequares.

593 4583 597 4590 ’
748 4564 787 4624 IL
809 4564 1008 4626 Definitio.
1051 4567 1160 4630 Eurum
1181 4571 1326 4648 quaedem
1348 4578 1417 4632 sunt
1436 4571 1548 4648 primos
1570 4577 1601 4630 et
1619 4584 1670 4629 ru·

661 4649 787 4727 diocles,
818 4670 896 4730 quse
925 4670 995 4715 suos
1016 4655 1099 4732 ipsse
1121 4662 1258 4720 terminos
1284 4676 1345 4719 non
1374 4656 1532 4732 excedunt,
1562 4655 1671 4734 quibus

323 4742 439 4817 proprio
462 4742 599 4797 convenit
621 4742 719 4819 positu
740 4740 894 4802 definitio:-
909 4740 1055 4818 quaedem
1076 4754 1145 4805 sunt
1166 4754 1279 4823 sumac,
1303 4763 1449 4823 quaerut
1469 4744 1564 4807 veluti
1577 4744 1672 4805 lutere

324 4822 476 4972 Excedunt,
508 4827 684 4888 continuatis
706 4828 831 4902 aiicujus
858 4826 995 4890 radiculis
1022 4829 1162 4895 lateribus
1184 4851 1243 4894 non
1258 4835 1403 4913 contiguis
1425 4832 1464 4895 ed
1480 4848 1670 4895 concursum:

345 4913 458 4973 ‘cuntur
478 4912 591 4975 stelles.

1137 5004 1175 5062 Ut
1185 5003 1230 5061 die
1240 5003 1363 5061 ABGDE
1372 5010 1416 5061 est
1434 5004 1584 5075 perlectum
1594 5006 1671 5076 quin·

1049 5084 1217 5155 quungulum
1233 5091 1330 5157 mique
1343 5082 1431 5155 dgnus
1441 5084 1536 5158 prims,
1551 5100 1609 5142 uon
1625 5083 1671 5141 de·

1050 5160 1172 5219 sidereus
1189 5162 1270 5220 elium
1286 5163 1448 5236 perierim,
1463 5165 1511 5221 'ex
1534 5180 1590 5236 qut
1605 5181 1671 5223 con·

1050 5239 1201 5299 tinustione
1218 5240 1334 5300 luterum
1349 5241 1522 5315 productius.

1002 5318 1021 5367 Ι
1137 5320 1176 5378 dt
1198 5321 1315 5380 llum
1344 5330 1388 5381 est
1413 5322 1617 5397 quinquennis
1645 5328 1674 5381 et

1053 5395 1141 5467 fleur&
1156 5407 1251 5466 tucis,
1275 5401 1439 5461 continueris
1455 5401 1586 5474 luteribus
1602 5402 1674 5461 binis

1055 5492 1111 5534 uon
1132 5482 1283 5555 contiguis,
1307 5480 1382 5539 verbi
1403 5481 1551 5543 ausudB
1574 5488 1603 5541 et
1626 5479 1675 5538 ilc
