3684 7259
1690 1246 1975 1317 Apologia.
3059 1253 3183 1312 41⁷

495 1429 825 1504 congeriem
872 1431 1045 1486 etiam
1109 1435 1297 1486 ortum
1343 1426 1735 1506 harmonicas,
1796 1427 1853 1481 in
1902 1443 2018 1540 quo
2086 1443 2194 1502 ego
2239 1424 2365 1484 solo
2421 1424 2502 1482 sui
2567 1432 2913 1501 occupatus,
2975 1426 3081 1485 abs
3130 1436 3185 1487 te

533 1517 759 1590 roponi.
2016 1549 2023 1556 ·

493 1534 531 1592 p
664 1603 767 1660 Ad
820 1602 1170 1677 Analysin
1217 1599 1321 1658 IV.
1416 1598 1724 1658 satisfacio
1770 1599 1879 1657 tibi
1924 1617 2041 1658 uno
2073 1599 2284 1658 verbo:
2339 1616 2740 1675 comparamus
2787 1600 2881 1659 vel
2927 1601 3001 1660 ad
3036 1620 3182 1661 con-

490 1707 725 1748 sensum
791 1690 883 1746 vel
945 1689 1019 1747 ad
1081 1688 1383 1746 discrimen
1440 1686 1830 1745 indicandum.
1854 1681 1941 1760 ⁸²)
2042 1686 2223 1745 Recte
2281 1687 2459 1762 igitur
2517 1695 2618 1746 tua
2679 1704 2788 1763 ego
2850 1707 2978 1747 cum
3040 1693 3186 1748 meis

497 1778 736 1844 contuli,
786 1786 850 1834 ut
898 1778 1070 1835 sciret
1115 1776 1297 1833 leuior
1345 1793 1504 1833 niens
1513 1772 1702 1849 plns
1750 1777 2028 1833 interesse
2075 1774 2580 1847 dissimilitudinis,
2631 1791 2807 1850 quam
2854 1793 3187 1839 consensus.

491 1863 561 1921 In
610 1866 801 1923 verbis
852 1882 988 1923 vero
1036 1863 1172 1938 quid
1225 1869 1426 1921 ιιιιιιιιι
1473 1861 1722 1928 luderet*
1818 1860 2192 1920 Artificialem
2241 1870 2398 1919 tuam
2441 1864 2722 1920 musicam
2772 1863 2889 1921 dixi
2936 1882 3006 1924 ex
3034 1865 3184 1924 libro

493 1962 625 2023 tuo,
696 1970 826 2008 nam
874 1960 934 2009 tu
983 1953 1305 2009 naturalem
1365 1933 1441 2009 afr
1489 1949 1774 2009 artificiali
1826 1949 2138 2023 distinguis
2198 1965 2357 2007 more
2416 1957 2539 2007 tu0.·
2627 1948 2774 2006 Mihi
2832 1951 3054 2009 nullum
3102 1960 3191 2012 est

495 2036 816 2113 legitimum
863 2056 970 2097 nee
1017 2038 1241 2095 auditui
1293 2045 1594 2114 aceeptus:
1638 2049 1766 2094 mne
1774 2041 1886 2093 iens
1935 2036 2257 2109 artificium,
2306 2035 2461 2112 quod
2507 2041 2669 2095 earet
2713 2037 3103 2098 fundamentis
3137 2058 3186 2131 ὃ

492 2125 701 2183 natura
748 2128 1097 2183 monstratis.
1193 2128 1257 2181 Ιιι
1221 2129 1373 2197 fitur
1437 2129 1614 2185 etiam
1678 2129 1818 2181 tum:
1866 2142 2050 2182 rerum
2096 2123 2449 2184 naturalium
2507 2126 2705 2202 aperio
2753 2142 2992 2201 causae,
3035 2139 3183 2187 cum

492 2212 563 2271 dc
612 2215 836 2287 origine
881 2216 1128 2271 musices
1177 2200 1493 2269 Γιιιιιιιιιιιὶιε
1538 2209 1790 2285 diepam.

667 2301 752 2357 En
804 2317 939 2359 vero
989 2299 1281 2357 difficilem
1324 2299 1381 2358 te
1429 2299 1741 2370 hominem,
1791 2315 1893 2375 per
1940 2315 2114 2373 quem
2160 2298 2301 2355 mihi
2346 2315 2418 2373 ne
2466 2275 2730 2357 modesto
2778 2299 3011 2374 quidem
3059 2298 3186 2362 'esse
3289 2373 3293 2377 ᾗ

505 2384 785 2467 licet³³);
832 2390 1218 2463 suspiciosum
1267 2403 1437 2458 ver0,
1487 2389 1586 2461 qui
1635 2387 1816 2444 verba
1863 2387 2092 2460 singula
2136 2393 2372 2461 torques
2405 2388 2459 2441 in
2494 2387 2858 2445 eontrarium.
2950 2388 3186 2465 Scripsi,

493 2491 586 2532 me
633 2493 827 2550 pauca
883 2476 953 2533 de
1002 2477 1248 2532 musices
1295 2474 1697 2531 inventoribus
1755 2472 2009 2546 tradere3
2069 2472 2308 2532 hoccine
2365 2481 2450 2532 est
2507 2475 2565 2529 in
2612 2481 2668 2532 te
2720 2474 3185 2549 superfluitatem

498 2579 773 2638 arguere,
837 2580 988 2620 anne
1035 2564 1220 2636 magis
1268 2561 1576 2633 lectorem,
1635 2560 1705 2618 de
1750 2562 2152 2619 inventoribus
2198 2567 2593 2636 satagentem,
2640 2559 2715 2618 ad
2763 2569 2818 2620 te
2866 2561 3186 2639 ablegare?

671 2649 775 2706 Ad
825 2649 1191 2726 Analysin
1241 2649 1314 2706 V.
1404 2649 1495 2706 De
1543 2649 1901 2723 temporibus
1957 2648 2032 2706 ad
2077 2649 2358 2706 musicam
2424 2647 2784 2706 artificialem
2844 2652 3187 2711 necessariis

492 2735 669 2793 laudo
717 2737 1247 2812 philosophantem.
1338 2736 1534 2811 Digna
1579 2743 1774 2794 tamen
1821 2739 2069 2793 occurrit
2115 2738 2401 2810 quaesti0,
2450 2738 2508 2794 in
2550 2753 2665 2811 qua
2711 2736 2805 2793 hic
2852 2746 3186 2797 exerceatur

492 2822 692 2882 lector.
783 2824 962 2882 Recte
1009 2842 1181 2896 sane,
1231 2823 1516 2894 Roberte,
1564 2840 1770 2881 sonum
1817 2821 2020 2881 definis
2065 2840 2168 2898 per
2215 2830 2462 2894 motum,
2524 2839 2632 2881 nec
2677 2839 2712 2880 a
2755 2832 2918 2882 motu
2964 2827 3179 2902 pateris

492 2911 719 2986 sejungi
767 2920 1009 2988 tempus.
1102 2911 1425 2986 Diligenter
1483 2909 1596 2969 hoc
1642 2912 2114 2986 suntprosecuti
2163 2909 2534 2969 Ptolemaeus
2591 2909 2834 2986 ejusque
2886 2928 3184 2972 commen-

491 3004 643 3055 tator
689 2998 1064 3075 Porphyrius,
1149 2998 1402 3056 *Duobus
1451 2999 1626 3073 igitur
1670 2997 2003 3069 nominibus
2049 3004 2278 3074 tempus
2324 2996 2492 3056 adest
2535 2998 2839 3071 sonitibus,
2886 3001 3072 3075 primo
3120 3009 3187 3060 ut

494 3086 805 3144 essentiam
854 3088 1062 3143 format
1108 3101 1401 3157 sonorum,
1449 3079 1551 3142 s'eu
1600 3084 1952 3145 differentias
1999 3101 2177 3144 causa
2207 3086 2513 3166 gravitatis
2561 3094 2617 3144 et
2656 3087 2955 3159 acuminis,
3004 3086 3187 3147 altero

491 3182 556 3230 ut
595 3174 719 3248 jam
766 3175 1027 3233 formatis
1077 3175 1432 3231 extrinsecus
1480 3172 1691 3231 accidit
1734 3180 1798 3230 ut
1844 3188 2136 3233 mensura.
2229 3170 2454 3230 Graves
2487 3170 2613 3229 s'oni
2661 3178 2937 3232 tremores
2967 3174 3188 3235 babent

492 3260 791 3334 tardiores,
841 3263 998 3319 acuti
1047 3261 1369 3319 celeriores.
1464 3257 1642 3317 Verbi
1689 3271 1898 3331 causa,
1959 3260 2007 3317 si
2053 3261 2129 3316 sit
2171 3260 2537 3335 propositum
2580 3268 2840 3335 tempus,
2904 3271 3187 3337 quantum

495 3354 580 3405 est
627 3350 774 3405 inter
820 3349 1078 3425 systolen
1128 3355 1185 3407 et
1232 3346 1520 3406 diastolen
1566 3347 1773 3423 pulsus
1818 3346 2087 3419 humani,
2146 3346 2450 3423 pulsentur
2496 3346 2646 3406 duae
2693 3346 2976 3420 chordae„
3033 3356 3186 3426 quae

493 3434 776 3511 diapason
826 3435 1077 3509 faciunt,
1143 3443 1468 3509 trematque
1514 3435 1665 3492 intra
1709 3435 2119 3509 praestitutum
2167 3436 2446 3511 temporis
2489 3436 2741 3510 spatium
2801 3434 3016 3495 chorda
3061 3437 3183 3511 illa,

494 3539 643 3597 quae
691 3540 931 3597 gravem
976 3540 1184 3582 sonum
1231 3524 1470 3593 emittit,
1536 3529 1745 3581 tremat
1789 3522 2029 3597 inquam
2080 3522 2159 3579 50
2209 3521 2690 3594 vibratiunculas‚
2751 3530 2957 3583 tremet
3001 3524 3188 3583 altera

497 3611 614 3668 100
627 3655 648 3684 ,
710 3628 859 3685 quae
917 3612 1140 3669 scilieet
1196 3620 1429 3668 acutum
1497 3616 1794 3669 consonat.
1902 3607 2073 3666 Hane
2126 3608 2584 3685 speculationem
2641 3610 2809 3686 attigi
2869 3611 3016 3670 libro
3075 3612 3186 3670 III.

488 3696 626 3754 folio
683 3699 821 3754 137.
871 3701 927 3754 in
975 3700 1369 3775 experimento
1416 3696 1685 3756 mirabili.
1777 3695 1980 3769 Vides,
2027 3695 2302 3769 Roberte,
2350 3696 2750 3772 deceptionem
2798 3697 2894 3757 hic
2941 3699 3186 3759 ex'am-
3292 3692 3304 3705 ⁸

490 3784 772 3859 biguitate
823 3789 983 3844 vocis
1036 3788 1340 3861 „tempus“
1393 3800 1631 3843 causam
1676 3784 1782 3842 tibi
1832 3783 2012 3842 fuisse
2058 3779 2321 3842 mirandi.
2414 3782 2636 3858 Quodsi
2697 3802 2811 3844 non
2859 3788 3184 3863 attigissem

488 3870 637 3929 hanc
686 3874 927 3949 primam
973 3873 1495 3931 considerationem
1543 3874 1836 3949 temporis,
1886 3872 2208 3948 potuissem
2247 3872 2531 3946 excipere,
2577 3889 2668 3930 me
2699 3872 2850 3931 hanc
2896 3891 3027 3932 cum
3058 3876 3187 3951 ipsa

407 4005 412 4010 .
490 3974 767 4016 sonorum
828 3959 1153 4020 differentia
1211 3962 1265 4016 in
1334 3960 1601 4019 acumine
1665 3968 1723 4017 et
1783 3961 2075 4034 gravitate
2136 3960 2535 4035 supposuisse.
2627 3959 2717 4018 De
2763 3959 2949 4020 altero
3010 3963 3188 4037 igitur

491 4055 791 4121 respectu,
843 4064 959 4121 quo
1006 4058 1232 4123 tempus
1281 4054 1369 4105 est
1416 4050 1740 4105 extrinseca
1782 4037 2056 4104 mensura
2100 4049 2406 4118 sonorum',
2453 4043 2715 4121 loquitur
2766 4053 2957 4106 textus
3001 4066 3183 4123 meus,

486 4131 748 4208 loquitur
793 4136 967 4192 etiarn
1018 4144 1168 4207 tuuS,
1219 4137 1392 4210 quem
1440 4151 1734 4211 comparo.
1825 4132 1938 4190 Illo
1985 4137 2137 4192 enim
2183 4140 2451 4209 respectu
2506 4150 2621 4191 non
2670 4141 2758 4193 est
2817 4135 3185 4195 arbitrarium

489 4228 734 4297 tempus,
784 4221 883 4280 sed
931 4220 1209 4281 adhaeret
1256 4222 1532 4297 gravitati
1581 4220 1673 4280 vel
1722 4221 1972 4278 acumini
2018 4222 2363 4292 necessario,
2413 4226 2474 4277 at
2503 4218 2616 4278 hoc
2646 4229 2911 4298 respectu
2946 4225 3182 4281 omnino

488 4315 578 4366 est
642 4310 1009 4367 arbitrarium
1038 4353 1052 4382 ‚
1115 4326 1230 4385 quo
1299 4311 1532 4367 nomine
1593 4310 1740 4365 inter
1788 4310 2011 4368 ceteras
2057 4324 2264 4367 causas
2320 4308 2544 4366 musica
2589 4308 2907 4367 artificialis
2958 4308 3184 4369 dicitur.
3227 4311 3231 4316 ’

490 4393 788 4469 Quantum
837 4399 988 4453 enim
1038 4399 1093 4453 in
1142 4415 1201 4455 re
1250 4396 1512 4471 qualibet
1558 4397 1710 4455 inest
1755 4412 1824 4453 ex
1872 4395 2109 4454 arbitrio
2143 4393 2396 4469 artificis,
2445 4400 2629 4453 totum
2666 4396 2809 4454 illud
2855 4399 2965 4455 arti
2994 4405 3188 4457 trans-

487 4483 773 4553 scribitur,
823 4493 1104 4558 quantum
1153 4502 1293 4541 vero
1341 4502 1434 4541 ars
1480 4490 1746 4540 naturam
1791 4483 2052 4540 imitatur
2097 4482 2454 4559 arbitrioque
2501 4499 2608 4541 suo
2674 4482 2836 4558 leges
2881 4485 3011 4560 ipsa
3057 4486 3183 4560 sert,

490 4578 710 4628 tantum
761 4580 1025 4630 censetur
1077 4573 1137 4628 in
1190 4570 1431 4633 artificio
1490 4571 1768 4628 bonitatis
1825 4571 2035 4628 inesse.
2125 4569 2304 4629 Verbi
2353 4585 2531 4629 causa
2547 4614 2561 4645 ,
2623 4570 2830 4630 breves
2893 4588 3070 4631 sonos
3111 4574 3186 4630 in

494 4659 765 4714 omnibns
816 4666 1020 4716 cantus
1066 4659 1295 4733 figurati
1344 4659 1588 4716 vocibus
1634 4664 1890 4715 statuere
1937 4665 2128 4735 potest
2176 4656 2413 4731 artisex3
2473 4659 2521 4717 si
2576 4666 2771 4717 tamen
2828 4658 3002 4720 basso
3048 4658 3181 4718 lon-

488 4763 592 4819 gas
643 4746 1043 4826 accommodat
1089 4763 1405 4818 mensuras,
1456 4745 1721 4803 discanto
1771 4744 2012 4818 breves,
2061 4746 2157 4803 hic
2202 4754 2468 4804 naturam
2516 4739 2613 4804 ille
2661 4752 2920 4821 spectat,
2968 4764 3180 4823 graves

490 4836 640 4890 enim
688 4849 865 4890 sonos
914 4832 1162 4891 diximus
1211 4835 1386 4891 etiam
1432 4834 1487 4888 in
1538 4832 1823 4891 essentiae
1857 4848 1998 4890 suae
2043 4833 2386 4891 formatione
2422 4830 2614 4909 longis
2646 4833 3006 4908 temporibus
3053 4852 3183 4895 esse

490 4928 787 4994 cognatos,
837 4929 1039 4979 acutos
1088 4921 1421 4993 brevibus3
1456 4927 1517 4979 at
1562 4920 1613 4977 si
1660 4937 1691 4980 e
1738 4903 2036 4978 contrario
2072 4922 2311 4980 bassum
2361 4919 2713 4997 quandoque
2766 4919 2939 4995 jubet
2983 4922 3184 4980 brevi-

489 5006 596 5065 bus
645 5010 927 5068 mensuris
976 4963 1475 5080 circumvolitalffi
1536 5005 1968 5066 condimentum
2011 5008 2376 5066 machinatur
2416 5007 2970 5081 extraordinarium,
3037 5025 3181 5068 con-

491 5093 623 5151 silio
673 5112 813 5152 usus
861 5113 933 5153 ex
978 5098 1117 5154 artis
1164 5112 1305 5153 suae
1352 5093 1609 5152 flosculis
1670 5094 2090 5170 arbitrariaque
2145 5093 2380 5153 licentia
2442 5093 2726 5153 desumto.
2815 5094 3009 5219 Tetigi
3071 5095 3183 5155 hoc

490 5198 615 5277 cap.
674 5184 769 5239 16.
818 5181 914 5240 sol.
972 5183 1088 5242 193
1138 5184 1195 5238 in
1245 5180 1627 5239 alternatione
1673 5184 2201 5240 consonantiarum.

472 5294 476 5297 «
663 5267 828 5343 Quae
876 5269 975 5327 ubi
1023 5277 1084 5326 tu
1129 5267 1518 5344 perpenderis,
1564 5267 1819 5326 mirabor
1864 5267 2162 5343 equidem,
2225 5269 2272 5325 si
2321 5266 2460 5341 quid
2510 5269 2903 5327 excusationis
2949 5270 3185 5347 insuper

488 5355 690 5414 afferre
735 5359 945 5431 possis,
995 5372 1094 5414 cur
1139 5356 1251 5413 fine
1297 5354 1472 5430 hujus
1517 5353 1829 5431 analyseos
1877 5356 2200 5430 negaveris,
2249 5361 2590 5429 temporum
2637 5354 3033 5416 dimensiones
3076 5373 3183 5415 va-

484 5445 613 5500 rias
656 5447 725 5501 in
770 5443 1144 5518 Ionyitudine
1185 5450 1240 5500 et
1284 5442 1569 5500 brem'tate
1612 5458 1727 5499 esse
1772 5442 2153 5501 arbitrariae
2243 5440 2393 5500 Nam
2453 5440 2525 5502 de
2571 5441 2684 5502 hoc
2727 5443 2887 5521 ipso·
2910 5452 3179 5520 respectu

486 5532 798 5606 temporis,
846 5541 910 5589 ut
955 5547 1259 5602 mensura,
1304 5527 1579 5604 loqueris.

663 5615 956 5692 Quantum
1019 5619 1193 5693 igitur
1252 5617 1460 5675 attinet
1519 5616 1672 5675 hunc
1733 5621 2056 5693 respectum
2118 5618 2425 5694 temporis,
2496 5634 2613 5693 quo
2669 5624 2934 5695 tempora
2988 5617 3181 5695 polius

596 5727 786 5778 Kepleri
818 5726 968 5780 Opera
996 5726 1047 5767 V.
2282 5782 2288 5788 ¹
2785 5723 2865 5784 27
