3684 7259
585 1232 626 1289 De
643 1230 869 1302 Proportionibus
889 1228 1070 1287 Harmoniois.
1106 1229 1189 1287 Iaher
1206 1231 1255 1287 111.
1537 1239 1597 1303 129

244 1414 298 1473 cile
321 1423 381 1484 est,
405 1414 625 1490 proportionum
646 1411 879 1470 harmonicorum
902 1408 1092 1480 differentias,
1123 1426 1230 1485 genera
1251 1410 1412 1489 modosque
1434 1414 1601 1477 abstrahere
1658 1431 1662 1440 ·

244 1511 341 1561 mente
364 1518 383 1559 a
405 1502 527 1559 vocibus
552 1506 581 1559 et
596 1502 676 1558 sonis
690 1498 891 1569 musicalibus,
914 1514 980 1555 cum
1002 1512 1059 1554 uon
1079 1496 1139 1557 alia
1160 1499 1244 1557 nobis
1267 1509 1422 1577 suppetant
1445 1503 1602 1583 voeabula,

244 1591 331 1649 rebus
355 1587 534 1665 explicandis
556 1588 734 1657 necessaria,
767 1602 856 1660 quam
885 1586 1011 1644 musica:
1043 1581 1108 1642 ideo
1140 1586 1359 1660 conjungendus
1387 1589 1472 1647 nohis
1495 1592 1550 1649 erit
1572 1592 1602 1650 in

246 1677 302 1736 hoc
332 1676 407 1734 libro
435 1674 518 1733 locus
548 1675 648 1732 tertius
678 1691 743 1732 cum
766 1675 868 1749 quinto
899 1680 928 1731 et
950 1673 1067 1743 ultimo,
1095 1669 1308 1749 dicendumque
1337 1690 1395 1733 non
1424 1684 1537 1735 tantum
1567 1676 1603 1737 de

247 1763 483 1841 proportionibus
505 1761 679 1819 harmonicis
702 1762 866 1830 abstractis,
888 1757 941 1817 sed
962 1761 1050 1818 etiam
1071 1760 1344 1837 praeoccupandum
1367 1762 1423 1821 hoe
1445 1763 1605 1824 humanum

248 1853 403 1910 creationis
426 1852 637 1912 imitamentum
658 1851 687 1905 in
711 1857 811 1920 cantu3
843 1848 998 1905 creationis
1022 1864 1090 1905 vero
1114 1846 1260 1905 coelorum
1274 1865 1347 1925 opus
1370 1860 1487 1927 proptep
1509 1853 1605 1910 subli-

250 1942 380 1999 mitatem
405 1947 433 1995 et
457 1936 709 2016 incredibilitatem
733 1934 919 1992 differendum
944 1935 973 1990 in
998 1932 1092 1991 locum
1117 1933 1262 2006 ultimum,
1287 1936 1387 1996 ordine
1410 1939 1478 2011 illo,
1502 1941 1550 2014 qui
1575 1941 1604 1997 in

250 2026 334 2084 titulo
358 2026 424 2083 libri
447 2026 641 2101 praescriptus
665 2032 718 2081 est.
763 2021 800 2079 Et
823 2020 896 2079 haec
919 2020 956 2080 de
979 2020 1079 2080 ordine
1102 2020 1298 2081 dicendorum.

336 2110 406 2171 Jam
430 2121 461 2169 ut
484 2113 627 2168 contraria
650 2111 724 2169 iuter
746 2127 777 2168 se
801 2110 936 2185 opposita
958 2110 1052 2182 magis
1074 2108 1252 2182 elucescant,
1276 2110 1357 2169 lubet
1380 2110 1608 2190 disputationem

252 2201 287 2259 de
310 2209 396 2258 cautu
421 2198 548 2256 humano
570 2199 716 2274 auspicari
737 2214 756 2255 a
779 2198 1053 2255 commemoratione
1068 2213 1176 2269 eorum,
1200 2213 1276 2273 quae
1300 2208 1412 2258 veteres
1435 2217 1521 2277 super
1545 2208 1609 2260 ortu

254 2273 509 2347 consonantiarum
531 2293 599 2343 sunt
622 2285 787 2343 commenti.

339 2374 482 2433 Nimirum
504 2374 579 2432 sicut
608 2380 652 2430 est
680 2377 877 2473 comparatum
907 2373 936 2427 in
959 2369 1046 2428 rebus
1068 2370 1202 2429 omnibus
1225 2370 1373 2446 humanis,
1403 2381 1435 2431 ut
1458 2390 1534 2449 quae
1556 2390 1612 2433 na·

255 2470 320 2519 tura
342 2462 427 2520 nobis
449 2469 518 2519 eunt
540 2460 688 2531 tributa,
680 2462 769 2539 rniis
784 2475 854 2516 usus
869 2459 1065 2533 cognitionem
1088 2475 1240 2516 causarum
1263 2467 1435 2532 antevertat,
1459 2463 1502 2519 sic
1525 2463 1613 2520 etiam

256 2552 331 2607 circa
353 2555 470 2609 cantum
492 2548 591 2624 generi
614 2547 741 2605 humano
765 2562 819 2603 usu
843 2548 931 2617 venit,
955 2553 991 2602 ut·
1009 2544 1076 2604 inde
1098 2546 1137 2603 ab
1160 2553 1223 2603 ortu
1247 2563 1300 2603 suo
1323 2546 1448 2606 modulis
1471 2557 1501 2607 et
1522 2551 1614 2607 inter*-

259 2635 342 2694 vallis
365 2652 480 2708 vocum,
494 2637 557 2693 sine
572 2634 772 2712 speculatione
788 2640 839 2690 aut
854 2634 1020 2708 cognitione
1043 2649 1196 2692 causarum
1219 2640 1348 2691 uteretur
1370 2634 1482 2707 iisdem,
1507 2638 1614 2711 quibus

257 2726 364 2782 utimur
395 2722 482 2782 hodie
514 2721 603 2797 vulgo
634 2724 662 2779 in
689 2720 898 2804 decantatione
935 2719 1127 2778 melodiarum
1158 2737 1216 2779 non
1246 2727 1359 2779 tantum
1386 2725 1416 2797 in
1448 2723 1563 2800 templis
1587 2733 1616 2783 et

259 2812 352 2870 choris
367 2812 553 2882 musicorum,
576 2808 628 2868 sed
644 2810 754 2885 passim
769 2808 835 2866 sine
854 2809 1062 2866 exercitatione
1075 2809 1157 2879 artis,
1181 2809 1270 2866 etiam
1287 2810 1315 2865 in
1335 2812 1468 2886 compitis
1485 2821 1514 2868 et
1529 2813 1616 2887 agris.

345 2899 477 2975 Apparet
498 2898 572 2975 haec
593 2897 754 2971 antiquitas
777 2903 879 2952 cantus
902 2911 939 2954 ex
961 2892 1035 2953 libro
1057 2896 1150 2971 primo
1174 2892 1332 2954 Geneseos.
1352 2917 1353 2920 ¹
1377 2896 1518 2973 Magnam
1541 2900 1618 2957 enlm

261 2987 389 3063 oportuit
411 3002 476 3044 esse
499 2984 721 3043 delectationem
745 2980 781 3043 e'x
804 2990 891 3041 cantu
926 2984 1006 3040 vocis
1029 2982 1173 3054 humanae
1201 2984 1282 3057 (cum
1305 2999 1374 3042 vero
1399 2983 1620 3045 delectationem

262 3073 342 3145 dico,
371 3070 525 3131 intervalia
548 3063 615 3132 dico
636 3071 805 3129 harmonica
828 3077 857 3129 et
879 3065 1051 3146 concinna),
1082 3085 1158 3144 qnae
1183 3069 1246 3144 jam
1278 3077 1415 3129 octavum
1443 3072 1482 3130 ah
1506 3072 1620 3132 Adamo

262 3159 400 3220 Jubalem
423 3160 576 3237 permovit,
600 3152 757 3217 ut‘cantne
779 3156 930 3215 hominum
953 3156 1046 3215 brutis
1068 3157 1267 3215 instrumentis
1291 3159 1396 3217 imitari
1420 3158 1543 3218 disceret
1565 3159 1621 3219 do·

264 3238 407 3323 cereique.
452 3246 515 3305 Nisi
535 3244 642 3318 lellus,
673 3243 765 3305 Jubal
792 3245 841 3302 hic
870 3242 978 3320 Apollo
1010 3250 1067 3314 est,
1098 3242 1157 3302 levi
1188 3246 1349 3304 mutatione
1379 3246 1540 3317 literarum,
1571 3249 1621 3324 qui

263 3335 379 3393 fratrem
394 3332 530 3393 Jabelcm
552 3333 707 3409 pecuariae
730 3341 878 3391 auctorem
901 3329 1059 3406 fistulaque
1081 3333 1189 3407 agresti
1213 3331 1389 3407 gaudentem
1413 3329 1512 3414 (Pana
1527 3334 1623 3395 Deum

264 3441 282 3480 a
305 3420 425 3481 Graecis
448 3416 606 3501 creditum)
628 3419 765 3495 cytharae
788 3427 919 3495 repertae
944 3416 1022 3476 claro
1046 3420 1151 3476 tinnitu
1174 3422 1341 3497 superavit,
1363 3424 1515 3479 materiam
1538 3422 1625 3481 clror·

242 3563 244 3570 ,
266 3510 365 3568 darum
389 3528 407 3567 a
429 3507 542 3568 Tubal-
544 3507 636 3567 Caino
658 3507 744 3566 fratre
752 3552 762 3585 ,
790 3509 841 3581 qui
868 3506 954 3565 nobie
983 3522 1018 3564 cx
1047 3507 1171 3564 nominis
1200 3506 1345 3566 allusione
1369 3506 1520 3567 Vulcanus
1551 3521 1627 3588 esto,

267 3604 425 3656 mutuatus.
1302 3621 1305 3629 ·

353 3681 507 3756 Utcunque
532 3691 626 3739 tamen
650 3679 831 3753 antiquarii
854 3686 956 3739 cantus
979 3678 1099 3739 humani
1121 3678 1223 3751 torma,
1248 3697 1282 3738 ex
1306 3679 1467 3740 intervallis
1491 3684 1627 3743 consonis

269 3770 314 3832 vel
337 3772 486 3829 concinnis
510 3771 685 3845 composita,
719 3784 825 3826 causae
849 3776 945 3825 tamen
968 3765 1188 3827 intervallorum
1211 3766 1357 3827 latuerunt
1380 3768 1528 3841 homines,
1552 3771 1627 3831 adeo

268 3868 300 3917 ut
321 3867 389 3918 ante
412 3856 611 3933 Pythagoram
633 3872 669 3912 ne
693 3865 898 3929 qrracrerentur
920 3854 1055 3929 quidem,
1085 3864 1114 3914 et
1136 3858 1285 3931 quaesitas
1304 3873 1356 3931 per
1379 3856 1438 3915 duo
1459 3858 1551 3916 millia
1573 3871 1628 3917 an·

271 3963 388 4017 norum,
418 3947 527 4021 primus
550 3961 623 4018 ego,
651 3943 708 3999 nisi
730 3939 833 4014 lallor,
857 3945 1042 4002 exactissime
1065 3942 1217 4019 prolerum.
1263 3942 1377 4001 Primus
1400 3945 1524 4018 quidem·
1541 3945 1630 4004 fertur

270 4033 473 4110 Pythagoras,
505 4047 570 4089 cum
592 4028 669 4106 apud
695 4027 840 4087 oificirram
870 4031 1018 4090 ferrariam
1042 4033 1177 4088 transiret
1197 4046 1344 4105 sonosque
1367 4031 1537 4090 malleorum
1561 4021 1640 4090 lrur·¹

271 4123 383 4180 monice
407 4127 638 4194 contemperatus
655 4113 916 4189 animadvertisset,
941 4116 1175 4194 deprehendisse,
1199 4117 1389 4176 differentiam
1405 4136 1542 4177 sotiorum
1566 4123 1635 4178 esse

271 4227 305 4268 ex
328 4203 527 4283 magnitudine
550 4204 730 4273 malleorum,
754 4213 786 4260 ut
808 4206 906 4279 magni
928 4222 1034 4280 graves
1050 4220 1139 4263 sonos
1156 4203 1282 4277 ederent,
1307 4209 1390 4281 parvi
1414 4217 1524 4264 acutos.
1557 4205 1630 4265 Cum

271 4303 367 4353 autem
390 4297 465 4351 iuter
485 4292 699 4367 magnitudines
722 4300 869 4382 spectetur
885 4294 998 4368 proprie
1014 4293 1182 4369 proportio,
1206 4310 1328 4350 mensus
1353 4292 1434 4351 mall
1426 4312 1485 4372 os,
1509 4311 1631 4371 propor-

273 4386 364 4442 tiones
386 4380 472 4439 lacile
494 4379 714 4449 animadvertit,
745 4365 853 4453 quibus
881 4379 1052 4438 harmonica
1081 4397 1186 4439 vocum
1213 4379 1368 4439 interualla
1392 4385 1635 4440 constituerentur

272 4476 300 4530 et
327 4469 434 4545 quihus
465 4466 600 4538 dissona,
632 4466 739 4542 quibus
769 4466 912 4523 concinna
949 4473 979 4525 et
1010 4467 1154 4541 quibus
1147 4469 1327 4526 rnconeimra.
1378 4468 1483 4526 Statim
1512 4471 1589 4527 enim
1616 4484 1635 4527 a

272 4556 383 4615 malleis
407 4553 445 4614 ad
469 4554 641 4614 chordarum
664 4553 798 4611 transivit
821 4550 1033 4627 longitudines,
1058 4556 1107 4612 utri
1130 4571 1216 4612 aures
1239 4558 1369 4614 exactius
1392 4555 1535 4628 indicant,
1559 4572 1636 4630 qnae

273 4654 368 4721 partes
391 4640 517 4701 chordae
546 4659 611 4700 cum
634 4649 696 4700 tota
725 4648 901 4712 consoneat,
931 4657 1007 4714 quae
1039 4641 1077 4699 ab
1108 4640 1160 4699 illa
1190 4642 1349 4702 dissonent.
1394 4640 1635 4720 Propontioniirus

274 4734 356 4793 certis
378 4732 516 4808 repertis,
540 4739 570 4787 ut
593 4752 634 4805 ιῳ
656 4723 717 4794 ὁτι,
739 4735 905 4802 supererat,
930 4736 961 4786 ut
985 4730 1074 4787 ctiam
1097 4745 1212 4800 cormac,
1236 4748 1287 4788 seu
1310 4752 1343 4789 ro
1367 4726 1399 4789 δι’
1426 4726 1484 4795 ὁτι,
1510 4729 1636 4805 indaga·

273 4827 376 4892 rentur,
402 4834 452 4876 cur
475 4816 530 4874 hae
553 4817 754 4894 proportiones
777 4817 927 4886 concinna,
952 4818 1057 4873 suavia
1072 4809 1259 4891 consonaque
1282 4814 1438 4876 intervalia
1454 4833 1558 4882 vocum
1583 4816 1636 4877 de·

275 4906 402 4978 finirent,
426 4903 501 4963 aliae
525 4906 727 4980 proportiones
750 4899 880 4974 dissona,
912 4902 1100 4961 abhorrentia
1122 4904 1160 4961 eh
1183 4907 1311 4971 auribus,
1335 4906 1458 4963 insueta
1504 4905 1541 4963 Et
1564 4907 1636 4964 itum

275 4994 327 5051 luit
349 5011 400 5071 per
422 5009 516 5051 annos
540 4992 584 5049 bis
606 4990 716 5049 mille
709 5006 736 5046 ιιι
761 4989 836 5047 hanc
858 4992 982 5049 sentenr'
976 5008 1048 5063 rem,
1080 5008 1184 5049 causas
1208 4989 1347 5065 petendas
1370 5008 1388 5047 a
1410 4994 1637 5081 proprietatibus

276 5083 401 5158 ipsarum
423 5081 659 5157 proportionum
691 5085 722 5133 ut
744 5074 814 5135 illae
845 5080 1029 5145 continentur
1053 5079 1108 5137 strb
1138 5079 1268 5136 terminis
1289 5080 1461 5152 quantitatis
1486 5065 1638 5149 discretae,

276 5168 388 5228 scilicet
403 5182 597 5225 numerorum.
644 5163 788 5223 Viderunt
804 5166 880 5223 enim
902 5164 1113 5242 Pytlragoraci,
1136 5166 1279 5240 perlectas
1302 5166 1438 5223 constitui
1463 5164 1638 5240 harmonias,

276 5256 300 5313 si
323 5253 449 5316 chordae
472 5270 565 5329 aeque
588 5263 688 5311 tensae
712 5254 929 5329 proportionem
952 5251 1081 5311 lrabeant
1102 5254 1222 5309 interae
1245 5250 1435 5326 longitudinis
1460 5252 1587 5330 duplam,
1611 5248 1641 5313 et

278 5346 302 5400 si
323 5342 449 5418 triplam,
473 5351 502 5399 et
524 5343 548 5398 si
573 5337 774 5416 quadruplam,
798 5342 872 5399 inter
895 5356 1031 5397 numeros
1058 5341 1119 5410 1,2
1144 5346 1173 5395 et
1199 5342 1224 5408 1,
1251 5339 1268 5396 3
1293 5347 1322 5396 ct
1348 5342 1374 5411 l,
1391 5342 1419 5395 4.
1465 5337 1548 5413 Quae
1571 5355 1641 5419 pro·-

281 5433 426 5507 portiones
455 5427 589 5487 dicuntur
616 5429 643 5483 in
680 5424 863 5487 arithmetica
892 5424 1077 5502 multiplices.
1130 5424 1256 5482 Rursum
1286 5425 1375 5502 paulo
1411 5429 1640 5504 imperfectiores

279 5534 339 5576 esse
363 5517 570 5576 consonantias
594 5513 782 5579 chordarum.
811 5530 886 5588 quae
910 5513 1019 5570 iaciunt
1043 5514 1257 5588 proportionem
1280 5514 1521 5588 sesquialteram,
1547 5517 1641 5575 hemia

278 5603 395 5677 holiam,
420 5611 449 5663 et
471 5604 694 5678 sesquitertiam,
719 5602 874 5677 epitritorr;
897 5618 938 5658 sc.
962 5601 1034 5658 inter
1051 5616 1186 5659 numerus
1209 5602 1238 5667 2.
1264 5602 1282 5658 3
1305 5611 1335 5659 et
1358 5604 1387 5671 3,
1412 5604 1442 5674 t,
1467 5619 1542 5679 quae
1566 5603 1641 5663 drrrte

279 5693 478 5771 proportiones
502 5690 676 5766 conjunctae
698 5688 809 5749 iaciunt
831 5690 1046 5767 proportionem
1069 5686 1202 5766 duplam,
1236 5688 1314 5748 inter
1333 5705 1472 5749 numeros
1495 5694 1532 5765 i,
1556 5687 1643 5749 duel

330 5802 424 5851 Raptam
438 5800 553 5851 oparrv.
824 5815 828 5820 ·
1456 5796 1474 5853 9
