<?xml version="1.0" encoding="UTF-8"?>
<!DOCTYPE html PUBLIC "-//W3C//DTD XHTML 1.0 Transitional//EN"
    "http://www.w3.org/TR/xhtml1/DTD/xhtml1-transitional.dtd">
<html xmlns="http://www.w3.org/1999/xhtml" xml:lang="en" lang="en">
 <head>
  <title>
</title>
<meta http-equiv="Content-Type" content="text/html;charset=utf-8" />
  <meta name='ocr-system' content='tesseract 3.04.00' />
  <meta name='ocr-capabilities' content='ocr_page ocr_carea ocr_par ocr_line ocrx_word'/>
</head>
<body>
  <div class='ocr_page' id='page_1' title='image "./joanniskepleria09frisgoog_0020.png"; bbox 0 0 3684 7259; ppageno 0'>
   <div class='ocr_carea' id='block_1_1' title="bbox 343 1186 1089 1262">
    <p class='ocr_par' dir='ltr' id='par_1_1' title="bbox 343 1186 1089 1262">
     <span class='ocr_line' id='line_1_1' title="bbox 343 1186 1089 1262; baseline 0.001 -19"><span class='ocrx_word' id='word_1_1' title='bbox 343 1194 362 1253; x_wconf 75' lang='lat' dir='ltr'><strong>a</strong></span> <span class='ocrx_word' id='word_1_2' title='bbox 641 1226 648 1244; x_wconf 76' lang='grc'><strong><em>,</em></strong></span> <span class='ocrx_word' id='word_1_3' title='bbox 834 1256 836 1260; x_wconf 68' lang='lat'><strong>,</strong></span> <span class='ocrx_word' id='word_1_4' title='bbox 919 1186 1089 1262; x_wconf 73' lang='lat' dir='ltr'><strong>Prooemium</strong></span> 
     </span>
    </p>
   </div>
   <div class='ocr_carea' id='block_1_2' title="bbox 340 1366 1684 1708">
    <p class='ocr_par' dir='ltr' id='par_1_2' title="bbox 340 1366 1684 1708">
     <span class='ocr_line' id='line_1_2' title="bbox 342 1366 1682 1446; baseline -0.001 -15"><span class='ocrx_word' id='word_1_5' title='bbox 342 1384 446 1431; x_wconf 87' lang='lat' dir='ltr'><strong>cavere</strong></span> <span class='ocrx_word' id='word_1_6' title='bbox 468 1367 577 1441; x_wconf 91' lang='lat' dir='ltr'><strong>veluit,</strong></span> <span class='ocrx_word' id='word_1_7' title='bbox 606 1383 643 1427; x_wconf 93' lang='lat' dir='ltr'><strong>ne</strong></span> <span class='ocrx_word' id='word_1_8' title='bbox 667 1366 743 1426; x_wconf 89' lang='lat' dir='ltr'><strong>liber</strong></span> <span class='ocrx_word' id='word_1_9' title='bbox 770 1384 841 1427; x_wconf 91' lang='lat' dir='ltr'><strong>suus</strong></span> <span class='ocrx_word' id='word_1_10' title='bbox 868 1367 947 1444; x_wconf 92' lang='lat' dir='ltr'><strong>apud</strong></span> <span class='ocrx_word' id='word_1_11' title='bbox 968 1366 1061 1427; x_wconf 90' lang='lat' dir='ltr'><strong>Italos</strong></span> <span class='ocrx_word' id='word_1_12' title='bbox 1088 1374 1206 1446; x_wconf 91' lang='lat' dir='ltr'><strong>propter</strong></span> <span class='ocrx_word' id='word_1_13' title='bbox 1228 1367 1454 1446; x_wconf 78' lang='lat' dir='ltr'><strong>(iopemiceuas¹</strong></span> <span class='ocrx_word' id='word_1_14' title='bbox 1472 1370 1631 1431; x_wconf 89' lang='lat' dir='ltr'><strong>sententias</strong></span> <span class='ocrx_word' id='word_1_15' title='bbox 1653 1372 1682 1429; x_wconf 92' lang='lat' dir='ltr'><strong>iu</strong></span> 
     </span>
     <span class='ocr_line' id='line_1_3' title="bbox 342 1453 1684 1533; baseline 0.001 -16"><span class='ocrx_word' id='word_1_16' title='bbox 342 1472 378 1517; x_wconf 87' lang='lat' dir='ltr'><strong>eo</strong></span> <span class='ocrx_word' id='word_1_17' title='bbox 399 1454 507 1515; x_wconf 87' lang='lat' dir='ltr'><strong>relatae</strong></span> <span class='ocrx_word' id='word_1_18' title='bbox 534 1453 594 1532; x_wconf 77' lang='lat' dir='ltr'><strong>legi</strong></span> <span class='ocrx_word' id='word_1_19' title='bbox 614 1459 771 1515; x_wconf 84' lang='lat' dir='ltr'><strong>vetaretur.</strong></span> <span class='ocrx_word' id='word_1_20' title='bbox 825 1454 916 1533; x_wconf 82' lang='lat' dir='ltr'><strong>Typis</strong></span> <span class='ocrx_word' id='word_1_21' title='bbox 947 1453 1113 1531; x_wconf 88' lang='lat' dir='ltr'><strong>expressam</strong></span> <span class='ocrx_word' id='word_1_22' title='bbox 1141 1456 1218 1515; x_wconf 91' lang='lat' dir='ltr'><strong>hauc</strong></span> <span class='ocrx_word' id='word_1_23' title='bbox 1250 1455 1514 1532; x_wconf 87' lang='lat' dir='ltr'><strong>,admonitionem“</strong></span> <span class='ocrx_word' id='word_1_24' title='bbox 1544 1475 1602 1517; x_wconf 92' lang='lat' dir='ltr'><strong>non</strong></span> <span class='ocrx_word' id='word_1_25' title='bbox 1630 1457 1684 1519; x_wconf 89' lang='lat' dir='ltr'><strong>de·</strong></span> 
     </span>
     <span class='ocr_line' id='line_1_4' title="bbox 340 1526 1682 1624; baseline 0.003 -23"><span class='ocrx_word' id='word_1_26' title='bbox 340 1541 558 1621; x_wconf 75' lang='lat' dir='ltr'><strong>prehendimus,</strong></span> <span class='ocrx_word' id='word_1_27' title='bbox 580 1548 681 1600; x_wconf 88' lang='lat' dir='ltr'><strong>contra</strong></span> <span class='ocrx_word' id='word_1_28' title='bbox 696 1543 725 1598; x_wconf 95' lang='lat' dir='ltr'><strong>iu</strong></span> <span class='ocrx_word' id='word_1_29' title='bbox 744 1542 949 1620; x_wconf 79' lang='lat' dir='ltr'><strong>manuscriptis</strong></span> <span class='ocrx_word' id='word_1_30' title='bbox 965 1526 1182 1603; x_wconf 81' lang='lat' dir='ltr'><strong>Vieuuedaibus</strong></span> <span class='ocrx_word' id='word_1_31' title='bbox 1197 1543 1343 1621; x_wconf 82' lang='lat' dir='ltr'><strong>exemplar</strong></span> <span class='ocrx_word' id='word_1_32' title='bbox 1358 1562 1376 1603; x_wconf 89' lang='lat' dir='ltr'><strong>e</strong></span> <span class='ocrx_word' id='word_1_33' title='bbox 1391 1544 1519 1624; x_wconf 88' lang='lat' dir='ltr'><strong>Keplero</strong></span> <span class='ocrx_word' id='word_1_34' title='bbox 1535 1548 1682 1622; x_wconf 91' lang='lat' dir='ltr'><strong>scriptum,</strong></span> 
     </span>
     <span class='ocr_line' id='line_1_5' title="bbox 342 1628 709 1708; baseline -0.014 -17"><span class='ocrx_word' id='word_1_35' title='bbox 342 1629 421 1708; x_wconf 86' lang='lat' dir='ltr'><strong>quod</strong></span> <span class='ocrx_word' id='word_1_36' title='bbox 439 1632 503 1707; x_wconf 91' lang='lat' dir='ltr'><strong>jam</strong></span> <span class='ocrx_word' id='word_1_37' title='bbox 523 1628 709 1704; x_wconf 75' lang='lat' dir='ltr'><strong>subiecimus.</strong></span> 
     </span>
    </p>
   </div>
   <div class='ocr_carea' id='block_1_3' title="bbox 376 1787 1636 2002">
    <p class='ocr_par' dir='ltr' id='par_1_3' title="bbox 376 1787 1636 2002">
     <span class='ocr_line' id='line_1_6' title="bbox 378 1787 1636 2001; baseline -0.002 -98"><span class='ocrx_word' id='word_1_38' title='bbox 378 1827 575 1904; x_wconf 89' lang='lat' dir='ltr'><strong>Admonitio</strong></span> <span class='ocrx_word' id='word_1_39' title='bbox 603 1826 648 1897; x_wconf 90' lang='lat' dir='ltr'><strong>ed</strong></span> <span class='ocrx_word' id='word_1_40' title='bbox 675 1825 878 1916; x_wconf 82' lang='lat' dir='ltr'><strong>bibliopolas</strong></span> <span class='ocrx_word' id='word_1_41' title='bbox 902 1787 1064 2001; x_wconf 54' lang='lat' dir='ltr'><strong>gruterus,</strong></span> <span class='ocrx_word' id='word_1_42' title='bbox 1090 1827 1292 1916; x_wconf 89' lang='lat' dir='ltr'><strong>praesertim</strong></span> <span class='ocrx_word' id='word_1_43' title='bbox 1319 1828 1423 1900; x_wconf 91' lang='lat' dir='ltr'><strong>ltalos</strong></span> <span class='ocrx_word' id='word_1_44' title='bbox 1451 1828 1497 1901; x_wconf 89' lang='lat' dir='ltr'><strong>dc</strong></span> <span class='ocrx_word' id='word_1_45' title='bbox 1524 1829 1636 1920; x_wconf 84' lang='lat' dir='ltr'><strong>Opere</strong></span> 
     </span>
     <span class='ocr_line' id='line_1_7' title="bbox 376 1949 1117 2002; baseline 0.007 -5"><span class='ocrx_word' id='word_1_46' title='bbox 376 1974 379 1977; x_wconf 93' lang='lat'>-</span> <span class='ocrx_word' id='word_1_47' title='bbox 935 1949 1117 2002; x_wconf 85' lang='lat' dir='ltr'><strong>ermenteo.</strong></span> 
     </span>
    </p>
   </div>
   <div class='ocr_carea' id='block_1_4' title="bbox 255 2060 1752 3806">
    <p class='ocr_par' dir='ltr' id='par_1_4' title="bbox 255 2060 1752 3806">
     <span class='ocr_line' id='line_1_8' title="bbox 442 2060 1681 2143; baseline 0.003 -20"><span class='ocrx_word' id='word_1_48' title='bbox 442 2062 552 2142; x_wconf 87' lang='lat' dir='ltr'><strong>Scripsi</strong></span> <span class='ocrx_word' id='word_1_49' title='bbox 580 2062 653 2123; x_wconf 91' lang='lat' dir='ltr'><strong>baec</strong></span> <span class='ocrx_word' id='word_1_50' title='bbox 675 2061 763 2122; x_wconf 91' lang='lat' dir='ltr'><strong>bomo</strong></span> <span class='ocrx_word' id='word_1_51' title='bbox 786 2060 963 2137; x_wconf 86' lang='lat' dir='ltr'><strong>Germanus,</strong></span> <span class='ocrx_word' id='word_1_52' title='bbox 991 2080 1072 2124; x_wconf 90' lang='lat' dir='ltr'><strong>more</strong></span> <span class='ocrx_word' id='word_1_53' title='bbox 1093 2069 1123 2124; x_wconf 89' lang='lat' dir='ltr'><strong>et</strong></span> <span class='ocrx_word' id='word_1_54' title='bbox 1144 2062 1278 2125; x_wconf 88' lang='lat' dir='ltr'><strong>libertate</strong></span> <span class='ocrx_word' id='word_1_55' title='bbox 1301 2061 1492 2143; x_wconf 80' lang='lat' dir='ltr'><strong>Germanica3</strong></span> <span class='ocrx_word' id='word_1_56' title='bbox 1525 2083 1600 2143; x_wconf 87' lang='lat' dir='ltr'><strong>quae</strong></span> <span class='ocrx_word' id='word_1_57' title='bbox 1623 2084 1681 2142; x_wconf 87' lang='lat' dir='ltr'><strong>quo</strong></span> 
     </span>
     <span class='ocr_line' id='line_1_9' title="bbox 339 2147 1681 2230; baseline -0.001 -14"><span class='ocrx_word' id='word_1_58' title='bbox 339 2153 432 2230; x_wconf 88' lang='lat' dir='ltr'><strong>major</strong></span> <span class='ocrx_word' id='word_1_59' title='bbox 454 2158 514 2226; x_wconf 91' lang='lat' dir='ltr'><strong>est,</strong></span> <span class='ocrx_word' id='word_1_60' title='bbox 545 2149 601 2211; x_wconf 96' lang='lat' dir='ltr'><strong>hoc</strong></span> <span class='ocrx_word' id='word_1_61' title='bbox 622 2148 689 2227; x_wconf 88' lang='lat' dir='ltr'><strong>plus</strong></span> <span class='ocrx_word' id='word_1_62' title='bbox 711 2148 780 2210; x_wconf 86' lang='lat' dir='ltr'><strong>fidei</strong></span> <span class='ocrx_word' id='word_1_63' title='bbox 809 2147 945 2209; x_wconf 91' lang='lat' dir='ltr'><strong>conciliat</strong></span> <span class='ocrx_word' id='word_1_64' title='bbox 973 2152 1147 2227; x_wconf 78' lang='lat' dir='ltr'><strong>ingenuitati</strong></span> <span class='ocrx_word' id='word_1_65' title='bbox 1175 2150 1453 2229; x_wconf 90' lang='lat' dir='ltr'><strong>philosophantium.</strong></span> <span class='ocrx_word' id='word_1_66' title='bbox 1498 2152 1681 2215; x_wconf 83' lang='lat' dir='ltr'><strong>Christianus</strong></span> 
     </span>
     <span class='ocr_line' id='line_1_10' title="bbox 339 2235 1684 2317; baseline 0.002 -15"><span class='ocrx_word' id='word_1_67' title='bbox 339 2250 437 2302; x_wconf 74' lang='lat' dir='ltr'><strong>mmeu</strong></span> <span class='ocrx_word' id='word_1_68' title='bbox 459 2256 532 2313; x_wconf 89' lang='lat' dir='ltr'><strong>sum,</strong></span> <span class='ocrx_word' id='word_1_69' title='bbox 555 2236 705 2298; x_wconf 80' lang='lat' dir='ltr'><strong>Ecclesiae</strong></span> <span class='ocrx_word' id='word_1_70' title='bbox 726 2235 817 2311; x_wconf 86' lang='lat' dir='ltr'><strong>tilius,</strong></span> <span class='ocrx_word' id='word_1_71' title='bbox 841 2244 870 2296; x_wconf 91' lang='lat' dir='ltr'><strong>et</strong></span> <span class='ocrx_word' id='word_1_72' title='bbox 892 2236 1054 2298; x_wconf 88' lang='lat' dir='ltr'><strong>doctrinam</strong></span> <span class='ocrx_word' id='word_1_73' title='bbox 1078 2237 1274 2313; x_wconf 83' lang='lat' dir='ltr'><strong>catholicam,</strong></span> <span class='ocrx_word' id='word_1_74' title='bbox 1299 2245 1436 2315; x_wconf 86' lang='lat' dir='ltr'><strong>quautam</strong></span> <span class='ocrx_word' id='word_1_75' title='bbox 1459 2240 1523 2317; x_wconf 84' lang='lat' dir='ltr'><strong>ejus</strong></span> <span class='ocrx_word' id='word_1_76' title='bbox 1546 2241 1583 2302; x_wconf 93' lang='lat' dir='ltr'><strong>ad</strong></span> <span class='ocrx_word' id='word_1_77' title='bbox 1605 2242 1684 2306; x_wconf 86' lang='lat' dir='ltr'><strong>hauc</strong></span> 
     </span>
     <span class='ocr_line' id='line_1_11' title="bbox 339 2325 1682 2405; baseline 0 -16"><span class='ocrx_word' id='word_1_78' title='bbox 339 2344 432 2405; x_wconf 89' lang='lat' dir='ltr'><strong>usque</strong></span> <span class='ocrx_word' id='word_1_79' title='bbox 453 2343 548 2386; x_wconf 90' lang='lat' dir='ltr'><strong>meam</strong></span> <span class='ocrx_word' id='word_1_80' title='bbox 569 2331 696 2387; x_wconf 89' lang='lat' dir='ltr'><strong>aetatem</strong></span> <span class='ocrx_word' id='word_1_81' title='bbox 718 2341 821 2402; x_wconf 88' lang='lat' dir='ltr'><strong>capere</strong></span> <span class='ocrx_word' id='word_1_82' title='bbox 842 2325 941 2401; x_wconf 87' lang='lat' dir='ltr'><strong>potui,</strong></span> <span class='ocrx_word' id='word_1_83' title='bbox 971 2342 1030 2384; x_wconf 91' lang='lat' dir='ltr'><strong>nou</strong></span> <span class='ocrx_word' id='word_1_84' title='bbox 1056 2325 1209 2386; x_wconf 90' lang='lat' dir='ltr'><strong>voluntate</strong></span> <span class='ocrx_word' id='word_1_85' title='bbox 1231 2334 1343 2386; x_wconf 89' lang='lat' dir='ltr'><strong>tautum</strong></span> <span class='ocrx_word' id='word_1_86' title='bbox 1372 2326 1547 2404; x_wconf 86' lang='lat' dir='ltr'><strong>amplector,</strong></span> <span class='ocrx_word' id='word_1_87' title='bbox 1577 2329 1628 2388; x_wconf 90' lang='lat' dir='ltr'><strong>sed</strong></span> <span class='ocrx_word' id='word_1_88' title='bbox 1652 2336 1682 2389; x_wconf 91' lang='lat' dir='ltr'><strong>et</strong></span> 
     </span>
     <span class='ocr_line' id='line_1_12' title="bbox 335 2411 1682 2493; baseline 0 -18"><span class='ocrx_word' id='word_1_89' title='bbox 335 2416 447 2493; x_wconf 90' lang='lat' dir='ltr'><strong>judicio</strong></span> <span class='ocrx_word' id='word_1_90' title='bbox 476 2414 652 2490; x_wconf 81' lang='lat' dir='ltr'><strong>comprob03</strong></span> <span class='ocrx_word' id='word_1_91' title='bbox 687 2412 765 2488; x_wconf 90' lang='lat' dir='ltr'><strong>quod</strong></span> <span class='ocrx_word' id='word_1_92' title='bbox 794 2428 853 2471; x_wconf 90' lang='lat' dir='ltr'><strong>nou</strong></span> <span class='ocrx_word' id='word_1_93' title='bbox 882 2428 941 2471; x_wconf 96' lang='lat' dir='ltr'><strong>uno</strong></span> <span class='ocrx_word' id='word_1_94' title='bbox 971 2411 1036 2473; x_wconf 91' lang='lat' dir='ltr'><strong>loeo</strong></span> <span class='ocrx_word' id='word_1_95' title='bbox 1072 2412 1159 2489; x_wconf 83' lang='lat' dir='ltr'><strong>hujus</strong></span> <span class='ocrx_word' id='word_1_96' title='bbox 1194 2416 1290 2490; x_wconf 92' lang='lat' dir='ltr'><strong>operis</strong></span> <span class='ocrx_word' id='word_1_97' title='bbox 1320 2411 1525 2474; x_wconf 89' lang='lat' dir='ltr'><strong>demonstravi.</strong></span> <span class='ocrx_word' id='word_1_98' title='bbox 1578 2416 1682 2476; x_wconf 81' lang='lat' dir='ltr'><strong>Celere</strong></span> 
     </span>
     <span class='ocr_line' id='line_1_13' title="bbox 339 2498 1681 2581; baseline -0.001 -18"><span class='ocrx_word' id='word_1_99' title='bbox 339 2505 427 2581; x_wconf 80' lang='lat' dir='ltr'><strong>igitur</strong></span> <span class='ocrx_word' id='word_1_100' title='bbox 448 2518 564 2562; x_wconf 88' lang='lat' dir='ltr'><strong>securos</strong></span> <span class='ocrx_word' id='word_1_101' title='bbox 586 2516 641 2560; x_wconf 91' lang='lat' dir='ltr'><strong>vos</strong></span> <span class='ocrx_word' id='word_1_102' title='bbox 661 2498 786 2559; x_wconf 90' lang='lat' dir='ltr'><strong>reddunt</strong></span> <span class='ocrx_word' id='word_1_103' title='bbox 807 2506 987 2576; x_wconf 75' lang='lat' dir='ltr'><strong>possuntque</strong></span> <span class='ocrx_word' id='word_1_104' title='bbox 1006 2500 1078 2560; x_wconf 85' lang='lat' dir='ltr'><strong>ferre</strong></span> <span class='ocrx_word' id='word_1_105' title='bbox 1101 2506 1153 2560; x_wconf 88' lang='lat' dir='ltr'><strong>aut</strong></span> <span class='ocrx_word' id='word_1_106' title='bbox 1167 2508 1243 2561; x_wconf 92' lang='lat' dir='ltr'><strong>certe</strong></span> <span class='ocrx_word' id='word_1_107' title='bbox 1258 2518 1317 2560; x_wconf 91' lang='lat' dir='ltr'><strong>uon</strong></span> <span class='ocrx_word' id='word_1_108' title='bbox 1342 2501 1529 2562; x_wconf 82' lang='lat' dir='ltr'><strong>reformidant</strong></span> <span class='ocrx_word' id='word_1_109' title='bbox 1544 2520 1681 2563; x_wconf 86' lang='lat' dir='ltr'><strong>censuras</strong></span> 
     </span>
     <span class='ocr_line' id='line_1_14' title="bbox 339 2585 1682 2665; baseline -0.001 -13"><span class='ocrx_word' id='word_1_110' title='bbox 339 2592 443 2652; x_wconf 87' lang='lat' dir='ltr'><strong>vestris</strong></span> <span class='ocrx_word' id='word_1_111' title='bbox 465 2589 624 2665; x_wconf 90' lang='lat' dir='ltr'><strong>provinciis</strong></span> <span class='ocrx_word' id='word_1_112' title='bbox 646 2588 784 2663; x_wconf 70' lang='lat' dir='ltr'><strong>usitatas,</strong></span> <span class='ocrx_word' id='word_1_113' title='bbox 816 2588 847 2645; x_wconf 94' lang='lat' dir='ltr'><strong>in</strong></span> <span class='ocrx_word' id='word_1_114' title='bbox 870 2604 929 2645; x_wconf 90' lang='lat' dir='ltr'><strong>uuo</strong></span> <span class='ocrx_word' id='word_1_115' title='bbox 951 2585 1058 2648; x_wconf 86' lang='lat' dir='ltr'><strong>Terrae</strong></span> <span class='ocrx_word' id='word_1_116' title='bbox 1079 2592 1161 2647; x_wconf 85' lang='lat' dir='ltr'><strong>motu</strong></span> <span class='ocrx_word' id='word_1_117' title='bbox 1185 2589 1261 2649; x_wconf 89' lang='lat' dir='ltr'><strong>circa</strong></span> <span class='ocrx_word' id='word_1_118' title='bbox 1284 2587 1383 2649; x_wconf 86' lang='lat' dir='ltr'><strong>Solem</strong></span> <span class='ocrx_word' id='word_1_119' title='bbox 1405 2606 1502 2649; x_wconf 87' lang='lat' dir='ltr'><strong>annuo</strong></span> <span class='ocrx_word' id='word_1_120' title='bbox 1524 2590 1682 2650; x_wconf 80' lang='lat' dir='ltr'><strong>difficultas</strong></span> 
     </span>
     <span class='ocr_line' id='line_1_15' title="bbox 340 2673 1680 2753; baseline -0.001 -15"><span class='ocrx_word' id='word_1_121' title='bbox 340 2680 439 2751; x_wconf 88' lang='lat' dir='ltr'><strong>oritur,</strong></span> <span class='ocrx_word' id='word_1_122' title='bbox 468 2693 504 2735; x_wconf 89' lang='lat' dir='ltr'><strong>so</strong></span> <span class='ocrx_word' id='word_1_123' title='bbox 526 2673 605 2752; x_wconf 89' lang='lat' dir='ltr'><strong>quod</strong></span> <span class='ocrx_word' id='word_1_124' title='bbox 626 2675 845 2753; x_wconf 77' lang='lat' dir='ltr'><strong>inoportunitate</strong></span> <span class='ocrx_word' id='word_1_125' title='bbox 867 2674 1057 2749; x_wconf 87' lang='lat' dir='ltr'><strong>quorundam,</strong></span> <span class='ocrx_word' id='word_1_126' title='bbox 1081 2675 1220 2752; x_wconf 79' lang='lat' dir='ltr'><strong>dogmata</strong></span> <span class='ocrx_word' id='word_1_127' title='bbox 1242 2678 1436 2737; x_wconf 78' lang='lat' dir='ltr'><strong>esbonomica</strong></span> <span class='ocrx_word' id='word_1_128' title='bbox 1457 2677 1523 2737; x_wconf 88' lang='lat' dir='ltr'><strong>loco</strong></span> <span class='ocrx_word' id='word_1_129' title='bbox 1544 2694 1601 2736; x_wconf 93' lang='lat' dir='ltr'><strong>uon</strong></span> <span class='ocrx_word' id='word_1_130' title='bbox 1625 2695 1680 2737; x_wconf 91' lang='lat' dir='ltr'><strong>suo</strong></span> 
     </span>
     <span class='ocr_line' id='line_1_16' title="bbox 338 2758 1679 2841; baseline -0.002 -16"><span class='ocrx_word' id='word_1_131' title='bbox 338 2782 394 2825; x_wconf 88' lang='lat' dir='ltr'><strong>nec</strong></span> <span class='ocrx_word' id='word_1_132' title='bbox 416 2780 474 2841; x_wconf 89' lang='lat' dir='ltr'><strong>qua</strong></span> <span class='ocrx_word' id='word_1_133' title='bbox 500 2780 554 2840; x_wconf 92' lang='lat' dir='ltr'><strong>par</strong></span> <span class='ocrx_word' id='word_1_134' title='bbox 580 2770 641 2822; x_wconf 89' lang='lat' dir='ltr'><strong>erat</strong></span> <span class='ocrx_word' id='word_1_135' title='bbox 667 2758 805 2827; x_wconf 87' lang='lat' dir='ltr'><strong>methodo</strong></span> <span class='ocrx_word' id='word_1_136' title='bbox 826 2763 1065 2838; x_wconf 85' lang='lat' dir='ltr'><strong>proponentium,</strong></span> <span class='ocrx_word' id='word_1_137' title='bbox 1096 2763 1228 2823; x_wconf 82' lang='lat' dir='ltr'><strong>effectum</strong></span> <span class='ocrx_word' id='word_1_138' title='bbox 1258 2770 1316 2838; x_wconf 91' lang='lat' dir='ltr'><strong>cet,</strong></span> <span class='ocrx_word' id='word_1_139' title='bbox 1348 2771 1381 2823; x_wconf 93' lang='lat' dir='ltr'><strong>ut</strong></span> <span class='ocrx_word' id='word_1_140' title='bbox 1407 2766 1494 2824; x_wconf 90' lang='lat' dir='ltr'><strong>lectio</strong></span> <span class='ocrx_word' id='word_1_141' title='bbox 1517 2764 1679 2840; x_wconf 84' lang='lat' dir='ltr'><strong>Copemici,</strong></span> 
     </span>
     <span class='ocr_line' id='line_1_17' title="bbox 340 2846 1680 2932; baseline -0.002 -19"><span class='ocrx_word' id='word_1_142' title='bbox 340 2869 416 2930; x_wconf 90' lang='lat' dir='ltr'><strong>quae</strong></span> <span class='ocrx_word' id='word_1_143' title='bbox 443 2850 481 2909; x_wconf 92' lang='lat' dir='ltr'><strong>ab</strong></span> <span class='ocrx_word' id='word_1_144' title='bbox 513 2851 595 2909; x_wconf 90' lang='lat' dir='ltr'><strong>aunis</strong></span> <span class='ocrx_word' id='word_1_145' title='bbox 624 2849 713 2926; x_wconf 86' lang='lat' dir='ltr'><strong>paulo</strong></span> <span class='ocrx_word' id='word_1_146' title='bbox 742 2850 838 2907; x_wconf 89' lang='lat' dir='ltr'><strong>miuus</strong></span> <span class='ocrx_word' id='word_1_147' title='bbox 854 2849 1018 2926; x_wconf 82' lang='lat' dir='ltr'><strong>octoginta</strong></span> <span class='ocrx_word' id='word_1_148' title='bbox 1049 2846 1103 2932; x_wconf 86' lang='lat' dir='ltr'><strong>(ex</strong></span> <span class='ocrx_word' id='word_1_149' title='bbox 1128 2868 1186 2927; x_wconf 89' lang='lat' dir='ltr'><strong>quo</strong></span> <span class='ocrx_word' id='word_1_150' title='bbox 1208 2850 1303 2910; x_wconf 90' lang='lat' dir='ltr'><strong>Paulo</strong></span> <span class='ocrx_word' id='word_1_151' title='bbox 1324 2850 1380 2910; x_wconf 90' lang='lat'>111.</span> <span class='ocrx_word' id='word_1_152' title='bbox 1404 2850 1524 2912; x_wconf 89' lang='lat' dir='ltr'><strong>Summo</strong></span> <span class='ocrx_word' id='word_1_153' title='bbox 1544 2849 1680 2913; x_wconf 85' lang='lat' dir='ltr'><strong>Pontifici</strong></span> 
     </span>
     <span class='ocr_line' id='line_1_18' title="bbox 255 2932 1679 3018; baseline -0.001 -18"><span class='ocrx_word' id='word_1_154' title='bbox 255 3004 257 3007; x_wconf 10' lang='grc' dir='ltr'><em>Α</em></span> <span class='ocrx_word' id='word_1_155' title='bbox 340 2956 414 3017; x_wconf 88' lang='lat' dir='ltr'><strong>opus</strong></span> <span class='ocrx_word' id='word_1_156' title='bbox 437 2932 617 3018; x_wconf 89' lang='lat' dir='ltr'><strong>dedicatum)</strong></span> <span class='ocrx_word' id='word_1_157' title='bbox 644 2936 791 2996; x_wconf 91' lang='lat' dir='ltr'><strong>liberrime</strong></span> <span class='ocrx_word' id='word_1_158' title='bbox 815 2936 883 3010; x_wconf 84' lang='lat' dir='ltr'><strong>tuit,</strong></span> <span class='ocrx_word' id='word_1_159' title='bbox 912 2953 1054 3013; x_wconf 85' lang='lat' dir='ltr'><strong>suspensa</strong></span> <span class='ocrx_word' id='word_1_160' title='bbox 1081 2954 1167 3015; x_wconf 89' lang='lat' dir='ltr'><strong>porro</strong></span> <span class='ocrx_word' id='word_1_161' title='bbox 1190 2938 1239 3012; x_wconf 88' lang='lat' dir='ltr'><strong>sit,</strong></span> <span class='ocrx_word' id='word_1_162' title='bbox 1270 2936 1363 2999; x_wconf 90' lang='lat' dir='ltr'><strong>donec</strong></span> <span class='ocrx_word' id='word_1_163' title='bbox 1394 2955 1468 3015; x_wconf 89' lang='lat' dir='ltr'><strong>opus</strong></span> <span class='ocrx_word' id='word_1_164' title='bbox 1496 2938 1679 2999; x_wconf 70' lang='lat' dir='ltr'><strong>emendatore</strong></span> 
     </span>
     <span class='ocr_line' id='line_1_19' title="bbox 340 3022 1752 3105; baseline 0 -20"><span class='ocrx_word' id='word_1_165' title='bbox 340 3026 417 3105; x_wconf 90' lang='lat' dir='ltr'><strong>quod</strong></span> <span class='ocrx_word' id='word_1_166' title='bbox 441 3041 496 3102; x_wconf 86' lang='lat' dir='ltr'><strong>ego</strong></span> <span class='ocrx_word' id='word_1_167' title='bbox 518 3024 664 3085; x_wconf 79' lang='lat' dir='ltr'><strong>seniculus</strong></span> <span class='ocrx_word' id='word_1_168' title='bbox 683 3024 746 3100; x_wconf 91' lang='lat' dir='ltr'><strong>jam</strong></span> <span class='ocrx_word' id='word_1_169' title='bbox 762 3022 914 3101; x_wconf 82' lang='lat' dir='ltr'><strong>copemici</strong></span> <span class='ocrx_word' id='word_1_170' title='bbox 938 3022 1107 3100; x_wconf 88' lang='lat' dir='ltr'><strong>discipulus,</strong></span> <span class='ocrx_word' id='word_1_171' title='bbox 1130 3030 1271 3102; x_wconf 85' lang='lat' dir='ltr'><strong>atquem</strong></span> <span class='ocrx_word' id='word_1_172' title='bbox 1289 3026 1353 3102; x_wconf 89' lang='lat' dir='ltr'><strong>jem</strong></span> <span class='ocrx_word' id='word_1_173' title='bbox 1367 3044 1385 3085; x_wconf 92' lang='lat' dir='ltr'><strong>a</strong></span> <span class='ocrx_word' id='word_1_174' title='bbox 1400 3028 1440 3086; x_wconf 80' lang='lat'><strong>26</strong></span> <span class='ocrx_word' id='word_1_175' title='bbox 1464 3029 1548 3086; x_wconf 89' lang='lat' dir='ltr'><strong>aunis</strong></span> <span class='ocrx_word' id='word_1_176' title='bbox 1563 3044 1679 3104; x_wconf 90' lang='lat' dir='ltr'><strong>sequor,</strong></span> <span class='ocrx_word' id='word_1_177' title='bbox 1749 3097 1752 3105; x_wconf 28' lang='grc' dir='ltr'>Ι</span> 
     </span>
     <span class='ocr_line' id='line_1_20' title="bbox 339 3109 1680 3191; baseline -0.001 -17"><span class='ocrx_word' id='word_1_178' title='bbox 339 3131 430 3191; x_wconf 88' lang='lat' dir='ltr'><strong>nuper</strong></span> <span class='ocrx_word' id='word_1_179' title='bbox 452 3112 607 3174; x_wconf 86' lang='lat' dir='ltr'><strong>admodum</strong></span> <span class='ocrx_word' id='word_1_180' title='bbox 630 3111 667 3171; x_wconf 89' lang='lat' dir='ltr'><strong>ah</strong></span> <span class='ocrx_word' id='word_1_181' title='bbox 690 3109 803 3172; x_wconf 84' lang='lat' dir='ltr'><strong>idoneis</strong></span> <span class='ocrx_word' id='word_1_182' title='bbox 824 3112 939 3171; x_wconf 88' lang='lat' dir='ltr'><strong>rescivi.</strong></span> <span class='ocrx_word' id='word_1_183' title='bbox 973 3110 1147 3189; x_wconf 87' lang='lat' dir='ltr'><strong>Quanquam</strong></span> <span class='ocrx_word' id='word_1_184' title='bbox 1168 3129 1227 3172; x_wconf 94' lang='lat' dir='ltr'><strong>uon</strong></span> <span class='ocrx_word' id='word_1_185' title='bbox 1243 3111 1355 3183; x_wconf 60' lang='lat' dir='ltr'><strong>‚desunt</strong></span> <span class='ocrx_word' id='word_1_186' title='bbox 1375 3114 1430 3172; x_wconf 88' lang='lat' dir='ltr'><strong>viri</strong></span> <span class='ocrx_word' id='word_1_187' title='bbox 1454 3131 1490 3174; x_wconf 86' lang='lat' dir='ltr'><strong>cx</strong></span> <span class='ocrx_word' id='word_1_188' title='bbox 1512 3113 1680 3174; x_wconf 88' lang='lat' dir='ltr'><strong>clarissimis</strong></span> 
     </span>
     <span class='ocr_line' id='line_1_21' title="bbox 340 3197 1678 3278; baseline 0 -16"><span class='ocrx_word' id='word_1_189' title='bbox 340 3201 504 3275; x_wconf 87' lang='lat' dir='ltr'><strong>ordinibus,</strong></span> <span class='ocrx_word' id='word_1_190' title='bbox 533 3199 661 3274; x_wconf 87' lang='lat' dir='ltr'><strong>politicis</strong></span> <span class='ocrx_word' id='word_1_191' title='bbox 683 3205 712 3258; x_wconf 91' lang='lat' dir='ltr'><strong>et</strong></span> <span class='ocrx_word' id='word_1_192' title='bbox 734 3197 948 3273; x_wconf 89' lang='lat' dir='ltr'><strong>ecclesiasticis,</strong></span> <span class='ocrx_word' id='word_1_193' title='bbox 971 3200 1021 3276; x_wconf 89' lang='lat' dir='ltr'><strong>qui</strong></span> <span class='ocrx_word' id='word_1_194' title='bbox 1043 3206 1225 3260; x_wconf 84' lang='lat' dir='ltr'><strong>astronomos</strong></span> <span class='ocrx_word' id='word_1_195' title='bbox 1248 3199 1322 3260; x_wconf 90' lang='lat' dir='ltr'><strong>bene</strong></span> <span class='ocrx_word' id='word_1_196' title='bbox 1344 3218 1460 3277; x_wconf 89' lang='lat' dir='ltr'><strong>sperare</strong></span> <span class='ocrx_word' id='word_1_197' title='bbox 1481 3201 1618 3278; x_wconf 87' lang='lat' dir='ltr'><strong>jubeant,</strong></span> <span class='ocrx_word' id='word_1_198' title='bbox 1643 3219 1678 3262; x_wconf 92' lang='lat' dir='ltr'><strong>eo</strong></span> 
     </span>
     <span class='ocr_line' id='line_1_22' title="bbox 340 3285 1678 3368; baseline 0 -19"><span class='ocrx_word' id='word_1_199' title='bbox 340 3287 418 3368; x_wconf 86' lang='lat' dir='ltr'><strong>quod</strong></span> <span class='ocrx_word' id='word_1_200' title='bbox 445 3304 500 3348; x_wconf 88' lang='lat' dir='ltr'><strong>uec</strong></span> <span class='ocrx_word' id='word_1_201' title='bbox 525 3285 667 3365; x_wconf 86' lang='lat' dir='ltr'><strong>perlatam</strong></span> <span class='ocrx_word' id='word_1_202' title='bbox 696 3285 773 3346; x_wconf 90' lang='lat' dir='ltr'><strong>hauc</strong></span> <span class='ocrx_word' id='word_1_203' title='bbox 801 3302 968 3362; x_wconf 90' lang='lat' dir='ltr'><strong>censuram,</strong></span> <span class='ocrx_word' id='word_1_204' title='bbox 1001 3303 1055 3347; x_wconf 92' lang='lat' dir='ltr'><strong>uec</strong></span> <span class='ocrx_word' id='word_1_205' title='bbox 1081 3286 1209 3347; x_wconf 85' lang='lat' dir='ltr'><strong>libertati</strong></span> <span class='ocrx_word' id='word_1_206' title='bbox 1236 3285 1403 3364; x_wconf 88' lang='lat' dir='ltr'><strong>disputandi</strong></span> <span class='ocrx_word' id='word_1_207' title='bbox 1433 3288 1469 3348; x_wconf 93' lang='lat' dir='ltr'><strong>de</strong></span> <span class='ocrx_word' id='word_1_208' title='bbox 1491 3289 1578 3348; x_wconf 90' lang='lat' dir='ltr'><strong>rebus</strong></span> <span class='ocrx_word' id='word_1_209' title='bbox 1600 3307 1678 3350; x_wconf 89' lang='lat' dir='ltr'><strong>mers</strong></span> 
     </span>
     <span class='ocr_line' id='line_1_23' title="bbox 339 3373 1678 3452; baseline -0.001 -15"><span class='ocrx_word' id='word_1_210' title='bbox 339 3376 519 3437; x_wconf 89' lang='lat' dir='ltr'><strong>naturalibus</strong></span> <span class='ocrx_word' id='word_1_211' title='bbox 539 3373 760 3449; x_wconf 88' lang='lat' dir='ltr'><strong>illustrandique</strong></span> <span class='ocrx_word' id='word_1_212' title='bbox 783 3373 839 3433; x_wconf 91' lang='lat' dir='ltr'><strong>Dei</strong></span> <span class='ocrx_word' id='word_1_213' title='bbox 862 3390 952 3452; x_wconf 90' lang='lat' dir='ltr'><strong>opera</strong></span> <span class='ocrx_word' id='word_1_214' title='bbox 974 3376 1137 3451; x_wconf 84' lang='lat' dir='ltr'><strong>oppositam</strong></span> <span class='ocrx_word' id='word_1_215' title='bbox 1159 3392 1211 3452; x_wconf 94' lang='lat' dir='ltr'><strong>pro</strong></span> <span class='ocrx_word' id='word_1_216' title='bbox 1233 3376 1375 3451; x_wconf 79' lang='lat' dir='ltr'><strong>repagulo</strong></span> <span class='ocrx_word' id='word_1_217' title='bbox 1398 3375 1538 3436; x_wconf 84' lang='lat' dir='ltr'><strong>dictitent.</strong></span> <span class='ocrx_word' id='word_1_218' title='bbox 1569 3374 1678 3435; x_wconf 72' lang='lat' dir='ltr'><strong>‘Enim-</strong></span> 
     </span>
     <span class='ocr_line' id='line_1_24' title="bbox 338 3459 1678 3539; baseline -0.001 -14"><span class='ocrx_word' id='word_1_219' title='bbox 338 3481 408 3525; x_wconf 89' lang='lat' dir='ltr'><strong>vero</strong></span> <span class='ocrx_word' id='word_1_220' title='bbox 438 3481 491 3524; x_wconf 87' lang='lat' dir='ltr'><strong>seu</strong></span> <span class='ocrx_word' id='word_1_221' title='bbox 517 3462 598 3538; x_wconf 87' lang='lat' dir='ltr'><strong>jecta</strong></span> <span class='ocrx_word' id='word_1_222' title='bbox 626 3463 665 3520; x_wconf 93' lang='lat' dir='ltr'><strong>sit</strong></span> <span class='ocrx_word' id='word_1_223' title='bbox 694 3459 772 3535; x_wconf 86' lang='grc' dir='ltr'>εΙεε,</span> <span class='ocrx_word' id='word_1_224' title='bbox 802 3477 853 3521; x_wconf 90' lang='lat' dir='ltr'><strong>seu</strong></span> <span class='ocrx_word' id='word_1_225' title='bbox 876 3463 906 3519; x_wconf 89' lang='lat' dir='ltr'><strong>in</strong></span> <span class='ocrx_word' id='word_1_226' title='bbox 934 3461 1094 3538; x_wconf 88' lang='lat' dir='ltr'><strong>pericolum</strong></span> <span class='ocrx_word' id='word_1_227' title='bbox 1121 3479 1167 3523; x_wconf 87' lang='lat' dir='ltr'><strong>res</strong></span> <span class='ocrx_word' id='word_1_228' title='bbox 1193 3460 1333 3537; x_wconf 87' lang='lat' dir='ltr'><strong>adducta,</strong></span> <span class='ocrx_word' id='word_1_229' title='bbox 1366 3461 1482 3539; x_wconf 91' lang='lat' dir='ltr'><strong>culpam</strong></span> <span class='ocrx_word' id='word_1_230' title='bbox 1505 3479 1560 3539; x_wconf 82' lang='lat' dir='ltr'><strong>ego</strong></span> <span class='ocrx_word' id='word_1_231' title='bbox 1581 3482 1678 3524; x_wconf 86' lang='lat' dir='ltr'><strong>meam</strong></span> 
     </span>
     <span class='ocr_line' id='line_1_25' title="bbox 339 3548 1715 3630; baseline -0.001 -17"><span class='ocrx_word' id='word_1_232' title='bbox 339 3555 462 3630; x_wconf 83' lang='lat' dir='ltr'><strong>ingenue</strong></span> <span class='ocrx_word' id='word_1_233' title='bbox 477 3551 579 3624; x_wconf 82' lang='lat' dir='ltr'><strong>fateor,</strong></span> <span class='ocrx_word' id='word_1_234' title='bbox 602 3550 652 3625; x_wconf 90' lang='lat' dir='ltr'><strong>qui</strong></span> <span class='ocrx_word' id='word_1_235' title='bbox 675 3549 858 3609; x_wconf 85' lang='lat' dir='ltr'><strong>cunctatione</strong></span> <span class='ocrx_word' id='word_1_236' title='bbox 880 3550 971 3609; x_wconf 90' lang='lat' dir='ltr'><strong>nimia</strong></span> <span class='ocrx_word' id='word_1_237' title='bbox 991 3566 1121 3609; x_wconf 90' lang='lat' dir='ltr'><strong>meorum</strong></span> <span class='ocrx_word' id='word_1_238' title='bbox 1143 3566 1262 3627; x_wconf 91' lang='lat' dir='ltr'><strong>operum</strong></span> <span class='ocrx_word' id='word_1_239' title='bbox 1278 3548 1494 3628; x_wconf 89' lang='lat' dir='ltr'><strong>philosophiam</strong></span> <span class='ocrx_word' id='word_1_240' title='bbox 1511 3550 1677 3613; x_wconf 79' lang='lat' dir='ltr'><strong>defensioue</strong></span> <span class='ocrx_word' id='word_1_241' title='bbox 1711 3548 1715 3551; x_wconf 76' lang='grc'><strong>’</strong></span> 
     </span>
     <span class='ocr_line' id='line_1_26' title="bbox 338 3636 1678 3720; baseline 0 -20"><span class='ocrx_word' id='word_1_242' title='bbox 338 3659 393 3700; x_wconf 90' lang='lat' dir='ltr'><strong>sua</strong></span> <span class='ocrx_word' id='word_1_243' title='bbox 415 3639 583 3720; x_wconf 79' lang='lat' dir='ltr'><strong>destitutam</strong></span> <span class='ocrx_word' id='word_1_244' title='bbox 603 3636 765 3715; x_wconf 79' lang='lat' dir='ltr'><strong>praeveniri</strong></span> <span class='ocrx_word' id='word_1_245' title='bbox 788 3653 987 3713; x_wconf 83' lang='lat' dir='ltr'><strong>eompassus.</strong></span> <span class='ocrx_word' id='word_1_246' title='bbox 1024 3637 1099 3696; x_wconf 86' lang='lat' dir='ltr'><strong>Nam</strong></span> <span class='ocrx_word' id='word_1_247' title='bbox 1121 3638 1259 3713; x_wconf 86' lang='lat' dir='ltr'><strong>prefecto,</strong></span> <span class='ocrx_word' id='word_1_248' title='bbox 1283 3640 1308 3700; x_wconf 94' lang='lat' dir='ltr'><strong>ei</strong></span> <span class='ocrx_word' id='word_1_249' title='bbox 1331 3638 1400 3714; x_wconf 89' lang='lat' dir='ltr'><strong>quid</strong></span> <span class='ocrx_word' id='word_1_250' title='bbox 1423 3656 1479 3715; x_wconf 84' lang='lat' dir='ltr'><strong>ego</strong></span> <span class='ocrx_word' id='word_1_251' title='bbox 1501 3638 1597 3714; x_wconf 90' lang='lat' dir='ltr'><strong>video,</strong></span> <span class='ocrx_word' id='word_1_252' title='bbox 1620 3640 1678 3700; x_wconf 89' lang='lat' dir='ltr'><strong>hoo</strong></span> 
     </span>
     <span class='ocr_line' id='line_1_27' title="bbox 335 3722 1676 3806; baseline -0.001 -18"><span class='ocrx_word' id='word_1_253' title='bbox 335 3726 518 3806; x_wconf 89' lang='lat' dir='ltr'><strong>judicabunt,</strong></span> <span class='ocrx_word' id='word_1_254' title='bbox 541 3724 617 3784; x_wconf 92' lang='lat' dir='ltr'><strong>lecto</strong></span> <span class='ocrx_word' id='word_1_255' title='bbox 632 3723 689 3784; x_wconf 88' lang='lat' dir='ltr'><strong>hoc</strong></span> <span class='ocrx_word' id='word_1_256' title='bbox 703 3739 791 3801; x_wconf 89' lang='lat' dir='ltr'><strong>opere</strong></span> <span class='ocrx_word' id='word_1_257' title='bbox 804 3722 991 3800; x_wconf 88' lang='lat' dir='ltr'><strong>Harmonice,</strong></span> <span class='ocrx_word' id='word_1_258' title='bbox 1013 3724 1181 3785; x_wconf 90' lang='lat' dir='ltr'><strong>Italicorum</strong></span> <span class='ocrx_word' id='word_1_259' title='bbox 1195 3731 1224 3785; x_wconf 88' lang='lat' dir='ltr'><strong>et</strong></span> <span class='ocrx_word' id='word_1_260' title='bbox 1237 3723 1476 3802; x_wconf 89' lang='lat' dir='ltr'><strong>philosophorum</strong></span> <span class='ocrx_word' id='word_1_261' title='bbox 1491 3726 1676 3787; x_wconf 88' lang='lat' dir='ltr'><strong>doctissimus</strong></span> 
     </span>
    </p>
   </div>
   <div class='ocr_carea' id='block_1_5' title="bbox 240 3811 1676 3891">
    <p class='ocr_par' dir='ltr' id='par_1_5' title="bbox 240 3811 1676 3891">
     <span class='ocr_line' id='line_1_28' title="bbox 240 3811 1676 3891; baseline -0.003 -14"><span class='ocrx_word' id='word_1_262' title='bbox 240 3871 245 3876; x_wconf 96' lang='lat'>.</span> <span class='ocrx_word' id='word_1_263' title='bbox 339 3823 368 3877; x_wconf 90' lang='lat' dir='ltr'><strong>et</strong></span> <span class='ocrx_word' id='word_1_264' title='bbox 389 3814 592 3891; x_wconf 82' lang='lat' dir='ltr'><strong>theologorum</strong></span> <span class='ocrx_word' id='word_1_265' title='bbox 613 3811 847 3888; x_wconf 84' lang='lat' dir='ltr'><strong>religiosissimus</strong></span> <span class='ocrx_word' id='word_1_266' title='bbox 870 3812 1010 3888; x_wconf 78' lang='lat' dir='ltr'><strong>quisquez</strong></span> <span class='ocrx_word' id='word_1_267' title='bbox 1033 3818 1143 3871; x_wconf 87' lang='lat' dir='ltr'><strong>tautam</strong></span> <span class='ocrx_word' id='word_1_268' title='bbox 1162 3829 1225 3872; x_wconf 90' lang='lat' dir='ltr'><strong>esse</strong></span> <span class='ocrx_word' id='word_1_269' title='bbox 1240 3813 1432 3889; x_wconf 86' lang='lat' dir='ltr'><strong>majestatem,</strong></span> <span class='ocrx_word' id='word_1_270' title='bbox 1455 3820 1566 3891; x_wconf 87' lang='lat' dir='ltr'><strong>tantam</strong></span> <span class='ocrx_word' id='word_1_271' title='bbox 1582 3815 1676 3874; x_wconf 90' lang='lat' dir='ltr'><strong>subli-</strong></span> 
     </span>
    </p>
   </div>
   <div class='ocr_carea' id='block_1_6' title="bbox 337 3896 1677 4245">
    <p class='ocr_par' dir='ltr' id='par_1_6' title="bbox 337 3896 1677 4245">
     <span class='ocr_line' id='line_1_29' title="bbox 338 3896 1676 3979; baseline -0.001 -15"><span class='ocrx_word' id='word_1_272' title='bbox 338 3905 467 3964; x_wconf 81' lang='lat' dir='ltr'><strong>mitatem</strong></span> <span class='ocrx_word' id='word_1_273' title='bbox 484 3900 573 3977; x_wconf 91' lang='lat' dir='ltr'><strong>hujus</strong></span> <span class='ocrx_word' id='word_1_274' title='bbox 596 3915 715 3975; x_wconf 92' lang='lat' dir='ltr'><strong>operum</strong></span> <span class='ocrx_word' id='word_1_275' title='bbox 737 3896 902 3958; x_wconf 89' lang='lat' dir='ltr'><strong>divinorum</strong></span> <span class='ocrx_word' id='word_1_276' title='bbox 924 3898 1123 3976; x_wconf 88' lang='lat' dir='ltr'><strong>dispositionis</strong></span> <span class='ocrx_word' id='word_1_277' title='bbox 1144 3899 1339 3974; x_wconf 87' lang='lat' dir='ltr'><strong>harmonicae,</strong></span> <span class='ocrx_word' id='word_1_278' title='bbox 1362 3909 1395 3960; x_wconf 92' lang='lat' dir='ltr'><strong>ut</strong></span> <span class='ocrx_word' id='word_1_279' title='bbox 1409 3901 1586 3979; x_wconf 74' lang='lat' dir='ltr'><strong>coperuicee</strong></span> <span class='ocrx_word' id='word_1_280' title='bbox 1608 3909 1676 3962; x_wconf 88' lang='lat' dir='ltr'><strong>ente</strong></span> 
     </span>
     <span class='ocr_line' id='line_1_30' title="bbox 337 3985 1677 4070; baseline -0.002 -20"><span class='ocrx_word' id='word_1_281' title='bbox 337 3990 598 4070; x_wconf 83' lang='lat' dir='ltr'><strong>promulgationem</strong></span> <span class='ocrx_word' id='word_1_282' title='bbox 626 3985 713 4063; x_wconf 79' lang='lat' dir='ltr'><strong>buJus</strong></span> <span class='ocrx_word' id='word_1_283' title='bbox 744 3988 839 4063; x_wconf 88' lang='lat' dir='ltr'><strong>operis</strong></span> <span class='ocrx_word' id='word_1_284' title='bbox 866 3986 1041 4046; x_wconf 83' lang='lat' dir='ltr'><strong>sufficienter</strong></span> <span class='ocrx_word' id='word_1_285' title='bbox 1072 3986 1165 4045; x_wconf 90' lang='lat' dir='ltr'><strong>audiri</strong></span> <span class='ocrx_word' id='word_1_286' title='bbox 1195 4004 1380 4064; x_wconf 87' lang='lat' dir='ltr'><strong>nequaquam</strong></span> <span class='ocrx_word' id='word_1_287' title='bbox 1408 3991 1544 4066; x_wconf 85' lang='lat' dir='ltr'><strong>potuerit</strong></span> <span class='ocrx_word' id='word_1_288' title='bbox 1596 3988 1677 4049; x_wconf 91' lang='lat' dir='ltr'><strong>Petit</strong></span> 
     </span>
     <span class='ocr_line' id='line_1_31' title="bbox 337 4072 1677 4156; baseline -0.001 -18"><span class='ocrx_word' id='word_1_289' title='bbox 337 4082 437 4156; x_wconf 84' lang='lat' dir='ltr'><strong>itaque</strong></span> <span class='ocrx_word' id='word_1_290' title='bbox 464 4074 663 4155; x_wconf 87' lang='lat' dir='ltr'><strong>philosophia,</strong></span> <span class='ocrx_word' id='word_1_291' title='bbox 693 4074 767 4151; x_wconf 91' lang='lat' dir='ltr'><strong>petit</strong></span> <span class='ocrx_word' id='word_1_292' title='bbox 796 4072 974 4150; x_wconf 82' lang='lat' dir='ltr'><strong>Copcmicue</strong></span> <span class='ocrx_word' id='word_1_293' title='bbox 1006 4073 1177 4136; x_wconf 88' lang='lat' dir='ltr'><strong>beneficium</strong></span> <span class='ocrx_word' id='word_1_294' title='bbox 1206 4076 1396 4135; x_wconf 75' lang='lat' dir='ltr'><strong>resbtutiouis</strong></span> <span class='ocrx_word' id='word_1_295' title='bbox 1425 4079 1454 4136; x_wconf 91' lang='lat' dir='ltr'><strong>in</strong></span> <span class='ocrx_word' id='word_1_296' title='bbox 1485 4078 1629 4154; x_wconf 82' lang='lat' dir='ltr'><strong>integrum</strong></span> <span class='ocrx_word' id='word_1_297' title='bbox 1658 4095 1677 4137; x_wconf 89' lang='lat' dir='ltr'><strong>a</strong></span> 
     </span>
     <span class='ocr_line' id='line_1_32' title="bbox 337 4160 1675 4245; baseline -0.001 -20"><span class='ocrx_word' id='word_1_298' title='bbox 337 4167 475 4245; x_wconf 86' lang='lat' dir='ltr'><strong>principe,</strong></span> <span class='ocrx_word' id='word_1_299' title='bbox 498 4163 582 4224; x_wconf 89' lang='lat' dir='ltr'><strong>selvo</strong></span> <span class='ocrx_word' id='word_1_300' title='bbox 596 4161 705 4222; x_wconf 90' lang='lat' dir='ltr'><strong>bonore</strong></span> <span class='ocrx_word' id='word_1_301' title='bbox 718 4160 858 4239; x_wconf 90' lang='lat' dir='ltr'><strong>judicum,</strong></span> <span class='ocrx_word' id='word_1_302' title='bbox 881 4160 999 4223; x_wconf 92' lang='lat' dir='ltr'><strong>eosdem</strong></span> <span class='ocrx_word' id='word_1_303' title='bbox 1015 4162 1091 4221; x_wconf 92' lang='lat' dir='ltr'><strong>euim</strong></span> <span class='ocrx_word' id='word_1_304' title='bbox 1105 4160 1181 4238; x_wconf 90' lang='lat' dir='ltr'><strong>illoe,</strong></span> <span class='ocrx_word' id='word_1_305' title='bbox 1203 4180 1312 4223; x_wconf 92' lang='lat' dir='ltr'><strong>novum</strong></span> <span class='ocrx_word' id='word_1_306' title='bbox 1325 4164 1468 4240; x_wconf 88' lang='lat' dir='ltr'><strong>judicium</strong></span> <span class='ocrx_word' id='word_1_307' title='bbox 1483 4164 1675 4241; x_wconf 89' lang='lat' dir='ltr'><strong>judicaturos,</strong></span> 
     </span>
    </p>
   </div>
   <div class='ocr_carea' id='block_1_7' title="bbox 248 4247 1676 4328">
    <p class='ocr_par' dir='ltr' id='par_1_7' title="bbox 248 4247 1676 4328">
     <span class='ocr_line' id='line_1_33' title="bbox 248 4247 1676 4328; baseline -0.004 -13"><span class='ocrx_word' id='word_1_308' title='bbox 248 4257 250 4261; x_wconf 83' lang='lat'>&#39;</span> <span class='ocrx_word' id='word_1_309' title='bbox 338 4272 417 4315; x_wconf 89' lang='lat' dir='ltr'><strong>nova</strong></span> <span class='ocrx_word' id='word_1_310' title='bbox 437 4269 491 4313; x_wconf 89' lang='lat' dir='ltr'><strong>sue</strong></span> <span class='ocrx_word' id='word_1_311' title='bbox 514 4252 700 4323; x_wconf 88' lang='lat' dir='ltr'><strong>documenta,</strong></span> <span class='ocrx_word' id='word_1_312' title='bbox 731 4266 806 4325; x_wconf 89' lang='lat' dir='ltr'><strong>quae</strong></span> <span class='ocrx_word' id='word_1_313' title='bbox 828 4248 867 4308; x_wconf 93' lang='lat' dir='ltr'><strong>ad</strong></span> <span class='ocrx_word' id='word_1_314' title='bbox 888 4249 965 4309; x_wconf 89' lang='lat' dir='ltr'><strong>hauc</strong></span> <span class='ocrx_word' id='word_1_315' title='bbox 986 4266 1079 4326; x_wconf 89' lang='lat' dir='ltr'><strong>usque</strong></span> <span class='ocrx_word' id='word_1_316' title='bbox 1102 4247 1178 4311; x_wconf 91' lang='lat' dir='ltr'><strong>diem</strong></span> <span class='ocrx_word' id='word_1_317' title='bbox 1199 4259 1418 4328; x_wconf 88' lang='lat' dir='ltr'><strong>procuratorum</strong></span> <span class='ocrx_word' id='word_1_318' title='bbox 1440 4270 1558 4313; x_wconf 89' lang='lat' dir='ltr'><strong>suorum</strong></span> <span class='ocrx_word' id='word_1_319' title='bbox 1579 4253 1676 4328; x_wconf 82' lang='lat' dir='ltr'><strong>negli-</strong></span> 
     </span>
    </p>
   </div>
   <div class='ocr_carea' id='block_1_8' title="bbox 334 4335 1687 5731">
    <p class='ocr_par' dir='ltr' id='par_1_8' title="bbox 334 4335 1687 5731">
     <span class='ocr_line' id='line_1_34' title="bbox 336 4335 1675 4422; baseline -0.002 -19"><span class='ocrx_word' id='word_1_320' title='bbox 336 4344 437 4422; x_wconf 77' lang='lat' dir='ltr'><strong>gentia</strong></span> <span class='ocrx_word' id='word_1_321' title='bbox 460 4344 646 4418; x_wconf 78' lang='lat' dir='ltr'><strong>ignoraverat</strong></span> <span class='ocrx_word' id='word_1_322' title='bbox 667 4338 745 4414; x_wconf 89' lang='lat' dir='ltr'><strong>ipss,</strong></span> <span class='ocrx_word' id='word_1_323' title='bbox 768 4335 959 4398; x_wconf 87' lang='lat' dir='ltr'><strong>ventilatores</strong></span> <span class='ocrx_word' id='word_1_324' title='bbox 981 4344 1011 4395; x_wconf 90' lang='lat' dir='ltr'><strong>et</strong></span> <span class='ocrx_word' id='word_1_325' title='bbox 1032 4338 1159 4412; x_wconf 90' lang='lat' dir='ltr'><strong>patietur</strong></span> <span class='ocrx_word' id='word_1_326' title='bbox 1181 4344 1210 4400; x_wconf 90' lang='lat' dir='ltr'><strong>et</strong></span> <span class='ocrx_word' id='word_1_327' title='bbox 1231 4339 1307 4399; x_wconf 89' lang='lat' dir='ltr'><strong>ultro</strong></span> <span class='ocrx_word' id='word_1_328' title='bbox 1329 4340 1475 4417; x_wconf 83' lang='lat' dir='ltr'><strong>implorat</strong></span> <span class='ocrx_word' id='word_1_329' title='bbox 1520 4339 1582 4399; x_wconf 89' lang='lat' dir='ltr'><strong>Vos</strong></span> <span class='ocrx_word' id='word_1_330' title='bbox 1604 4357 1675 4400; x_wconf 91' lang='lat' dir='ltr'><strong>vero</strong></span> 
     </span>
     <span class='ocr_line' id='line_1_35' title="bbox 336 4422 1675 4507; baseline -0.004 -16"><span class='ocrx_word' id='word_1_331' title='bbox 336 4428 515 4507; x_wconf 92' lang='lat' dir='ltr'><strong>bibliopolae</strong></span> <span class='ocrx_word' id='word_1_332' title='bbox 543 4433 619 4486; x_wconf 85' lang='lat' dir='ltr'><strong>recte</strong></span> <span class='ocrx_word' id='word_1_333' title='bbox 648 4422 765 4502; x_wconf 90' lang='lat' dir='ltr'><strong>quidem</strong></span> <span class='ocrx_word' id='word_1_334' title='bbox 795 4432 826 4484; x_wconf 88' lang='lat' dir='ltr'><strong>et</strong></span> <span class='ocrx_word' id='word_1_335' title='bbox 855 4422 955 4484; x_wconf 90' lang='lat' dir='ltr'><strong>ordine</strong></span> <span class='ocrx_word' id='word_1_336' title='bbox 982 4424 1108 4500; x_wconf 83' lang='lat' dir='ltr'><strong>iacietis,</strong></span> <span class='ocrx_word' id='word_1_337' title='bbox 1140 4428 1165 4487; x_wconf 89' lang='lat' dir='ltr'><strong>si</strong></span> <span class='ocrx_word' id='word_1_338' title='bbox 1195 4425 1371 4504; x_wconf 84' lang='lat' dir='ltr'><strong>exemplaria</strong></span> <span class='ocrx_word' id='word_1_339' title='bbox 1391 4427 1552 4487; x_wconf 89' lang='lat' dir='ltr'><strong>reverentia</strong></span> <span class='ocrx_word' id='word_1_340' title='bbox 1570 4425 1675 4501; x_wconf 89' lang='lat' dir='ltr'><strong>judicii</strong></span> 
     </span>
     <span class='ocr_line' id='line_1_36' title="bbox 336 4511 1675 4594; baseline -0.003 -18"><span class='ocrx_word' id='word_1_341' title='bbox 336 4535 396 4578; x_wconf 89' lang='lat' dir='ltr'><strong>nou</strong></span> <span class='ocrx_word' id='word_1_342' title='bbox 416 4515 506 4594; x_wconf 79' lang='lat' dir='ltr'><strong>vulgo</strong></span> <span class='ocrx_word' id='word_1_343' title='bbox 529 4529 648 4575; x_wconf 90' lang='lat' dir='ltr'><strong>venum.</strong></span> <span class='ocrx_word' id='word_1_344' title='bbox 659 4512 826 4590; x_wconf 86' lang='lat' dir='ltr'><strong>exponatis:</strong></span> <span class='ocrx_word' id='word_1_345' title='bbox 859 4518 891 4571; x_wconf 92' lang='lat' dir='ltr'><strong>at</strong></span> <span class='ocrx_word' id='word_1_346' title='bbox 915 4511 988 4573; x_wconf 90' lang='lat' dir='ltr'><strong>illud</strong></span> <span class='ocrx_word' id='word_1_347' title='bbox 1016 4514 1130 4574; x_wconf 90' lang='lat' dir='ltr'><strong>iuterim</strong></span> <span class='ocrx_word' id='word_1_348' title='bbox 1157 4518 1275 4589; x_wconf 89' lang='lat' dir='ltr'><strong>scitote,</strong></span> <span class='ocrx_word' id='word_1_349' title='bbox 1300 4514 1384 4574; x_wconf 88' lang='lat' dir='ltr'><strong>datos</strong></span> <span class='ocrx_word' id='word_1_350' title='bbox 1413 4529 1466 4571; x_wconf 92' lang='lat' dir='ltr'><strong>vos</strong></span> <span class='ocrx_word' id='word_1_351' title='bbox 1489 4529 1554 4572; x_wconf 90' lang='lat' dir='ltr'><strong>csse</strong></span> <span class='ocrx_word' id='word_1_352' title='bbox 1575 4513 1675 4589; x_wconf 92' lang='lat' dir='ltr'><strong>philo·</strong></span> 
     </span>
     <span class='ocr_line' id='line_1_37' title="bbox 337 4597 1674 4684; baseline -0.005 -17"><span class='ocrx_word' id='word_1_353' title='bbox 337 4605 466 4684; x_wconf 89' lang='lat' dir='ltr'><strong>sophiae,</strong></span> <span class='ocrx_word' id='word_1_354' title='bbox 489 4602 574 4663; x_wconf 91' lang='lat' dir='ltr'><strong>datos</strong></span> <span class='ocrx_word' id='word_1_355' title='bbox 595 4601 679 4661; x_wconf 91' lang='lat' dir='ltr'><strong>bonis</strong></span> <span class='ocrx_word' id='word_1_356' title='bbox 702 4599 868 4660; x_wconf 92' lang='lat' dir='ltr'><strong>auctoribus</strong></span> <span class='ocrx_word' id='word_1_357' title='bbox 891 4599 982 4660; x_wconf 90' lang='lat' dir='ltr'><strong>veluti</strong></span> <span class='ocrx_word' id='word_1_358' title='bbox 1005 4601 1187 4677; x_wconf 90' lang='lat' dir='ltr'><strong>tabelliones,</strong></span> <span class='ocrx_word' id='word_1_359' title='bbox 1209 4600 1357 4662; x_wconf 88' lang='lat' dir='ltr'><strong>mittendis</strong></span> <span class='ocrx_word' id='word_1_360' title='bbox 1378 4597 1549 4675; x_wconf 83' lang='lat' dir='ltr'><strong>adjudices</strong></span> <span class='ocrx_word' id='word_1_361' title='bbox 1573 4600 1674 4662; x_wconf 82' lang='lat' dir='ltr'><strong>deten-</strong></span> 
     </span>
     <span class='ocr_line' id='line_1_38' title="bbox 336 4685 1674 4766; baseline -0.004 -12"><span class='ocrx_word' id='word_1_362' title='bbox 336 4692 482 4754; x_wconf 88' lang='lat' dir='ltr'><strong>siouibue:</strong></span> <span class='ocrx_word' id='word_1_363' title='bbox 506 4692 604 4765; x_wconf 88' lang='lat' dir='ltr'><strong>ltaque</strong></span> <span class='ocrx_word' id='word_1_364' title='bbox 627 4689 760 4749; x_wconf 91' lang='lat' dir='ltr'><strong>vendetis</strong></span> <span class='ocrx_word' id='word_1_365' title='bbox 782 4685 960 4765; x_wconf 83' lang='lat' dir='ltr'><strong>exemplaria</strong></span> <span class='ocrx_word' id='word_1_366' title='bbox 980 4690 1094 4750; x_wconf 91' lang='lat' dir='ltr'><strong>nonnisi</strong></span> <span class='ocrx_word' id='word_1_367' title='bbox 1117 4689 1260 4766; x_wconf 82' lang='lat' dir='ltr'><strong>theologis</strong></span> <span class='ocrx_word' id='word_1_368' title='bbox 1282 4687 1415 4759; x_wconf 89' lang='lat' dir='ltr'><strong>summis,</strong></span> <span class='ocrx_word' id='word_1_369' title='bbox 1439 4688 1552 4747; x_wconf 91' lang='lat' dir='ltr'><strong>nonnisi</strong></span> <span class='ocrx_word' id='word_1_370' title='bbox 1575 4688 1674 4766; x_wconf 90' lang='lat' dir='ltr'><strong>philo-</strong></span> 
     </span>
     <span class='ocr_line' id='line_1_39' title="bbox 336 4772 1674 4860; baseline -0.004 -18"><span class='ocrx_word' id='word_1_371' title='bbox 336 4780 493 4859; x_wconf 90' lang='lat' dir='ltr'><strong>sophorum</strong></span> <span class='ocrx_word' id='word_1_372' title='bbox 517 4777 698 4852; x_wconf 89' lang='lat' dir='ltr'><strong>clarissimis,</strong></span> <span class='ocrx_word' id='word_1_373' title='bbox 727 4775 996 4836; x_wconf 88' lang='lat' dir='ltr'><strong>matbematicorum</strong></span> <span class='ocrx_word' id='word_1_374' title='bbox 1018 4776 1276 4860; x_wconf 82' lang='lat' dir='ltr'><strong>exercitatissimis,</strong></span> <span class='ocrx_word' id='word_1_375' title='bbox 1298 4772 1583 4852; x_wconf 81' lang='lat' dir='ltr'><strong>methaphysicorum</strong></span> <span class='ocrx_word' id='word_1_376' title='bbox 1603 4794 1674 4856; x_wconf 91' lang='lat' dir='ltr'><strong>pro-</strong></span> 
     </span>
     <span class='ocr_line' id='line_1_40' title="bbox 335 4862 1674 4942; baseline -0.002 -14"><span class='ocrx_word' id='word_1_377' title='bbox 335 4867 523 4941; x_wconf 81' lang='lat' dir='ltr'><strong>fundissimis,</strong></span> <span class='ocrx_word' id='word_1_378' title='bbox 546 4863 585 4924; x_wconf 92' lang='lat' dir='ltr'><strong>ad</strong></span> <span class='ocrx_word' id='word_1_379' title='bbox 607 4881 681 4942; x_wconf 88' lang='lat' dir='ltr'><strong>quos</strong></span> <span class='ocrx_word' id='word_1_380' title='bbox 701 4863 772 4923; x_wconf 94' lang='lat' dir='ltr'><strong>mihi</strong></span> <span class='ocrx_word' id='word_1_381' title='bbox 788 4862 939 4941; x_wconf 82' lang='lat' dir='ltr'><strong>Coporuici</strong></span> <span class='ocrx_word' id='word_1_382' title='bbox 960 4866 1138 4941; x_wconf 87' lang='lat' dir='ltr'><strong>procuratori</strong></span> <span class='ocrx_word' id='word_1_383' title='bbox 1159 4862 1220 4922; x_wconf 92' lang='lat' dir='ltr'><strong>alie</strong></span> <span class='ocrx_word' id='word_1_384' title='bbox 1241 4863 1290 4920; x_wconf 92' lang='lat' dir='ltr'><strong>via</strong></span> <span class='ocrx_word' id='word_1_385' title='bbox 1310 4877 1368 4921; x_wconf 91' lang='lat' dir='ltr'><strong>nou</strong></span> <span class='ocrx_word' id='word_1_386' title='bbox 1390 4868 1472 4939; x_wconf 91' lang='lat' dir='ltr'><strong>patet</strong></span> <span class='ocrx_word' id='word_1_387' title='bbox 1493 4863 1605 4940; x_wconf 89' lang='lat' dir='ltr'><strong>adites;</strong></span> <span class='ocrx_word' id='word_1_388' title='bbox 1628 4865 1674 4925; x_wconf 93' lang='lat' dir='ltr'><strong>bie</strong></span> 
     </span>
     <span class='ocr_line' id='line_1_41' title="bbox 336 4949 1672 5034; baseline -0.003 -17"><span class='ocrx_word' id='word_1_389' title='bbox 336 4956 462 5034; x_wconf 89' lang='lat' dir='ltr'><strong>quidem,</strong></span> <span class='ocrx_word' id='word_1_390' title='bbox 484 4959 518 5014; x_wconf 89' lang='lat' dir='ltr'><strong>ut</strong></span> <span class='ocrx_word' id='word_1_391' title='bbox 532 4951 695 5031; x_wconf 86' lang='lat' dir='ltr'><strong>dispiciant,</strong></span> <span class='ocrx_word' id='word_1_392' title='bbox 717 4953 813 5012; x_wconf 86' lang='lat' dir='ltr'><strong>sintne</strong></span> <span class='ocrx_word' id='word_1_393' title='bbox 827 4953 883 5011; x_wconf 91' lang='lat' dir='ltr'><strong>ista</strong></span> <span class='ocrx_word' id='word_1_394' title='bbox 897 4967 1008 5011; x_wconf 86' lang='lat' dir='ltr'><strong>mamm</strong></span> <span class='ocrx_word' id='word_1_395' title='bbox 1023 4951 1142 5011; x_wconf 88' lang='lat' dir='ltr'><strong>humani</strong></span> <span class='ocrx_word' id='word_1_396' title='bbox 1155 4949 1328 5009; x_wconf 87' lang='lat' dir='ltr'><strong>luxuriantis</strong></span> <span class='ocrx_word' id='word_1_397' title='bbox 1346 4950 1455 5027; x_wconf 83' lang='lat' dir='ltr'><strong>ingenii</strong></span> <span class='ocrx_word' id='word_1_398' title='bbox 1471 4960 1672 5028; x_wconf 89' lang='lat' dir='ltr'><strong>commentum,</strong></span> 
     </span>
     <span class='ocr_line' id='line_1_42' title="bbox 335 5035 1673 5121; baseline -0.002 -16"><span class='ocrx_word' id='word_1_399' title='bbox 335 5062 373 5105; x_wconf 93' lang='lat' dir='ltr'><strong>an</strong></span> <span class='ocrx_word' id='word_1_400' title='bbox 405 5045 513 5121; x_wconf 89' lang='lat' dir='ltr'><strong>potius,</strong></span> <span class='ocrx_word' id='word_1_401' title='bbox 546 5058 582 5102; x_wconf 87' lang='lat' dir='ltr'><strong>ax</strong></span> <span class='ocrx_word' id='word_1_402' title='bbox 614 5042 680 5119; x_wconf 90' lang='lat' dir='ltr'><strong>ipsa</strong></span> <span class='ocrx_word' id='word_1_403' title='bbox 707 5047 812 5100; x_wconf 89' lang='lat' dir='ltr'><strong>natura</strong></span> <span class='ocrx_word' id='word_1_404' title='bbox 833 5037 984 5118; x_wconf 63' lang='lat' dir='ltr'><strong>depromta</strong></span> <span class='ocrx_word' id='word_1_405' title='bbox 1012 5054 1091 5112; x_wconf 87' lang='lat' dir='ltr'><strong>esse,</strong></span> <span class='ocrx_word' id='word_1_406' title='bbox 1124 5038 1211 5097; x_wconf 88' lang='lat' dir='ltr'><strong>rebus</strong></span> <span class='ocrx_word' id='word_1_407' title='bbox 1240 5035 1462 5098; x_wconf 88' lang='lat' dir='ltr'><strong>evidentissimis</strong></span> <span class='ocrx_word' id='word_1_408' title='bbox 1492 5041 1673 5118; x_wconf 85' lang='lat' dir='ltr'><strong>comprobari</strong></span> 
     </span>
     <span class='ocr_line' id='line_1_43' title="bbox 334 5124 1673 5210; baseline -0.002 -18"><span class='ocrx_word' id='word_1_409' title='bbox 334 5133 444 5210; x_wconf 89' lang='lat' dir='ltr'><strong>possit,</strong></span> <span class='ocrx_word' id='word_1_410' title='bbox 475 5129 533 5189; x_wconf 90' lang='lat' dir='ltr'><strong>illie</strong></span> <span class='ocrx_word' id='word_1_411' title='bbox 554 5146 624 5190; x_wconf 91' lang='lat' dir='ltr'><strong>vero</strong></span> <span class='ocrx_word' id='word_1_412' title='bbox 646 5135 680 5188; x_wconf 93' lang='lat' dir='ltr'><strong>ut</strong></span> <span class='ocrx_word' id='word_1_413' title='bbox 701 5126 875 5200; x_wconf 91' lang='lat' dir='ltr'><strong>deliberent,</strong></span> <span class='ocrx_word' id='word_1_414' title='bbox 903 5141 973 5197; x_wconf 85' lang='lat' dir='ltr'><strong>num</strong></span> <span class='ocrx_word' id='word_1_415' title='bbox 995 5125 1136 5190; x_wconf 86' lang='lat' dir='ltr'><strong>immensa</strong></span> <span class='ocrx_word' id='word_1_416' title='bbox 1156 5124 1230 5185; x_wconf 90' lang='lat' dir='ltr'><strong>haec</strong></span> <span class='ocrx_word' id='word_1_417' title='bbox 1253 5140 1371 5202; x_wconf 89' lang='lat' dir='ltr'><strong>operum</strong></span> <span class='ocrx_word' id='word_1_418' title='bbox 1394 5127 1557 5188; x_wconf 89' lang='lat' dir='ltr'><strong>divinorum</strong></span> <span class='ocrx_word' id='word_1_419' title='bbox 1579 5128 1673 5205; x_wconf 85' lang='lat' dir='ltr'><strong>gloria</strong></span> 
     </span>
     <span class='ocr_line' id='line_1_44' title="bbox 335 5211 1687 5297; baseline -0.001 -18"><span class='ocrx_word' id='word_1_420' title='bbox 335 5222 366 5279; x_wconf 93' lang='lat' dir='ltr'><strong>iu</strong></span> <span class='ocrx_word' id='word_1_421' title='bbox 388 5218 493 5296; x_wconf 81' lang='lat' dir='ltr'><strong>vulgus</strong></span> <span class='ocrx_word' id='word_1_422' title='bbox 515 5217 686 5296; x_wconf 77' lang='lat' dir='ltr'><strong>spargenda,</strong></span> <span class='ocrx_word' id='word_1_423' title='bbox 710 5231 748 5274; x_wconf 89' lang='lat' dir='ltr'><strong>en</strong></span> <span class='ocrx_word' id='word_1_424' title='bbox 769 5214 866 5297; x_wconf 91' lang='lat' dir='ltr'><strong>potius</strong></span> <span class='ocrx_word' id='word_1_425' title='bbox 889 5211 1086 5284; x_wconf 81' lang='lat' dir='ltr'><strong>contrahenda</strong></span> <span class='ocrx_word' id='word_1_426' title='bbox 1108 5220 1137 5273; x_wconf 91' lang='lat' dir='ltr'><strong>et</strong></span> <span class='ocrx_word' id='word_1_427' title='bbox 1158 5213 1236 5274; x_wconf 84' lang='lat' dir='ltr'><strong>lama</strong></span> <span class='ocrx_word' id='word_1_428' title='bbox 1257 5213 1320 5290; x_wconf 89' lang='lat' dir='ltr'><strong>ejus</strong></span> <span class='ocrx_word' id='word_1_429' title='bbox 1342 5217 1470 5275; x_wconf 86' lang='lat' dir='ltr'><strong>censuris</strong></span> <span class='ocrx_word' id='word_1_430' title='bbox 1485 5217 1687 5293; x_wconf 79' lang='lat' dir='ltr'><strong>opprimenda</strong></span> 
     </span>
     <span class='ocr_line' id='line_1_45' title="bbox 335 5298 1673 5383; baseline -0.001 -17"><span class='ocrx_word' id='word_1_431' title='bbox 335 5310 389 5383; x_wconf 82' lang='lat' dir='ltr'><strong>sit3</strong></span> <span class='ocrx_word' id='word_1_432' title='bbox 412 5307 542 5383; x_wconf 83' lang='lat' dir='ltr'><strong>ubisque</strong></span> <span class='ocrx_word' id='word_1_433' title='bbox 564 5303 688 5382; x_wconf 92' lang='lat' dir='ltr'><strong>denique</strong></span> <span class='ocrx_word' id='word_1_434' title='bbox 709 5304 739 5361; x_wconf 92' lang='lat' dir='ltr'><strong>in</strong></span> <span class='ocrx_word' id='word_1_435' title='bbox 761 5300 839 5360; x_wconf 90' lang='lat' dir='ltr'><strong>huuc</strong></span> <span class='ocrx_word' id='word_1_436' title='bbox 859 5298 955 5371; x_wconf 84' lang='lat' dir='ltr'><strong>finem,</strong></span> <span class='ocrx_word' id='word_1_437' title='bbox 978 5305 1013 5359; x_wconf 94' lang='lat' dir='ltr'><strong>ut</strong></span> <span class='ocrx_word' id='word_1_438' title='bbox 1033 5302 1102 5378; x_wconf 87' lang='lat' dir='ltr'><strong>quia</strong></span> <span class='ocrx_word' id='word_1_439' title='bbox 1117 5300 1308 5379; x_wconf 78' lang='lat' dir='ltr'><strong>Copemleum</strong></span> <span class='ocrx_word' id='word_1_440' title='bbox 1329 5302 1540 5363; x_wconf 88' lang='lat' dir='ltr'><strong>emendandum</strong></span> <span class='ocrx_word' id='word_1_441' title='bbox 1562 5304 1592 5363; x_wconf 94' lang='lat' dir='ltr'><strong>bi</strong></span> <span class='ocrx_word' id='word_1_442' title='bbox 1614 5305 1673 5365; x_wconf 90' lang='lat' dir='ltr'><strong>illis</strong></span> 
     </span>
     <span class='ocr_line' id='line_1_46' title="bbox 336 5385 1673 5470; baseline -0.001 -15"><span class='ocrx_word' id='word_1_443' title='bbox 336 5402 389 5456; x_wconf 92' lang='lat' dir='ltr'><strong>eut</strong></span> <span class='ocrx_word' id='word_1_444' title='bbox 408 5393 587 5454; x_wconf 88' lang='lat' dir='ltr'><strong>tradiderunt</strong></span> <span class='ocrx_word' id='word_1_445' title='bbox 606 5394 668 5470; x_wconf 91' lang='lat' dir='ltr'><strong>jam</strong></span> <span class='ocrx_word' id='word_1_446' title='bbox 691 5394 741 5450; x_wconf 88' lang='lat' dir='ltr'><strong>aut</strong></span> <span class='ocrx_word' id='word_1_447' title='bbox 763 5386 877 5446; x_wconf 87' lang='lat' dir='ltr'><strong>tradent</strong></span> <span class='ocrx_word' id='word_1_448' title='bbox 899 5385 1009 5463; x_wconf 88' lang='lat' dir='ltr'><strong>adhue,</strong></span> <span class='ocrx_word' id='word_1_449' title='bbox 1038 5388 1164 5466; x_wconf 63' lang='lat' dir='ltr'><strong>videantv</strong></span> <span class='ocrx_word' id='word_1_450' title='bbox 1179 5391 1267 5467; x_wconf 82' lang='lat' dir='ltr'><strong>igitur</strong></span> <span class='ocrx_word' id='word_1_451' title='bbox 1290 5391 1412 5468; x_wconf 90' lang='lat' dir='ltr'><strong>utrique,</strong></span> <span class='ocrx_word' id='word_1_452' title='bbox 1435 5408 1473 5449; x_wconf 91' lang='lat' dir='ltr'><strong>an</strong></span> <span class='ocrx_word' id='word_1_453' title='bbox 1495 5396 1673 5453; x_wconf 89' lang='lat' dir='ltr'><strong>astronomia</strong></span> 
     </span>
     <span class='ocr_line' id='line_1_47' title="bbox 336 5472 1672 5559; baseline -0.001 -16"><span class='ocrx_word' id='word_1_454' title='bbox 336 5482 498 5559; x_wconf 79' lang='lat' dir='ltr'><strong>Oopcmici,</strong></span> <span class='ocrx_word' id='word_1_455' title='bbox 522 5481 674 5547; x_wconf 79' lang='lat' dir='ltr'><strong>delineata</strong></span> <span class='ocrx_word' id='word_1_456' title='bbox 688 5479 718 5535; x_wconf 91' lang='lat' dir='ltr'><strong>iu</strong></span> <span class='ocrx_word' id='word_1_457' title='bbox 740 5476 812 5534; x_wconf 89' lang='lat' dir='ltr'><strong>meis</strong></span> <span class='ocrx_word' id='word_1_458' title='bbox 835 5472 1056 5536; x_wconf 77' lang='lat' dir='ltr'><strong>Commentariis</strong></span> <span class='ocrx_word' id='word_1_459' title='bbox 1079 5476 1115 5538; x_wconf 88' lang='lat' dir='ltr'><strong>de</strong></span> <span class='ocrx_word' id='word_1_460' title='bbox 1135 5478 1262 5544; x_wconf 85' lang='lat' dir='ltr'><strong>motibus</strong></span> <span class='ocrx_word' id='word_1_461' title='bbox 1284 5477 1394 5539; x_wconf 87' lang='lat' dir='ltr'><strong>Stellae</strong></span> <span class='ocrx_word' id='word_1_462' title='bbox 1416 5477 1534 5551; x_wconf 83' lang='lat' dir='ltr'><strong>Martie,</strong></span> <span class='ocrx_word' id='word_1_463' title='bbox 1557 5482 1672 5542; x_wconf 87' lang='lat' dir='ltr'><strong>exculta</strong></span> 
     </span>
     <span class='ocr_line' id='line_1_48' title="bbox 335 5563 1670 5646; baseline -0.003 -15"><span class='ocrx_word' id='word_1_464' title='bbox 335 5573 458 5633; x_wconf 91' lang='lat' dir='ltr'><strong>veroin</strong></span> <span class='ocrx_word' id='word_1_465' title='bbox 480 5570 629 5646; x_wconf 87' lang='lat' dir='ltr'><strong>Epitomee</strong></span> <span class='ocrx_word' id='word_1_466' title='bbox 652 5564 855 5625; x_wconf 78' lang='lat' dir='ltr'><strong>Aaaonomtaa</strong></span> <span class='ocrx_word' id='word_1_467' title='bbox 877 5567 960 5640; x_wconf 88' lang='lat' dir='ltr'><strong>perte</strong></span> <span class='ocrx_word' id='word_1_468' title='bbox 988 5563 1094 5641; x_wconf 68' lang='lat' dir='ltr'><strong>almos,</strong></span> <span class='ocrx_word' id='word_1_469' title='bbox 1128 5582 1203 5643; x_wconf 86' lang='lat' dir='ltr'><strong>quae</strong></span> <span class='ocrx_word' id='word_1_470' title='bbox 1232 5583 1309 5627; x_wconf 88' lang='lat' dir='ltr'><strong>nuuc</strong></span> <span class='ocrx_word' id='word_1_471' title='bbox 1335 5567 1390 5628; x_wconf 87' lang='lat' dir='ltr'><strong>sub</strong></span> <span class='ocrx_word' id='word_1_472' title='bbox 1417 5566 1517 5645; x_wconf 88' lang='lat' dir='ltr'><strong>proclo</strong></span> <span class='ocrx_word' id='word_1_473' title='bbox 1547 5576 1603 5644; x_wconf 89' lang='lat' dir='ltr'><strong>est,</strong></span> <span class='ocrx_word' id='word_1_474' title='bbox 1634 5585 1670 5630; x_wconf 89' lang='lat' dir='ltr'><strong>au</strong></span> 
     </span>
     <span class='ocr_line' id='line_1_49' title="bbox 336 5648 1672 5731; baseline -0.003 -11"><span class='ocrx_word' id='word_1_475' title='bbox 336 5660 424 5721; x_wconf 88' lang='lat' dir='ltr'><strong>etiam</strong></span> <span class='ocrx_word' id='word_1_476' title='bbox 452 5657 527 5719; x_wconf 92' lang='lat' dir='ltr'><strong>haec</strong></span> <span class='ocrx_word' id='word_1_477' title='bbox 547 5660 677 5717; x_wconf 87' lang='lat' dir='ltr'><strong>motuum</strong></span> <span class='ocrx_word' id='word_1_478' title='bbox 705 5648 873 5713; x_wconf 87' lang='lat' dir='ltr'><strong>coelestium</strong></span> <span class='ocrx_word' id='word_1_479' title='bbox 900 5650 1006 5728; x_wconf 87' lang='lat' dir='ltr'><strong>politia</strong></span> <span class='ocrx_word' id='word_1_480' title='bbox 1034 5651 1211 5731; x_wconf 90' lang='lat' dir='ltr'><strong>harmonica,</strong></span> <span class='ocrx_word' id='word_1_481' title='bbox 1241 5660 1356 5716; x_wconf 86' lang='lat' dir='ltr'><strong>exemto</strong></span> <span class='ocrx_word' id='word_1_482' title='bbox 1382 5661 1462 5716; x_wconf 85' lang='lat' dir='ltr'><strong>motu</strong></span> <span class='ocrx_word' id='word_1_483' title='bbox 1490 5654 1615 5718; x_wconf 81' lang='lat' dir='ltr'><strong>Telluris</strong></span> <span class='ocrx_word' id='word_1_484' title='bbox 1642 5665 1672 5718; x_wconf 90' lang='lat' dir='ltr'><strong>et</strong></span> 
     </span>
    </p>
   </div>
   <div class='ocr_carea' id='block_1_9' title="bbox 0 0 1846 7255">
    <p class='ocr_par' dir='ltr' id='par_1_9' title="bbox 0 0 1846 7255">
     <span class='ocr_line' id='line_1_50' title="bbox 0 0 1846 7255; baseline 0 0"><span class='ocrx_word' id='word_1_485' title='bbox 0 0 1846 7255; x_wconf 95' lang='lat' dir='ltr'><strong> </strong></span> 
     </span>
    </p>
   </div>
  </div>
 </body>
</html>
