3684 7259
319 1179 382 1241 230
732 1173 774 1228 De
793 1167 1058 1243 configurationibus
1076 1162 1255 1230 Harmonicis.
1341 1253 1345 1260 '

319 1372 410 1415 unum
438 1352 486 1416 vel
516 1355 615 1413 omnia
636 1359 718 1413 motu
749 1351 877 1429 quodam
904 1352 1118 1429 longitudinem
1143 1354 1187 1414 rei
1208 1364 1375 1431 percurrant
1402 1358 1578 1434 terminique
1596 1356 1672 1417 dant

317 1444 444 1525 partium
466 1440 678 1518 longitudinis,
706 1443 780 1500 inter
810 1456 883 1517 quas
906 1442 946 1499 sit
968 1442 1134 1516 proportio,
1166 1451 1195 1503 et
1217 1441 1272 1500 boc
1300 1442 1339 1501 ad
1361 1445 1522 1503 minimum.
1569 1444 1668 1521 litque

319 1530 348 1591 id
371 1530 404 1589 fit
426 1547 462 1589 ex
484 1539 568 1606 parte
591 1531 620 1586 in
644 1528 936 1605 configurationibus,
959 1528 1048 1603 hujus
1070 1529 1120 1589 lib.
1138 1527 1192 1589 IV.
1215 1532 1331 1605 proprio
1348 1531 1492 1606 subjecto.
1538 1532 1614 1591 Nam
1638 1540 1672 1591 ut

319 1618 429 1679 dicetur
452 1619 547 1693 capite
569 1618 713 1692 sequenti,
736 1615 904 1675 harmoniae
928 1615 1045 1689 quidam
1069 1617 1099 1674 in
1121 1616 1254 1691 angulis,
1283 1634 1358 1692 quos
1381 1622 1498 1678 metitur
1520 1618 1669 1693 zodiacus,

320 1704 537 1767 considerantur
559 1706 622 1763 sine
644 1713 740 1776 motu,
769 1702 869 1780 auguli
891 1710 990 1762 tamen
1013 1704 1069 1778 ipsi
1092 1704 1143 1762 alii
1165 1721 1201 1762 ex
1223 1702 1290 1775 aliis
1313 1722 1467 1781 corporum
1490 1707 1668 1766 radiantium

319 1801 400 1859 motu
423 1810 475 1869 per
496 1790 649 1852 zodiacum
673 1793 897 1852 constituuntur.
942 1790 1018 1849 Sunt
1040 1798 1138 1851 tamen
1159 1792 1239 1850 nrodl
1262 1796 1505 1868 praestantiores,
1535 1794 1574 1854 ad
1597 1811 1671 1855 eun-

320 1882 385 1941 dem
407 1880 493 1940 finem
516 1879 682 1953 tendentes,
706 1887 739 1937 ut
762 1895 826 1938 cum
850 1895 980 1955 corpora,
1005 1895 1080 1953 quae
1103 1878 1212 1938 babent
1232 1877 1454 1956 longitudinem,
1478 1885 1543 1958 ipss
1564 1891 1593 1941 ct
1617 1882 1671 1941 de-

319 1970 509 2030 terminantur
531 1967 639 2026 talibus
661 1968 763 2042 siguis,
785 1983 899 2026 sursum
923 1965 1059 2024 deorsum
1081 1967 1258 2039 errantibus,
1282 1973 1312 2025 et
1334 1971 1425 2026 hunni
1449 1969 1581 2045 qnalibet
1607 1972 1671 2029 riae

319 2049 470 2131 intercepti
493 2055 579 2114 simul
602 2062 769 2130 morentur,
804 2061 836 2116 ut
858 2055 900 2112 ita
922 2070 981 2112 non
1000 2053 1063 2129 jam
1086 2069 1221 2131 corpora,
1245 2053 1297 2115 sed
1320 2063 1415 2115 motas
1439 2058 1495 2132 ipsi
1518 2066 1673 2133 corporum

320 2150 411 2206 causa
432 2140 623 2218 longitudinis
645 2149 674 2206 et
694 2142 849 2213 ,brevitatis
871 2156 930 2200 nou
954 2140 1122 2218 temporalis
1151 2139 1204 2201 scd
1219 2157 1382 2217 ,corporeae
1406 2140 1531 2224 (quippe
1557 2147 1671 2222 species

319 2240 453 2293 motuum
475 2232 733 2306 incorporatorum,
757 2247 808 2288 seu
831 2244 985 2305 corporum
1014 2230 1042 2286 in
1065 2237 1146 2288 motu
1170 2226 1409 2310 constitutorum)
1433 2234 1508 2291 inter
1533 2249 1565 2291 se
1589 2248 1672 2290 com·
1733 2237 1736 2241 ’

319 2327 466 2398 parentur.
513 2314 766 2393 Quemadmodum
795 2333 826 2375 se
855 2333 901 2375 res
930 2315 1019 2374 habet
1046 2332 1112 2375 cum
1140 2318 1237 2377 sonim
1269 2334 1336 2377 nam
1366 2335 1456 2377 sonus
1487 2326 1531 2379 cst
1558 2321 1671 2397 species

321 2409 466 2469 emissae
489 2422 624 2481 corpore,
648 2411 677 2463 et
699 2412 731 2463 ut
753 2411 895 2480 quantum
918 2402 1005 2474 illud,
1037 2413 1067 2462 et
1090 2411 1122 2461 ιιι
1144 2403 1300 2480 figuratum
1328 2404 1554 2481 quadamtenus,
1587 2416 1616 2466 et
1640 2414 1672 2465 ιιι

321 2500 350 2554 in
373 2494 669 2561 motuconstitutum
693 2500 753 2565 cst3
782 2493 852 2566 quia
874 2507 927 2566 pro
950 2488 1113 2567 aptitudine
1135 2490 1245 2568 figurae
1272 2500 1321 2552 est
1342 2502 1372 2551 ct
1393 2502 1491 2552 motus
1518 2502 1549 2553 et
1571 2511 1671 2552 sonus.

409 2581 507 2656 Atque
537 2574 610 2640 ha'ee
633 2580 697 2655 jam
724 2578 816 2639 altera
845 2581 939 2652 magis
969 2577 1090 2638 evidens
1120 2595 1210 2639 causa
1241 2586 1299 2652 est,
1334 2596 1384 2639 cur
1403 2589 1518 2641 matura
1546 2581 1672 2641 bominis

321 2686 459 2731 sonorum
482 2670 666 2745 potissimum
688 2667 940 2743 proportionibus
949 2664 1123 2725 harmonicis
1146 2668 1184 2726 sit
1206 2665 1313 2726 dedita
1358 2668 1456 2728 Fitn.
1480 2669 1537 2727 hoc
1558 2686 1672 2730 rursum
1723 2706 1724 2711 κ

323 2759 361 2817 ob
385 2756 643 2817 conformationem
675 2756 722 2813 sui
752 2756 897 2831 corporis,
930 2755 958 2809 in
982 2770 1041 2828 quo
1068 2762 1168 2830 guttur
1198 2752 1270 2813 illud
1291 2771 1399 2832 corpus
1429 2765 1487 2829 est,
1516 2755 1597 2831 qnod
1620 2774 1673 2834 pro

321 2846 478 2922 superioris
501 2843 547 2901 vel
573 2843 714 2902 inferioris
738 2840 837 2901 circuli
860 2840 1072 2915 cartilaginei
1065 2858 1094 2899 ιιι
1115 2859 1221 2917 aspera
1242 2844 1348 2902 arteria
1370 2832 1573 2903 constrictione
1596 2861 1674 2903 nunc
1743 2837 1746 2843 ’

320 2932 441 3008 longum
469 2947 545 2988 rrune
568 2931 656 2991 breve
679 2937 724 2989 est
747 2928 884 3005 qnodque
907 2928 1065 3005 impulsum
1087 2930 1190 3007 spiritu
1219 2947 1254 2988 ex
1281 2929 1450 3033 pulmonum
1477 2930 1597 2990 follibus
1620 2949 1674 2991 sx-

322 3037 423 3098 presso
453 3020 581 3077 cavitate
614 3034 669 3077 sua
698 3015 803 3096 (figura
830 3012 946 3095 nempe)
973 3027 1087 3080 motum
1118 3014 1178 3076 edit
1208 3016 1347 3092 similem,
1385 3015 1469 3095 crijns
1501 3027 1529 3077 et
1559 3022 1674 3097 species

320 3106 430 3168 accidit
453 3105 588 3178 auribus,
619 3111 649 3165 et
670 3106 768 3163 sensio
792 3101 926 3182 (arteriae
949 3104 1057 3178 ipsius,
1087 3111 1119 3162 ιιι
1141 3109 1186 3163 est
1208 3106 1237 3161 in
1260 3113 1341 3163 motu
1365 3103 1533 3185 constituta)
1556 3109 1674 3166 animae

322 3197 459 3255 sentienti
486 3199 603 3269 praesto
626 3197 687 3266 est3
715 3192 824 3268 quippe
853 3190 908 3250 hoc
937 3193 1082 3249 communi
1106 3208 1193 3251 sensu
1215 3195 1322 3252 sentire
1352 3202 1411 3266 est,
1441 3194 1496 3252 frui
1519 3196 1675 3270 speciebus

321 3283 516 3341 membrorum
549 3280 691 3356 corporis,
721 3287 752 3339 ut
780 3286 848 3337 sunt
877 3276 929 3337 illa
958 3281 1047 3337 variis
1074 3279 1179 3338 affecta
1207 3287 1236 3338 et
1267 3282 1352 3355 quasi
1382 3282 1506 3341 formata
1528 3283 1674 3357 motibus,

323 3387 400 3446 quac
422 3370 543 3445 species,
568 3375 601 3425 ut
622 3368 652 3423 in
668 3366 827 3442 Dioptricis
849 3364 1003 3442 explicavi,
1027 3368 1180 3443 spirituum
1198 3369 1389 3427 continuitate
1404 3370 1534 3428 feruntur
1549 3386 1567 3428 a
1581 3387 1675 3429 mem-

323 3457 383 3516 bris
407 3457 545 3533 eorporis,
569 3456 658 3513 etiam
680 3456 807 3525 remotis,
831 3451 868 3512 ad
891 3451 990 3512 sedem
1012 3472 1115 3513 sensus
1139 3457 1309 3515 communis.
1354 3455 1402 3513 Fit
1425 3457 1525 3531 igitur,
1549 3464 1582 3515 ut
1605 3460 1677 3535 quis

323 3544 411 3602 horno
446 3544 546 3602 crebra
578 3543 714 3602 sensione
749 3558 870 3617 asperae
893 3558 966 3600 suae
997 3544 1120 3600 arteriae
1153 3545 1182 3599 iu
1213 3553 1296 3601 motu
1328 3545 1509 3606 constitutas
1535 3546 1678 3605 combibit

324 3630 421 3700 ideam
445 3629 590 3706 quandam
615 3629 853 3689 conformationis
877 3645 1030 3731 corporum
1053 3628 1274 3705 quomodolibet
1293 3633 1469 3706 sonantium,
1492 3630 1571 3691 idem
1594 3640 1676 3693 tanto

258 3788 260 3790 ,
324 3717 439 3777 facilius
461 3724 602 3793 agnoscat
633 3725 663 3776 et
685 3712 826 3791 dijudicet
848 3718 933 3792 quasi
963 3717 1207 3778 conformationes
1230 3734 1382 3794 corporum
1413 3727 1495 3778 extra
1516 3736 1548 3779 se
1578 3729 1677 3780 moto-

276 3831 280 3835 *
326 3824 390 3865 rum
426 3822 520 3880 eoque
550 3814 631 3864 motu
661 3805 774 3861 sonitus
806 3805 999 3862 emittentium
1030 3822 1139 3882 eosque
1171 3809 1245 3864 inter
1266 3823 1298 3865 se
1321 3815 1504 3920 comparatos
1535 3806 1573 3866 ad
1597 3807 1679 3924 leges

256 3920 258 3923 ⁴
324 3893 558 3953 harmonicarum
579 3894 800 3968 proportionum
822 3892 976 3955 examinet

304 4190 309 4199 .
360 4215 362 4219 ⁸
888 4124 1030 4195 curor
1057 4125 1109 4195 ιι.
1581 4185 1582 4190 ι

326 4273 414 4342 Quid
439 4272 661 4327 discriminis
689 4274 735 4328 sit
761 4274 858 4326 inter
884 4271 1085 4326 harmonias
1111 4279 1249 4340 quarto,
1281 4278 1315 4325 et
1346 4274 1437 4328 inter
1463 4272 1544 4328 illas
1572 4236 1677 4586 ιέ

817 4358 908 4426 libro
934 4358 1185 4413 consideratas
1560 4403 1583 4434 ,ι
1627 4375 1640 4394 2

415 4503 523 4579 Quanti
546 4522 592 4563 res
615 4506 752 4562 momenti
775 4507 814 4563 sit
834 4503 872 4563 ad
895 4504 970 4564 bene
987 4502 1261 4581 philosophandum,
1286 4504 1465 4581 distinguere
1483 4491 1612 4565 retnis

229 4592 232 4599 ⁴
328 4597 404 4654 inter
426 4611 458 4651 se
481 4602 607 4669 cognata
629 4592 771 4663 eorrferrc,
799 4608 836 4649 ne
859 4610 910 4668 pro
934 4591 1038 4650 iisdem
1061 4592 1232 4664 habeantur,
1261 4595 1396 4669 opposita
1418 4596 1614 4668 committere,
1646 4596 1679 4656 ιιι

330 4681 520 4751 illustrentur,
552 4679 582 4739 id
604 4679 677 4737 nihii
699 4681 804 4738 attinet
825 4678 949 4754 longiori
972 4698 1104 4739 sermone
1126 4679 1261 4755 praefari.
1305 4679 1402 4754 Quare
1427 4698 1533 4756 operae
1556 4685 1682 4758 pretium

327 4770 423 4842 fuerit,
449 4771 555 4839 omnia,
580 4784 655 4843 quae
678 4766 819 4826 hactenus
842 4765 879 4824 ad
902 4766 957 4825 hoc
980 4768 1065 4825 utilia
1089 4767 1134 4825 vel
1151 4770 1271 4843 sparsim
1288 4767 1336 4825 vel
1353 4770 1504 4828 obscurius
1520 4771 1567 4828 vel
1584 4771 1680 4831 obiter

328 4857 504 4929 dictasunt,
528 4856 582 4914 sub
606 4872 696 4913 nuum
718 4861 869 4930 aspectum
883 4871 1050 4929 ..proponere
1074 4862 1103 4913 et
1125 4855 1217 4911 sicubi
1239 4872 1311 4930 opus
1327 4864 1372 4914 est
1393 4857 1519 4933 amplius
1532 4856 1679 4918 illustrare

327 4944 424 5018 adque
447 4944 655 5022 praescriptum
680 4944 784 5018 capitis
800 4940 905 4998 lemma
920 4958 955 4998 ex
973 4942 1102 5015 professo
1117 4943 1345 5001 accommodare.
1391 4942 1570 5020 Quintnplex
1591 4948 1680 5021 igitur

327 5031 481 5091 discrimen
511 5038 555 5089 est
585 5033 659 5090 inter
684 5029 774 5104 hujus
804 5036 834 5087 et
861 5026 1061 5103 praecedentis
1095 5028 1161 5086 libri
1191 5030 1450 5107 contemplationes
1478 5032 1678 5093 harmonicas:

329 5137 420 5179 unum
443 5121 473 5177 in
496 5136 525 5177 ra
548 5119 613 5193 ipsa
634 5118 812 5196 harmonica,
836 5132 926 5174 eausa
948 5131 1019 5173 suae
1042 5115 1249 5192 amplitudinis,
1274 5118 1397 5177 alterum
1420 5120 1448 5175 in
1468 5122 1598 5180 terminis
1615 5121 1680 5197 ejus
1751 5144 1752 5149 ¹

328 5206 495 5278 sensilibus,
519 5207 635 5265 tertium
660 5206 687 5262 in
712 5221 810 5277 causa,
835 5220 910 5279 quac
935 5202 1071 5261 conciliat
1093 5204 1260 5263 harmoniae
1283 5223 1365 5265 suam
1386 5210 1559 5282 ,essentiam
1588 5226 1680 5284 quar·

318 5301 390 5353 ‘tum
412 5296 442 5353 in
465 5293 552 5353 modo
576 5291 737 5365 inessendi,
769 5293 901 5368 quintum
924 5292 954 5349 in
978 5291 1078 5351 ordine
1100 5309 1269 5365 causarum,
1293 5310 1368 5368 quae
1391 5294 1516 5373 formant
1538 5298 1678 5356 terminos

327 5383 521 5460 proportionis
544 5380 739 5448 harmonicae.

414 5469 439 5528 1.
463 5467 549 5543 Quod
573 5486 632 5527 rem
655 5471 749 5544 ipsam
772 5467 883 5538 attinet,
908 5483 985 5542 quae
1007 5465 1175 5525 harmonica
1198 5468 1346 5542 proportio
1367 5467 1487 5541 dicitur,
1510 5467 1579 5540 illae
1601 5468 1678 5529 libro

328 5558 415 5617 tertio
437 5559 561 5633 primum
585 5566 665 5615 ortae
687 5573 706 5614 a
727 5555 906 5615 sectionibus
930 5553 1028 5613 circuli
1056 5570 1106 5629 per
1128 5553 1235 5629 figuras
1258 5554 1404 5630 regulares
1427 5555 1530 5632 planas
1554 5556 1678 5617 demon-

329 5644 483 5726 strabiles,
498 5660 564 5718 mox
589 5641 627 5703 ad
648 5653 743 5718 rectas
764 5641 859 5709 lineas
880 5641 1040 5707 translatae
1054 5642 1188 5731 interque
1204 5659 1236 5702 se
1252 5644 1424 5703 commissae
1445 5651 1474 5703 ct
1491 5643 1677 5722 conjugatae,
