3684 7259
839 1201 992 1287 ‘'smosa
1077 1255 1080 1262 ‚
1430 1207 1438 1252 ³
1526 1218 1594 1285 aas
1720 1253 1726 1261 ·

246 1398 362 1460 undas.
407 1398 476 1460 Mea
498 1397 605 1456 Terrae
628 1398 726 1457 anima
748 1395 821 1456 latet
834 1400 931 1471 intas,
954 1395 1059 1472 quodsi
1084 1404 1115 1454 tu
1135 1395 1315 1472 probaveris,
1338 1392 1516 1462 radiationes
1531 1413 1596 1455 ma·

244 1503 313 1546 nare
335 1480 423 1560 forn,
448 1486 583 1544 confossa
606 1487 694 1560 igitur
717 1493 763 1546 est
783 1483 972 1560 philosophia
994 1502 1076 1558 mea,
1101 1500 1159 1542 non
1181 1482 1348 1542 movebitur
1369 1483 1467 1542 anima
1489 1482 1596 1543 Terrae

246 1576 286 1633 ab
310 1574 494 1652 aspectibus,
530 1590 619 1656 quare
650 1580 783 1631 cessante
816 1572 880 1647 ejus
904 1571 1021 1647 ollicio,
1053 1570 1131 1632 unde
1154 1574 1282 1633 animam
1314 1586 1368 1645 ego
1398 1568 1596 1630 demonstrare

245 1661 343 1735 dolui,
375 1679 411 1719 nc
435 1660 552 1736 quidem
576 1664 630 1719 erit
651 1662 751 1735 aliqua
773 1659 881 1719 Terrae
911 1662 1018 1719 anima.
1063 1658 1167 1737 Hunc,
1200 1660 1336 1734 inquam,
1370 1673 1491 1732 scopum
1515 1664 1597 1717 tuum

246 1748 344 1822 rideo,
369 1758 400 1807 at
422 1748 569 1823 quomodo
592 1747 631 1805 ad
654 1765 720 1806 eum
745 1747 893 1826 collimes,
921 1765 980 1807 non
1003 1750 1097 1824 capio.
1143 1747 1174 1807 Si
1199 1745 1330 1805 visibiles
1352 1743 1453 1821 anguli
1475 1754 1545 1805 sunt
1567 1746 1595 1802 in

245 1841 328 1905 edre,
352 1846 435 1894 erunt
460 1834 547 1895 iidem
572 1845 601 1894 et
623 1836 652 1892 in
675 1835 782 1906 Tana,
812 1838 961 1916 quianon
983 1844 1134 1912 reputatur
1156 1834 1296 1896 distantia
1318 1835 1407 1892 centn
1430 1851 1449 1890 a
1472 1834 1596 1910 circum-

246 1924 369 1983 ferentia
392 1926 468 1982 aeris
492 1925 520 1979 in
544 1921 757 1981 radiationibus
779 1921 972 1997 planetarum,
1007 1940 1042 1983 ac
1065 1939 1101 1981 ne
1124 1924 1153 1979 in
1169 1921 1270 1982 Lunae
1288 1919 1405 1996 quidem
1427 1920 1494 1996 plus
1510 1937 1598 1996 quam

246 2011 325 2087 qnod
351 2009 473 2069 duarum
496 2011 632 2070 horarum
655 2013 752 2087 spatio
775 2012 905 2085 pertaesi
913 2012 1016 2087 possit.
1061 2010 1110 2083 At,
1134 2012 1240 2085 inquis,
1264 2010 1396 2084 opacitas
1411 2007 1549 2068 'l''errae
1541 2025 1597 2066 rm-

244 2097 335 2176 pedit.
383 2098 453 2156 Esto
482 2098 518 2155 de
551 2098 673 2170 lumine,
708 2114 784 2173 nego
808 2107 905 2156 tamen
929 2097 965 2157 de
989 2100 1112 2171 virtute,
1148 2095 1185 2155 do
1209 2098 1378 2155 instantiam
1410 2103 1597 2198 emagnete,

247 2185 441 2245 radiationem
466 2185 529 2260 ejus
553 2203 610 2242 nou
634 2184 755 2261 impedit
777 2183 912 2244 soliditas
935 2187 1007 2247 auri
1608 2241 1614 2260 ‚

333 2272 392 2331 Cur
415 2280 512 2332 autem
543 2282 574 2329 ιιι
597 2290 687 2349 negas
710 2272 834 2347 angulos
856 2272 1088 2331 radiationum
1081 2290 1110 2330 ιιι
1134 2270 1246 2330 Terra?
1291 2268 1368 2345 Quia
1391 2271 1509 2346 spiritus
1533 2270 1598 2327 Do-

247 2361 318 2419 mini
334 2377 399 2418 nou
423 2362 478 2419 sub
502 2360 592 2418 Terra
615 2356 664 2439 [tu
686 2361 740 2425 ais,
765 2376 822 2416 non
845 2361 875 2417 in
899 2361 1036 2432 tenebris,
1061 2361 1234 2434 incogitans,
1261 2357 1355 2418 lucem
1378 2368 1447 2418 tunc
1469 2357 1597 2417 noudum

247 2443 354 2526 luisse)
378 2447 432 2505 sed
454 2465 541 2522 super
557 2450 654 2525 aquis,
677 2446 743 2508 loco
759 2446 870 2507 scilicet
885 2450 970 2519 adria,
994 2448 1140 2506 terebatur
1159 2447 1187 2502 in
1204 2445 1372 2521 primordio.
1420 2444 1512 2520 Quasi
1530 2461 1598 2506 vero

249 2537 362 2593 intersit
385 2533 422 2592 ad
446 2534 639 2612 radiatioues,
664 2536 712 2593 ubi
737 2537 855 2613 spiritus
879 2535 998 2593 Domini
1021 2533 1135 2593 dicatur
1161 2532 1241 2593 latus
1263 2550 1336 2594 esse.
1380 2532 1510 2592 Radiant
1532 2532 1598 2611 pla·

247 2634 334 2682 netae
369 2622 458 2681 coelis
487 2622 549 2696 jam
582 2622 721 2690 conditis,
754 2630 851 2681 textus
875 2630 943 2682 tuus
965 2629 1032 2681 ante
1056 2622 1154 2680 coelos
1179 2613 1312 2681 conditos
1336 2620 1516 2696 intelligitur.
1562 2619 1599 2678 at

248 2708 378 2785 loqueris
403 2710 438 2767 de
462 2710 587 2784 angulis,
611 2726 668 2768 ιιοιι
693 2719 725 2767 ut
748 2709 784 2768 de
807 2709 958 2772 accidente
981 2709 1196 2768 individuarum
1214 2705 1410 2784 radiationum
1427 2707 1598 2784 quotidiano

249 2806 279 2856 et
301 2798 484 2868 transitorio,
508 2796 559 2855 sed
584 2806 615 2855 ut
639 2797 674 2876 dc
697 2798 864 2856 substantia
887 2795 1009 2869 durante
1033 2815 1051 2855 a
1073 2795 1244 2874 primordio,
1269 2796 1395 2871 angulos
1417 2797 1512 2855 iactos
1534 2812 1597 2854 esse

249 2887 278 2941 in
302 2889 379 2942 aire.
425 2883 501 2941 Illud
526 2883 651 2960 denique
674 2883 809 2943 dabimus
832 2884 978 2962 theologis
1000 2883 1218 2957 excutiendum,
1241 2882 1385 2957 Robusto,
1409 2880 1490 2959 quod
1511 2885 1599 2959 spiri·

246 2981 308 3030 tnrn
333 2971 450 3029 Domini
474 2988 510 3029 ex
534 2974 631 3029 verbis
653 2971 747 3030 Masis
775 2980 808 3030 tu
829 2969 902 3029 dicis
925 2974 1053 3030 animam
1077 2972 1183 3045 totius,
1215 2988 1283 3029 narn
1309 2973 1351 3030 ita
1379 2988 1426 3031 me
1452 2969 1599 3031 catholica
1712 2988 1717 2996 ·

247 3058 351 3118 docere
376 3058 491 3116 videtur
514 3059 651 3132 ecclesia,
683 3062 816 3134 spiritum
841 3058 961 3118 Domini
989 3065 1149 3118 creatorem
1172 3075 1253 3136 esse,
1285 3060 1417 3116 animam
1434 3060 1547 3130 totius,¹
1573 3060 1598 3116 si

246 3164 307 3223 qna
329 3156 390 3215 est,
422 3155 593 3204 creaturam
640 3146 737 3205 Tanto
766 3147 862 3205 minus
885 3147 974 3222 igitur
1003 3146 1111 3220 habes,
1144 3145 1223 3221 quod
1251 3164 1270 3203 a
1290 3148 1395 3222 spiritu
1418 3143 1538 3205 Domini
1561 3144 1599 3204 ad

245 3233 425 3293 radiationes
449 3236 506 3290 tuis
529 3235 747 3309 consequentiis
771 3232 908 3293 deducas.
1559 3257 1562 3262 ·

334 3320 505 3380 Biaextilem
529 3332 558 3379 et
579 3322 751 3380 trisextilem
773 3320 848 3379 ialso
871 3323 943 3380 mels
967 3319 1111 3380 admisces
1127 3321 1213 3379 novis
1228 3319 1406 3395 aspectibus.
1451 3300 1518 3379 Non
1532 3337 1598 3380 snm

247 3408 324 3467 adeo
348 3409 500 3483 stupidus,
526 3419 557 3466 ut
578 3410 698 3467 nomina
720 3412 782 3468 sine
804 3426 834 3467 re
857 3408 1063 3484 multiplicem,
1096 3425 1161 3466 cum
1183 3409 1292 3481 sciam,
1318 3406 1371 3466 ill'o
1394 3408 1518 3482 ιιίιιιιιιι,
1541 3409 1598 3467 isto

247 3499 417 3572 oppositum
440 3508 591 3570 aspectum
615 3499 762 3555 constitui.
1198 3533 1203 3544 ι

336 3583 449 3641 Durum
473 3583 526 3641 tibi
550 3582 679 3656 videtur,
703 3584 801 3660 plures
825 3600 890 3643 esse
913 3585 1065 3658 aspectus,
1097 3598 1185 3657 quam
1209 3590 1277 3640 sunt
1303 3535 1332 3640 lu
1356 3581 1479 3642 zodiaco
1502 3589 1600 3658 partes

225 3670 418 3743 ,integrales
464 3668 529 3727 Non
563 3669 659 3745 plures
691 3680 803 3744 statim,
837 3671 876 3729 mi
900 3669 1044 3742 Roberte,
1075 3671 1100 3727 sl
1123 3687 1191 3745 pars
1222 3669 1372 3746 integralis
1397 3669 1475 3730 idem
1504 3678 1600 3743 sonat,

249 3758 329 3833 quod
353 3756 519 3831 aequalium
543 3761 708 3833 portionum
734 3777 801 3819 ιιιιιι.
846 3756 956 3816 Divida
978 3773 1102 3831 namque
1125 3752 1309 3817 zodiacum
1302 3774 1332 3818 ιιι
1348 3757 1602 3818 dodecatemoria:

248 3855 333 3903 ιιιιιιι
356 3852 492 3920 aspectus
513 3848 704 3919 semisextus,
736 3845 863 3922 sextilis,
897 3843 1075 3920 quadratus,
1107 3846 1213 3918 trinus,
1243 3849 1409 3921 quincunx,
1433 3835 1597 3923 oppositus.

249 3932 358 3990 Divide
382 3949 494 3989 rursum
519 3929 620 4012 (potes
643 3935 736 4010 euim)
761 3936 788 3989 in
812 3932 1023 3995 decatemoria:
1052 3939 1136 3991 erunt
1159 3941 1295 4008 aspectus
1318 3932 1435 4006 docilis,
1459 3933 1599 4009 quintilis,

252 4019 402 4089 tridecilis,
427 4020 598 4093 biquintilis,
623 4024 785 4097 oppositus.
832 4019 940 4079 Divide
965 4019 1091 4094 denique
1117 4021 1145 4076 in
1165 4019 1367 4095 ogdoiimoriar
1392 4029 1476 4079 erunt
1497 4035 1604 4095 aspec-

250 4115 297 4166 tus
330 4106 491 4181 sequadrus
521 4125 573 4166 seu
607 4110 715 4197 octilis,
752 4107 926 4184 quadratus,
960 4106 1137 4183 sesquadrus
1165 4124 1225 4167 seu
1252 4108 1401 4179 trioctilis,
1439 4110 1600 4184 oppositus.

251 4194 356 4253 Potest
380 4193 471 4251 dividi
496 4204 525 4252 et
548 4198 576 4251 in
600 4186 790 4271 heptemoria,
814 4213 871 4254 nou
896 4203 981 4253 crunt
1003 4202 1099 4253 tamen
1123 4192 1174 4253 ulli
1197 4194 1356 4253 secundum
1379 4194 1455 4253 banc
1477 4194 1602 4252 divisio·

254 4298 321 4341 nem
345 4292 490 4356 aspectus
535 4282 582 4348 Ita
604 4300 663 4341 non
686 4284 793 4360 plnres,
818 4292 848 4341 at
870 4284 1023 4390 pauciores
1046 4282 1141 4340 babeo
1157 4292 1302 4358 aspectus,
1327 4299 1415 4357 quarn
1431 4290 1527 4360 partas
1550 4290 1601 4340 tuo

249 4387 337 4429 sensu
363 4368 529 4443 integrales.

336 4456 463 4514 Rursum
486 4473 531 4514 rna
556 4472 659 4515 oneras
682 4457 757 4516 laiso
778 4457 854 4529 dne,
887 4464 922 4514 ut
945 4472 1077 4529 corporo
1098 4456 1256 4531 repulesio
1278 4472 1451 4531 comparem
1473 4458 1602 4537 ospacti-

249 4544 313 4604 bus.
361 4546 451 4618 Atqui
468 4543 580 4601 nullum
594 4551 689 4602 exstat
705 4544 792 4619 hujus
808 4551 929 4616 conatus
947 4544 1113 4618 vestig-ium.
1159 4544 1217 4601 Cur
1232 4546 1308 4603 enim
1330 4550 1467 4619 aspectus
1483 4542 1601 4602 aliunde

250 4631 440 4703 deducerem,
474 4648 563 4705 quam
594 4649 612 4688 a
641 4630 741 4705 liguris
771 4623 887 4708 planis?
933 4631 973 4688 at
994 4640 1049 4689 n'ec
1079 4629 1152 4689 illud
1176 4648 1276 4690 verum
1306 4639 1363 4704 est,
1398 4632 1601 4706 proportiones

249 4718 435 4779 harmonicas
457 4735 508 4777 seu
534 4722 740 4778 consonantias
762 4722 792 4777 in
815 4734 903 4794 opere
926 4733 991 4776 meo
1015 4724 1095 4777 ortus
1119 4720 1208 4780 causa
1227 4718 1361 4778 distribui
1384 4719 1458 4777 inter
1472 4721 1602 4796 quinque
1652 4718 1656 4722 ’

250 4823 383 4881 corpora.
429 4805 462 4862 ln
487 4805 628 4881 Mystario
653 4806 902 4886 Cosmogrsplrioo
925 4807 1047 4865 tentavi·
1062 4803 1131 4880 qnid
1155 4805 1339 4881 hujusmodi,
1363 4807 1392 4862 iu
1415 4803 1601 4884 Harmonicis

249 4897 349 4972 potius
374 4893 498 4951 discutio
522 4903 636 4952 veteres
657 4893 712 4952 bas
733 4891 822 4953 meas'
839 4891 1093 4964 hallucinationes,
1117 4891 1186 4953 dum
1207 4905 1344 4971 aspectus
1368 4903 1427 4952 non
1440 4894 1514 4969 ipsis
1530 4911 1602 4954 con-

249 4984 394 5041 sonantiis
417 4982 607 5056 simplicibus,
631 4981 682 5038 sed
705 4997 804 5040 earnm
820 4983 922 5052 sociis,
941 4981 1139 5040 consonantiis
1162 4981 1332 5057 majoribus,
1357 4980 1473 5056 copulo.
1520 4980 1600 5041 (lave

247 5068 342 5129 lector
372 5068 531 5144 quidquam
561 5069 629 5126 hnic
657 5067 790 5128 lieberto·
818 5067 919 5129 medas
950 5085 1049 5127 earum
1072 5084 1182 5141 rerum,
1212 5085 1287 5144 quas
1318 5068 1368 5127 ille
1396 5067 1469 5127 mihi
1491 5068 1600 5143 tribuit,

251 5173 375 5232 quarum
398 5154 485 5215 fidem
512 5156 566 5214 tibi
579 5155 661 5216 ¹liber
682 5156 745 5229 ipse
768 5169 854 5216 meus·
872 5156 968 5215 iacere
989 5157 1091 5232 possit.
1138 5179 1159 5228 '.

337 5244 469 5320 Diapson
492 5252 522 5301 et
545 5244 737 5319 oppositionis
760 5252 910 5319 aspectum
934 5258 970 5301 ex
992 5242 1096 5303 iisdem
1118 5257 1174 5315 ego
1199 5240 1395 5310 fundamentis
1416 5244 1600 5321 geometricis

249 5328 366 5404 deduxi,
390 5347 444 5389 nec
466 5331 553 5406 hujus
577 5332 802 5389 consociationis
825 5337 927 5389 auctor
942 5331 1140 5406 sumpsimus,
1164 5332 1258 5389 oninis
1278 5330 1491 5407 astrologorum
1517 5332 1607 5401 natio,

249 5416 319 5476 inde
342 5435 361 5476 s
384 5416 457 5476 duce
480 5417 651 5475 Ptolemaeo
675 5416 784 5477 dudum
808 5434 872 5477 eam
894 5420 1012 5494 recepit.
1058 5417 1160 5487 Αιιιι,
1184 5414 1321 5491 Roberte,
1345 5422 1418 5477 tanti
1442 5433 1601 5480 cousensus

250 5504 402 5578 oblitus,
394 5522 423 5563 ιιι
447 5519 493 5564 rna
516 5504 610 5563 solum
634 5506 764 5579 intueris,
787 5522 833 5565 me
856 5506 992 5563 omnibus
1008 5503 1114 5562 ictibus
1136 5520 1188 5579 per
1204 5521 1305 5565 omnes
1320 5508 1499 5581 occasiones
1507 5507 1599 5585 petis,

250 5600 285 5651 ιιι
308 5596 544 5669 comparationes
566 5609 647 5652 meas
670 5591 825 5652 disturbes.
869 5590 1068 5652 Veruntamen
1083 5598 1125 5664 tu,
1149 5592 1257 5652 relictis
1272 5595 1499 5674 consociationis
1494 5592 1601 5671 hujus

248 5678 461 5754 laudamentis,
494 5680 600 5755 quibus
622 5694 683 5739 nou
703 5673 833 5743 subrutis
854 5679 939 5740 firma
959 5676 1013 5739 illa
1033 5693 1147 5757 semper
1169 5680 1276 5757 stabit,
1307 5680 1347 5742 ad
1368 5681 1489 5743 allectus
1511 5698 1600 5743 coeco
1696 5701 1698 5713 ⁴

1375 5786 1445 5851 28⁴*
