3684 7259
852 1223 993 1295 Apologia
1300 1214 1308 1224 ⁸
1417 1251 1420 1264 ·
1532 1215 1595 1280 443

248 1403 278 1458 et
302 1400 345 1459 sic
368 1399 403 1459 de
427 1404 539 1463 ceteris.
586 1401 617 1482 3)
641 1401 752 1479 Quodsi
775 1420 860 1480 urges
884 1403 1103 1463 similitudinem
1125 1406 1216 1472 tuam,
1239 1405 1272 1457 ut
1288 1394 1394 1455 claudo
1417 1395 1505 1453 etiam
1520 1392 1595 1472 pede
1670 1411 1673 1416 ⁴

247 1496 390 1562 properet,
414 1488 460 1548 dic
483 1505 601 1565 quaeso,
626 1489 774 1566 quodnam
797 1509 833 1550 ex
855 1493 1005 1550 concinnis
1022 1506 1171 1567 compares
1196 1504 1261 1547 oum
1273 1486 1386 1543 unitate
1409 1498 1499 1541 caasa
1513 1484 1596 1558 prio-

247 1573 365 1632 ritatis?
410 1578 494 1636 Anne
518 1593 575 1635 non
606 1595 694 1635 unam
717 1581 860 1658 primum,
890 1578 942 1640 scd
967 1582 1064 1638 omnia
1086 1579 1141 1635 tria
1164 1573 1399 1634 slmulcxistuat
1432 1576 1499 1629 ante
1523 1586 1596 1628 con-

247 1663 420 1721 sonantias?
466 1665 502 1721 Et
531 1681 581 1723 cur
607 1681 665 1723 non
693 1665 793 1741 plora,
826 1683 884 1725 nou
907 1666 1072 1744 pauciora?
1116 1664 1153 1722 Et
1176 1673 1264 1739 quam
1287 1661 1325 1719 ob
1347 1673 1467 1717 causam
1499 1656 1595 1733 qaod·
1650 1685 1653 1692 ·

248 1749 346 1808 libati
389 1750 525 1828 Denique
548 1769 624 1828 quae
647 1769 738 1812 causa
760 1754 936 1831 triplicitatis
965 1758 994 1813 in
1018 1757 1082 1830 ipso
1106 1750 1193 1810 ortui
1237 1747 1326 1807 Hisce
1353 1745 1497 1821 angustiis
1520 1743 1595 1803 libe·

246 1845 326 1895 ratur
348 1838 381 1909 is,
405 1841 454 1913 qui
479 1842 622 1899 condona
644 1840 760 1914 singula
785 1841 886 1901 delinit
901 1859 965 1902 esse
991 1842 1166 1900 differentias
1183 1827 1437 1897 consonantiarum
1453 1832 1595 1906 binarum,
1684 1829 1687 1836 '

246 1926 357 2002 priores
380 1933 512 1986 statuens
536 1930 759 2001 consonantias,
792 1940 854 1988 tum
877 1930 993 1989 demum
1022 1932 1102 2006 ipsas
1124 1926 1237 1986 differre
1267 1922 1434 1997 intelligens
1460 1918 1596 1978 differen-

246 2014 376 2087 tiamque
405 2012 461 2071 hoc
488 2017 605 2073 nomine
633 2017 765 2074 concinni
799 2016 981 2093 indigetans,
1012 2034 1078 2075 nam
1109 2030 1162 2093 pro
1190 2011 1359 2070 diversitate
1392 2009 1524 2084 bigarum
1548 2007 1596 2065 di·

247 2117 333 2158 uersa
363 2099 404 2156 ilii
429 2103 587 2177 gignuntur
609 2106 766 2176 concinna3
798 2104 924 2181 danique
947 2108 1075 2163 omnium
1104 2101 1301 2181 quaesitorum
1326 2113 1431 2157 causas
1460 2096 1597 2171 expediet
1669 2100 1671 2103 ⁴

247 2205 281 2245 ex
306 2187 362 2245 hoc
385 2197 449 2246 ortu
473 2192 631 2266 assignato.
678 2190 735 2249 Hic
763 2202 794 2250 tu
818 2193 910 2251 multa
932 2192 1095 2263 interseris,
1126 2205 1202 2267 quae
1225 2186 1387 2263 dispeream
1419 2185 1444 2241 si
1468 2183 1594 2259 videam,

247 2273 395 2350 quomodo
419 2293 532 2334 mecum
554 2286 703 2353 pugneut3
726 2296 803 2355 quae
826 2283 897 2357 quia
918 2299 965 2339 me
987 2297 1045 2340 non
1069 2279 1200 2347 attinent,
1223 2289 1318 2351 neque
1341 2269 1476 2346 delendo,
1499 2289 1595 2349 neque

246 2364 349 2420 refuto.
1651 2416 1653 2419 Α

334 2448 510 2508 Absarrdum
532 2453 625 2529 (oret,
658 2455 770 2529 inquis,
799 2462 919 2528 puncto
947 2453 1083 2512 derivari
1113 2471 1134 2510 o
1156 2450 1251 2509 lincis.
1297 2447 1383 2507 liora
1404 2446 1595 2509 similitudine

220 2553 361 2612 pugnas
385 2542 511 2596 omniurn
537 2539 740 2599 dissimillima
786 2541 930 2599 Punctum
961 2548 990 2600 et
1010 2539 1090 2600 linea
1121 2546 1185 2597 toto
1207 2547 1313 2614 genere
1340 2534 1490 2608 differant,
1520 2534 1594 2594 illud

245 2633 334 2699 negat
357 2628 558 2699 quantitatem,
582 2627 638 2686 hoc
661 2630 711 2686 ait.
757 2627 907 2689 Concinna
930 2638 959 2688 et
982 2645 1112 2688 consona
1134 2626 1188 2686 sub
1211 2624 1314 2684 eodem
1333 2624 1465 2700 proximo
1488 2638 1594 2698 genere

246 2714 465 2789 proportionum
489 2717 681 2773 continenmr.
728 2716 764 2773 Et
787 2724 884 2775 tamen
909 2724 941 2775 ut
962 2715 1022 2774 ilari
1046 2715 1122 2774 solet
1143 2716 1172 2771 in
1196 2711 1301 2790 plano,
1329 2717 1363 2769 ut
1385 2716 1493 2786 puncta
1516 2717 1596 2772 certa

246 2799 472 2858 determinentur
501 2818 642 2860 concursu
673 2801 831 2874 linearum,
865 2803 914 2862 ubi
944 2802 1039 2862 lineae
1070 2803 1157 2860 binae
1179 2802 1290 2877 priores
1312 2805 1380 2857 sani
1410 2798 1594 2874 puncto‘ilio
1643 2819 1650 2832 ·

246 2903 337 2945 causa
362 2890 407 2945 sui
432 2886 613 2948 determinati
638 2893 720 2962 situs,
744 2893 898 2950 sicariam
921 2883 1179 2949 ex'consonantiis
1209 2887 1285 2946 binis
1308 2901 1397 2962 unum
1422 2888 1594 2945 concinnum

248 2973 464 3047 determinatur,
488 2977 517 3033 id
534 2977 612 3051 quod
630 2976 835 3036 declarationis
845 2979 941 3035 solum
957 2995 1046 3036 causa
1058 2976 1167 3036 dictum
1180 2973 1257 3045 volo,
1283 2989 1340 3031 nou
1355 2965 1596 3052 probationis.⁴⁹)

335 3061 502 3137 Sequuntur
526 3064 699 3122 Cimmeriae
730 3066 883 3140 tenebrae3
914 3067 1035 3141 ignosce
1056 3063 1184 3122 Roberte
1217 3061 1368 3121 obtusitati
1400 3068 1503 3136 captus
1522 3056 1594 3124 mei.

249 3149 282 3207 in
306 3149 406 3224 figuris
430 3150 525 3226 planis
548 3152 715 3209 consideras
739 3155 883 3226 trigonoe,
906 3160 942 3210 ut
963 3152 1140 3211 elementum
1163 3144 1328 3226 figurarum
1341 3146 1596 3223 simplicissimum,

247 3239 275 3293 in
301 3239 414 3307 trigono
438 3240 578 3296 observas
602 3239 703 3310 lineas,
728 3256 801 3314 quas
823 3248 920 3317 partes
943 3240 1049 3315 trigoni
1072 3237 1213 3316 appellas,
1237 3238 1265 3293 in
1281 3235 1367 3305 lineis
1386 3242 1504 3310 puncta,
1528 3239 1596 3312 qui-

246 3324 301 3383 bus
326 3324 393 3382 iliae
417 3334 599 3384 concurrunt.
645 3323 713 3385 Jam
738 3329 944 3385 consonantiae
967 3327 1067 3403 figaris
1083 3339 1244 3402 comparas,
1267 3329 1368 3381 tonum
1391 3321 1496 3402 lineae,
1535 3325 1596 3383 Er-

247 3406 432 3487 spectabam,
466 3422 499 3471 ut
533 3415 658 3477 sicuta
686 3416 808 3488 trigonis
838 3414 963 3491 figuras,
996 3417 1038 3472 sic
1073 3432 1090 3472 a
1121 3414 1196 3471 tonis
1222 3411 1431 3471 'consonantias
1461 3412 1596 3488 componi
1666 3487 1669 3493 Ι

247 3516 408 3572 assereres3
441 3499 596 3580 hoc'enim
620 3500 775 3559 ridebatur
795 3506 941 3577 requirere
970 3502 1104 3559 instituta
1131 3500 1204 3559 ratio
1228 3496 1442 3572 similitudinis,
1475 3499 1596 3575 Jamque

246 3584 391 3645 habebam
423 3589 451 3643 in
475 3605 541 3656 ore,
575 3587 644 3664 quid
667 3588 724 3646 hoc
746 3588 853 3647 dicenti
880 3582 1057 3665 reponerem.
1105 3589 1145 3645 At
1174 3597 1279 3658 tonus,
1309 3593 1340 3642 ut
1362 3584 1469 3657 video,
1501 3585 1596 3646 lineae

247 3681 446 3750 comparatur,
477 3684 510 3733 ut
533 3678 608 3733 sicut
631 3678 659 3732 in
682 3675 782 3751 figuris
805 3675 1035 3753 multiplicantur
1057 3675 1166 3747 latera,
1197 3676 1240 3734 sic
1262 3676 1290 3732 in
1313 3676 1512 3734 consonantiis
1535 3676 1605 3732 toni

224 3809 230 3815 .
247 3760 447 3837 intelligantur
463 3764 602 3820 acerrari.
649 3763 688 3820 nt
704 3762 772 3837 quid
788 3779 862 3839 opus
879 3771 931 3835 est,
955 3762 1091 3835 Roberte,
1116 3771 1210 3821 ortum
1226 3762 1481 3822 consonantiamm
1496 3779 1597 3822 auare

246 3848 281 3909 dc
303 3864 383 3906 noro
406 3865 441 3906 ex
464 3849 607 3908 similibus
629 3849 878 3921 claudicantibus,
909 3868 973 3910 cum
997 3853 1036 3909 sit
1058 3853 1087 3907 in
1110 3857 1226 3927 promtu
1255 3850 1399 3925 genuinus
1422 3856 1451 3908 et
1473 3852 1596 3909 verissi-

246 3953 312 3994 mus
337 3953 436 3994 earum
461 3945 540 3994 ortus
564 3940 752 3997 exsectione
776 3937 902 3997 chordae
926 3937 1087 4008 circularis,
1117 3954 1192 4013 quae
1215 3936 1248 3995 lli
1271 3944 1321 4013 per
1343 3934 1475 4011 ligures?
1519 3934 1596 4011 Quid

247 4040 320 4100 opus
344 4023 528 4099 transfugere
551 4024 589 4082 ad
612 4025 826 4084 multitudinem
850 4025 972 4084 laterum
995 4025 1114 4099 figurae,
1138 4028 1160 4081 si
1177 4024 1260 4083 locus
1276 4029 1320 4082 est
1339 4025 1413 4081 onai
1431 4037 1597 4083 consonan-

246 4113 350 4169 tiarum
375 4110 403 4167 in
427 4114 614 4187 proportione
645 4116 867 4174 constitutarum
891 4114 1016 4190 partium
1047 4110 1168 4171 circuli?
1211 4110 1277 4169 Non
1300 4110 1425 4182 lrabeat,
1457 4110 1595 4185 Roboris,

246 4202 456 4257 consonantias
479 4217 533 4257 sua
556 4197 750 4256 moltimdinis
766 4203 884 4259 nomina
901 4220 918 4258 a
933 4214 1051 4258 nunrcro
1067 4199 1189 4256 lateram
1210 4187 1330 4273 figurae',
1358 4214 1596 4274 quaequumque

246 4288 350 4363 gignit.
396 4285 434 4343 Et
457 4288 527 4361 quia
549 4286 585 4345 de
608 4285 711 4346 iisdem
733 4286 833 4361 figuris
856 4296 888 4344 tu
912 4287 1049 4359 balbutie,
1075 4304 1148 4362 quas
1172 4293 1199 4343 et
1223 4302 1278 4361 ego
1302 4284 1421 4343 adhibui
1445 4284 1483 4344 ad
1506 4299 1595 4357 geue·

245 4376 390 4430 rationem
414 4376 683 4445 consonantiarum,
714 4391 785 4448 age,
816 4374 967 4434 discrimen
991 4374 1143 4434 ostendam
1168 4375 1242 4431 inter
1263 4372 1308 4443 id,
1340 4372 1419 4447 quod
1443 4389 1543 4432 verum
1567 4381 1597 4432 et

247 4460 367 4529 clarum,
390 4468 419 4517 et
442 4460 480 4532 id,
505 4461 637 4534 quod-tu
662 4464 800 4523 somnias.
845 4461 890 4520 Sit
912 4462 994 4519 verbi
1018 4478 1107 4519 causa
1136 4468 1335 4537 pentagonus3
1364 4460 1442 4518 bunc
1470 4468 1502 4519 tu
1524 4452 1605 4537 pro?
1651 4527 1655 4532 .
1750 4513 1757 4552 ,1

247 4545 294 4605 cul
319 4547 408 4604 dubio
432 4565 614 4625 comparares
637 4556 752 4620 sertae,
783 4550 853 4624 qaia
879 4555 913 4606 ut
933 4555 1117 4625 pentagonus
1146 4545 1236 4607 habet
1266 4550 1394 4623 quinqua
1417 4546 1524 4621 latera,
1554 4549 1597 4607 sic

301 4643 333 4693 ta
356 4636 484 4709 quinque
509 4636 597 4693 habet
621 4644 706 4694 tonos
728 4637 918 4713 promiscuos.
967 4636 1006 4693 At
1035 4637 1115 4694 irrita
1145 4643 1190 4694 est
1212 4636 1408 4712 comparatio,
1437 4637 1597 4695 nonenim

244 4641 404 4869 §hen
427 4723 518 4780 ullum
542 4723 651 4780 indicat
672 4724 747 4781 inter
769 4731 877 4793 sextas,
900 4723 1041 4799 majorem
1065 4730 1094 4781 et
1108 4726 1256 4782 minorem.
1304 4722 1396 4782 Aliter
1418 4738 1483 4800 ego.
1521 4722 1596 4782 Nam

263 4825 265 4830 ·
303 4812 481 4880 senentiam,
516 4826 590 4886 quae
619 4812 705 4869 tertia
728 4811 823 4885 maJor
844 4810 962 4879 dicitur,
995 4811 1081 4871 elicio
1105 4827 1140 4868 ex
1162 4818 1346 4888 pentagono,
1377 4811 1426 4886 qui
1458 4809 1596 4868 circulum

248 4897 452 4972 distinguitis
477 4916 561 4956 arcus
584 4897 723 4971 aequales
746 4900 886 4974 quinque.
933 4897 1003 4958 Sive
1033 4899 1122 4973 igitur
1150 4902 1242 4956 iotam
1266 4896 1404 4957 circulum
1431 4899 1597 4975 comparem

249 5001 313 5043 cum
338 4994 464 5060 quatuor
486 4987 546 5043 sais
570 4987 687 5060 quintis,
713 4987 777 5044 sire
800 4988 930 5062 quinque
945 4986 1103 5063 pentagoni
1127 4984 1220 5044 latera
1242 4987 1271 5042 in
1287 5000 1375 5044 unam
1390 4993 1498 5045 rectam
1515 5002 1597 5045 com-

247 5073 344 5147 posita
373 5088 437 5129 cam
461 5072 600 5130 lateribus
628 5071 692 5146 ejus
722 5080 862 5147 quatuor,
893 5075 1030 5149 utrinque
1052 5072 1123 5131 mihi
1151 5074 1280 5148 gignitur
1307 5072 1455 5148 proportio
1480 5068 1537 5155 7⁵³
1568 5078 1597 5130 et

248 5161 400 5218 inveniunt
423 5176 522 5231 auras,
556 5174 715 5217 consonare
738 5158 861 5218 chordas
891 5159 1024 5235 ejusdem
1047 5161 1188 5232 tensionis
1217 5161 1261 5219 sic
1282 5168 1475 5235 comparatas.
1520 5158 1595 5219 Mitt

248 5250 336 5322 igitur
362 5248 490 5321 gignitur
518 5247 617 5322 aliqua
648 5249 839 5304 consonantia
867 5257 1089 5323 apentagono,
1119 5255 1150 5305 at
1176 5259 1234 5304 non
1257 5249 1364 5324 accipit
1382 5261 1506 5319 noman,
1538 5264 1596 5307 non

247 5349 397 5393 numerum
428 5342 563 5392 tonorum
593 5351 612 5390 a
633 5343 812 5408 pentagono.
859 5332 942 5391 Etsi
973 5333 1055 5390 nulla
1077 5332 1136 5392 alia
1159 5341 1237 5391 esset
1260 5337 1450 5393 consonantia
1480 5340 1601 5411 praeter

248 5421 333 5492 banc,
356 5430 461 5480 natrrra
484 5421 560 5479 hanc
582 5423 697 5478 unicam
721 5436 779 5476 non
803 5419 921 5477 doceret
951 5421 979 5477 in
1004 5429 1088 5479 tonos
1113 5419 1260 5493 dividere,
1294 5419 1345 5480 sed
1370 5422 1403 5478 iit
1427 5422 1489 5496 jam
1513 5431 1596 5481 com-¹

247 5509 399 5584 paratione
422 5507 558 5583 plurium
572 5509 828 5566 consonantiarum
851 5510 1015 5581 quantitate
1032 5508 1238 5584 inaequalium,
1261 5516 1294 5567 ut
1313 5501 1474 5568 secuudum
1497 5503 1595 5569 earum

248 5613 384 5655 excessus
415 5599 563 5669 minimos,
596 5611 670 5671 quos
700 5595 842 5653 concinna
873 5592 1010 5668 dicimus,
1042 5594 1167 5656 ethaeo
1198 5603 1227 5654 et
1257 5597 1333 5655 aliae
1356 5610 1457 5656 omncs
1488 5600 1518 5655 in
1542 5600 1597 5657 seia
