3684 7259
622 1243 800 1300 nemausa
835 1244 982 1301 nuum.
1001 1244 1160 1314 napuras.
1500 1247 1559 1308 rat

228 1428 257 1479 et
278 1429 379 1480 sextae
408 1424 610 1498 comprima,
633 1426 682 1499 qui
707 1441 776 1483 vero
798 1440 835 1482 ex
857 1421 936 1481 Fet
958 1441 982 1497 e,
1013 1424 1210 1482 consonantiis
1238 1430 1357 1482 utuntur
1380 1419 1560 1496 adulterinis,

223 1508 295 1566 inira
318 1517 422 1582 quarta
442 1510 546 1585 majori
568 1529 591 1582 e,
615 1530 636 1570 a
658 1520 687 1570 et
707 1512 730 1587 s,
753 1511 788 1569 bb
811 1518 840 1569 et
862 1512 964 1584 quinta
986 1510 1088 1585 maj0ri
1111 1529 1135 1583 e,
1160 1512 1194 1585 iJiJ
1217 1518 1246 1569 et
1263 1512 1291 1588 s,
1313 1528 1352 1568 cca

308 1593 386 1669 Quid
407 1598 496 1672 igitur
524 1614 589 1659 cum
611 1597 729 1675 reliquis
753 1598 852 1657 decem
883 1598 1049 1674 speciebus,
1081 1599 1209 1672 inquies,
1239 1615 1302 1656 cum
1326 1614 1424 1655 omnes
1459 1589 1572 1655 usitati‘

223 1683 283 1739 toni
305 1682 473 1764 redigantur
495 1684 531 1742 ad
554 1685 706 1760 quatuor?
749 1685 890 1743 Nimirum
913 1683 950 1743 ad
973 1684 1029 1744 hoc
1050 1688 1197 1757 serviunt,
1224 1693 1257 1743 ut
1278 1687 1371 1744 sciant
1393 1685 1513 1757 musici,
1535 1685 1563 1749 si

223 1775 381 1843 systemata
402 1772 568 1849 principalis
592 1781 715 1832 octana
738 1790 774 1832 ex
798 1770 825 1829 G
848 1772 1009 1848 descriptae
1031 1780 1239 1855 temperemus,
1268 1780 1301 1831 nt
1323 1779 1426 1830 natura
1448 1769 1559 1843 suadet,

224 1865 290 1914 tunc
312 1874 497 1933 nequaqnam
524 1862 566 1917 ita
587 1862 673 1920 facile
705 1870 734 1918 et
755 1861 835 1918 varie
867 1861 1016 1947 transponi
1049 1876 1137 1935 posse
1169 1868 1284 1918 cantum
1313 1861 1377 1917 sius
1399 1859 1561 1917 mutatione

223 1945 395 2004 sinceritatis
418 1962 497 2018 suae,
521 1950 582 2004 nt
575 1950 630 2023 rpsi
653 1947 791 2007 habent
783 1963 812 2003 m
835 1964 899 2004 usu.
946 1946 1083 2005 Liberum
1106 1947 1192 2021 igitur
1214 1946 1271 2004 illis
1294 1955 1345 2020 est,
1372 1945 1419 2004 vel
1441 1945 1559 2020 rejicere

224 2045 322 2089 omnes
350 2031 481 2092 residuas
507 2036 545 2091 10
574 2044 691 2094 etcum
722 2037 758 2092 iis
780 2035 868 2093 etiam
891 2036 1131 2110 transpositiones
1156 2049 1242 2107 snas,
1275 2032 1322 2092 vel
1351 2034 1449 2104 fateri,
1481 2031 1560 2107 quod

224 2117 319 2192 plures
341 2120 449 2179 formae
473 2121 670 2195 melodiarum,
693 2120 788 2198 plures
810 2137 914 2197 nempe
937 2120 1015 2179 modi
1047 2120 1093 2181 vel
1117 2123 1178 2178 toni
1200 2123 1313 2198 possint
1336 2123 1458 2179 existere
1480 2109 1559 2195 iiqtt'e
1609 2110 1613 2119 ’

224 2202 388 2266 differentes
410 2207 448 2266 ab
471 2208 517 2266 iris
539 2212 650 2286 positis,
674 2209 725 2267 alii
746 2210 849 2284 magis,
871 2207 922 2267 alii
945 2211 1048 2280 minna,
1071 2215 1156 2285 prout
1171 2207 1413 2286 aequipollentias
1435 2206 1472 2265 ad
1498 2205 1561 2265 cal-

223 2308 284 2350 cem
312 2310 400 2372 supra
427 2294 510 2354 vides
539 2304 702 2356 mnotatas.
747 2296 822 2354 Nam
856 2298 881 2353 si
913 2298 1093 2373 superiorum
1128 2297 1213 2353 unius
1237 2304 1358 2355 octavae
1388 2292 1559 2353 intervallo-

224 2396 285 2437 rum
307 2384 450 2442 rationem
478 2382 619 2444 habemus
648 2382 773 2457 nullam,
806 2381 910 2441 dantur
940 2400 1010 2441 sane
1037 2385 1275 2459 transpositiones
1297 2382 1410 2459 aliquot
1437 2401 1455 2441 a
1480 2380 1506 2440 G
1528 2381 1558 2438 in

224 2474 289 2525 eet
310 2469 349 2528 ab
372 2472 395 2528 Α
419 2469 549 2529 rudet
562 2470 647 2530 sirac

310 2556 441 2630 Quaeras
462 2556 575 2636 ultimo,
597 2557 665 2634 quid
689 2555 828 2634 impediat
849 2554 914 2614 illas
924 2558 1189 2633 transpositiones,
1212 2557 1298 2616 toties
1310 2557 1381 2632 jam
1403 2574 1421 2613 a
1443 2572 1488 2614 me
1511 2571 1559 2613 rs·

221 2613 335 2716 jactas?
379 2644 522 2703 Videntur
551 2648 626 2704 enim
648 2662 732 2704 aures
754 2643 819 2713 illas
841 2660 900 2701 non
923 2643 1078 2720 impedire,
1105 2661 1170 2703 cnm
1193 2647 1222 2701 in
1245 2644 1377 2704 confesso
1400 2644 1454 2710 sit,
1478 2659 1559 2701 oom-

225 2732 309 2790 matis
333 2748 481 2791 excessum
503 2734 533 2790 in
555 2728 728 2803 intervallis,
759 2748 836 2806 quaa
857 2730 1003 2806 disjuncta
1025 2740 1091 2815 sunt
1113 2732 1184 2791 locis
1208 2732 1389 2808 systematis,
1419 2729 1457 2788 ab
1480 2729 1560 2787 anri-

225 2817 277 2874 bus
299 2835 357 2877 non
381 2818 541 2894 dijudicari.
586 2821 656 2879 Esto
679 2820 756 2878 enim
772 2825 906 2894 systema
929 2821 1147 2895 quamoptime
1169 2826 1283 2878 tensum
1313 2818 1351 2877 ad
1373 2824 1493 2878 naturae
1514 2814 1560 2875 le·

227 2922 277 2978 ges
299 2906 440 2965 hactenus
455 2906 625 2985 explicatas,
647 2908 798 2983 pulsentur
823 2903 860 2982 G,
882 2925 902 2964 a
925 2914 994 2963 eta
975 2907 1054 2983 a,tJ
1078 2914 1272 2982 rogenturqne
1295 2921 1395 2964 omnes
1417 2903 1571 2984 homines,

227 3002 371 3068 quotquot
392 2993 526 3065 audiunt,
558 3003 655 3052 unum
676 2992 894 3052 intervallorum
925 2991 1027 3050 horum
1050 2994 1089 3050 sit
1110 2993 1229 3068 majus?
1259 2995 1369 3053 nescire
1398 3008 1430 3050 se
1454 2991 1559 3060 dicent,

226 3098 279 3139 nec
301 3082 380 3158 prius
403 3080 579 3152 discernent,
611 3099 699 3157 quam
721 3081 877 3155 conjuncta
898 3079 1004 3137 inerint
1024 3080 1178 3140 intervalla
1206 3079 1271 3139 loco
1294 3078 1396 3138 eodem
1428 3085 1559 3150 octavas,

227 3167 280 3225 hoc
304 3176 363 3239 est,
396 3168 445 3226 ubi
468 3170 563 3244 spatio
592 3169 718 3227 chordae
748 3184 798 3243 per
821 3167 959 3225 circinum
989 3165 1141 3244 dispuncta
1174 3185 1238 3244 pars
1263 3168 1442 3243 octogesima
1468 3167 1561 3242 prima

226 3253 351 3314 chordae
374 3257 590 3331 intersepiatun,
622 3264 651 3316 et
672 3258 714 3315 sic
742 3254 817 3312 dnae
845 3252 1043 3326 longitudines
1067 3256 1108 3314 80
1131 3263 1160 3313 et
1183 3256 1221 3313 81
1248 3255 1382 3331 pulsatae
1405 3254 1559 3335 momentis

225 3344 361 3418 proximis
383 3346 510 3401 interae
532 3344 637 3401 inerim
658 3349 851 3417 comparatae.
895 3340 1079 3417 Respondeo,
1103 3343 1158 3402 atsi
1179 3341 1297 3400 auditus
1328 3357 1386 3399 non
1408 3340 1560 3416 distinguit

225 3429 345 3505 pulsatis
367 3431 459 3488 tribus
481 3429 553 3489 solis
575 3429 688 3489 chordis
711 3423 994 3507 octavae‘·(du0rum
1017 3428 1233 3488 intervallorum
1256 3422 1415 3509 terminis),
1439 3435 1470 3485 at
1492 3426 1560 3511 pnl-

223 3518 293 3575 satis
316 3517 450 3575 omnibns
471 3518 558 3575 unius
580 3524 711 3590 octavae
725 3515 848 3578 chordis,
871 3517 913 3572 sic
935 3514 1051 3574 tandem
1074 3515 1227 3591 distinguit
1249 3522 1384 3575 octavam
1402 3513 1428 3574 G
1450 3516 1560 3591 primo·

224 3607 350 3679 genitam
373 3611 402 3663 et
423 3604 584 3663 naturalem
614 3606 651 3663 ab
674 3606 786 3663 octavis
812 3602 937 3661 aliarum
961 3603 1095 3662 clavium.
1141 3602 1242 3662 Insunt
1266 3604 1342 3662 enim
1373 3607 1403 3660 in
1426 3602 1560 3662 omnibus

224 3699 344 3751 octavae
364 3691 528 3767 speciebus>
541 3690 642 3750 eadem
665 3689 819 3750 intervalla
829 3692 982 3764 ,concinna
997 3698 1117 3767 septem,
1140 3707 1216 3766 qnae
1236 3690 1326 3750 semel
1341 3705 1478 3767 expressa
1491 3688 1559 3766 pul·

163 3774 166 3779 ’
223 3781 334 3838 satione
356 3778 527 3838 chordarum
548 3781 646 3838 statim
668 3779 838 3837 haerent-in
860 3779 1000 3836 memoria
1030 3776 1065 3837 de
1087 3780 1265 3855 propinqu03
1296 3785 1328 3835 nt
1350 3777 1437 3836 facile
1459 3782 1560 3854 pateat

223 3865 342 3938 auditui,
365 3883 424 3940 quo
447 3866 511 3924 loco
534 3873 657 3925 octavae
680 3866 820 3924 naturalis
841 3865 965 3939 quilibet
988 3873 1073 3924 tonus
1101 3867 1230 3942 incipiat.
1274 3863 1341 3923 Hoc
1368 3871 1453 3942 pacto
1477 3880 1557 3922 com·
1620 3937 1624 3952 ι

222 3956 306 4011 matis
328 3970 431 4013 sensns
453 3955 506 4012 erit
528 3952 684 4029 implicitus
714 3951 953 4012 indistinctione
985 3959 1162 4012 octavarum.
1208 3952 1458 4028 Quemadmodum
1482 3952 1559 4010 enim

174 4059 184 4081 ·
223 4039 337 4099 auditus
360 4042 565 4099 consonantias
589 4043 668 4116 ipsas
690 4048 719 4099 et
742 4042 882 4099 concinna
897 4042 996 4099 omnia
1011 4039 1165 4099 intervalla
1179 4040 1283 4118 probat
1297 4040 1335 4098 ab
1351 4039 1462 4108 effectu,
1491 4037 1559 4095 liest
1601 4087 1602 4091 ,
1647 4086 1649 4089 ⁴

221 4144 277 4185 non
299 4136 431 4187 numeret
453 4126 647 4202 longitudines
670 4127 850 4196 chordarum,
874 4144 950 4202 quaa
973 4144 1090 4186 causam
1113 4129 1253 4205 praebent
1281 4125 1557 4197 concordantiarum,
1627 4147 1629 4152 ·
1714 4183 1723 4200 ‚

221 4216 261 4273 sio
283 4214 359 4273 idem
381 4213 499 4273 auditus
520 4214 646 4274 advertit
668 4218 755 4275 etiam
776 4216 911 4274 allectum
933 4217 1084 4274 commatis
1107 4211 1196 4296 ⁸⁰s3„
1221 4216 1274 4274 etsi
1298 4213 1328 4271 id
1350 4230 1407 4272 non
1428 4218 1559 4271 numerat

224 4300 355 4377 adeoque
377 4318 432 4362 nec
453 4301 562 4361 actuali
583 4301 708 4363 discreta
730 4304 866 4362 sensione
889 4303 986 4378 capiat
1009 4305 1139 4362 seorsim.

657 4597 661 4604 ,
765 4533 905 4604 CAPUT
932 4531 997 4603 XV.

424 4678 486 4745 Qui
512 4679 600 4732 modi
626 4678 679 4733 vel
705 4679 780 4755 toni
809 4678 936 4747 quibus
963 4677 1125 4733 serviant
1151 4677 1345 4734 affectibus.

302 4823 453 4882 Hactenus
476 4822 511 4882 de
533 4825 688 4905 principiis,
714 4840 749 4882 ex
772 4823 877 4898 quibus
900 4825 961 4882 toni
985 4830 1118 4883 constant
1144 4831 1172 4883 st
1196 4829 1295 4882 contra
1317 4840 1349 4882 se
1373 4820 1559 4900 distinguun-

222 4917 281 4984 tur3
301 4911 364 4986 jam
388 4927 481 4987 pauca
504 4910 598 4969 dicam
621 4910 657 4969 de
681 4911 801 4982 effectu,
825 4919 1021 4970 consentanea
1043 4910 1160 4986 quidem
1183 4914 1256 4971 rnsis
1278 4910 1434 4988 principiis.

304 4997 434 5056 Primum
456 4996 657 5057 admonendus
678 5000 724 5056 es't
744 4998 843 5069 lector,
856 4997 925 5056 'non
947 4998 994 5057 hio
1016 5000 1065 5074 agi
1089 4997 1124 5057 de
1148 4998 1370 5076 dispositionum
1390 5000 1478 5056 animi
1502 4996 1558 5055 dii·

223 5086 356 5156 ierentia‚
392 5102 468 5159 quae
492 5085 632 5157 efficiunt,
665 5094 698 5143 ut
728 5085 814 5145 homo
837 5089 934 5163 potius
964 5093 1063 5157 canat,
1094 5102 1181 5161 quarn
1205 5092 1236 5142 nt
1266 5087 1396 5144 oratione
1419 5086 1507 5163 plana
1528 5091 1558 5143 ct

221 5170 320 5231 sedata
350 5179 464 5245 utatur,
493 5189 587 5246 neque
618 5171 654 5231 de
676 5174 727 5245 lis,
758 5189 833 5248 qnae
855 5172 924 5233 hinc
948 5180 1081 5246 cantum,
1111 5171 1179 5229 inde
1193 5248 1194 5251 Ἴ
1207 5171 1369 5248 simplicem
1398 5174 1558 5231 orationem

219 5266 434 5334 consequuntur
458 5261 485 5315 in
509 5258 649 5336 auditore.
693 5260 767 5319 Nam
791 5268 824 5318 ut
847 5261 983 5319 alacritas
1006 5261 1094 5318 animi
1118 5266 1177 5327 est,
1203 5275 1278 5333 quae
1302 5276 1417 5317 omnem
1440 5261 1557 5318 omnino

220 5356 332 5405 cantum
360 5348 389 5403 in
417 5355 537 5405 canente
565 5339 712 5423 praecedit
740 5350 825 5422 eique
849 5346 939 5406 ueluti
963 5346 1052 5405 dictat
1078 5345 1250 5418 melodiam,
1283 5349 1326 5405 sic
1355 5349 1443 5406 etiarn
1472 5363 1557 5406 omne

219 5451 307 5507 genus
337 5436 503 5492 cantionum
531 5433 734 5492 concinnatum
763 5435 898 5512 voluptas
930 5433 1109 5492 audientium
1140 5434 1334 5508 consequitur.
1385 5431 1556 5508 separanda

221 5530 262 5579 est
266 5522 366 5581 nobis
388 5521 462 5582 haec
483 5520 625 5597 generalis
647 5522 797 5597 dispositio
820 5522 917 5593 animi,
941 5536 993 5579 seu
1015 5521 1112 5597 potius
1135 5520 1200 5579 loco
1219 5523 1357 5580 materiae
1372 5520 1557 5652 subjicienda

221 5606 259 5666 illi
281 5609 436 5668 affectuum
458 5608 635 5681 diversitati,
659 5626 746 5685 quarn
769 5610 816 5668 hic
838 5610 1013 5684 quaerimus

302 5696 376 5755 (inm
404 5703 501 5761 auum
530 5712 630 5756 omnes
658 5704 754 5773 partes
785 5693 887 5757 cantus
908 5696 1040 5756 concinni
1068 5701 1098 5755 et
1118 5693 1260 5755 naturalis
1289 5702 1474 5814 comparatae
1496 5645 1555 5757 siat
