3684 7259
526 1205 608 1263 37
611 1205 654 1262 0
1378 1218 1383 1222 ·
1554 1193 1851 1252 Ptolemaei
1885 1195 2191 1254 Harmonia.

523 1383 779 1434 mentum.
850 1372 953 1428 Est
996 1384 1129 1426 sane
1165 1374 1465 1429 communis
1510 1373 1768 1443 utrinque
1802 1380 2007 1441 motus,
2053 1376 2151 1429 sed
2201 1374 2254 1429 id
2291 1374 2397 1430 hoc
2432 1374 2763 1446 discrimine,
2815 1385 2878 1434 nt
2912 1379 3007 1435 ille
3039 1381 3094 1435 in
3129 1391 3221 1437 ex·-

524 1453 818 1525 primendis
861 1449 1131 1507 sonitibus
1179 1450 1394 1506 incedat
1437 1452 1741 1510 saltuatim,
1791 1450 1848 1506 iu
1883 1453 2154 1510 sideribus
2198 1455 2270 1509 sit
2304 1456 2611 1511 continuus.
2685 1457 2861 1512 Multo
2899 1458 3063 1527 igitur
3095 1475 3221 1515 con-

519 1534 733 1590 cinnius
770 1536 1160 1598 componentur
1195 1537 1387 1585 cantus
1423 1545 1544 1584 cum
1581 1530 1799 1586 incessu
1834 1531 2071 1586 humano
2106 1532 2411 1602 graduatio,
2448 1545 2611 1602 quam
2647 1551 2770 1590 cnm
2807 1543 2958 1591 motu
2993 1536 3219 1608 alicujus

522 1614 729 1669 sideris.
801 1607 960 1678 Quod
997 1625 1123 1666 vero
1159 1609 1507 1665 Ptolemaeus
1542 1625 1610 1663 ex
1646 1624 1713 1664 eo
1750 1609 1856 1663 vim
1893 1610 2147 1676 intendit,
2198 1610 2344 1680 quod
2379 1624 2560 1668 motus
2593 1613 2784 1670 localis
2828 1613 3118 1686 utrobique
3153 1618 3221 1673 sit

520 1693 686 1762 solus,
722 1691 778 1745 id
813 1704 1029 1749 rursum
1063 1691 1224 1757 longe
1259 1688 1485 1757 petitum
1523 1688 1808 1755 minusque
1844 1686 2101 1758 generale
2135 1694 2220 1745 est
2250 1698 2628 1759 argumentum
2665 1695 3087 1763 comparationis
3123 1711 3222 1751 nec

520 1772 627 1826 vim
663 1769 1046 1826 ullam-habet.
1119 1768 1257 1824 Nam
1294 1772 1392 1820 aut
1424 1781 1533 1820 non
1574 1774 1660 1821 est
1695 1766 1946 1823 absolute
1978 1783 2164 1825 verum
2212 1768 2280 1823 de
2314 1769 2628 1826 harmonico
2673 1781 2850 1840 motu,
2905 1780 3002 1827 aut
3035 1773 3090 1828 in
3124 1773 3222 1830 illo

519 1850 636 1906 solo
670 1866 778 1907 non
803 1857 904 1918 est,
939 1863 1042 1903 nec
1065 1860 1167 1917 pro
1190 1859 1250 1899 re
1274 1844 1495 1899 coelesti
1529 1844 1719 1900 haberi
1756 1847 1936 1913 debet,
1972 1863 2092 1908 cnm
2130 1848 2203 1904 sit
2239 1848 2459 1919 vulgare
2495 1847 2563 1904 de
2599 1850 2783 1906 multis
2817 1851 3086 1908 localibus
3110 1869 3220 1909 mo·

515 1931 681 1987 tibus.
752 1927 895 1998 Quid
928 1927 1076 1997 quod
1112 1940 1289 1994 neque
1326 1924 1393 1979 de
1428 1923 1582 1979 coelo
1619 1932 1825 1979 certum
1864 1933 1965 1995 est,
2000 1934 2183 1981 motus
2207 1926 2446 1982 siderum
2482 1926 2687 1984 locales
2722 1928 2929 1985 nullam
2964 1930 3223 2003 consequi

519 2006 911 2063 alterationem.
984 2006 1142 2060 Certe
1178 2009 1382 2058 motum
1419 2003 1581 2057 unius
1617 2002 1837 2072 sideris,
1875 2012 1936 2059 nt
1972 2005 2273 2074 Copernico
2312 2005 2517 2075 placet,
2554 2006 2792 2062 Telluris
2827 2023 3051 2078 nempe,
3099 2025 3223 2065 con·

519 2087 765 2157 sequitur
799 2081 1115 2139 vicissitudo
1152 2083 1379 2137 aestatis
1416 2087 1473 2136 et
1506 2080 1716 2136 hiemis.
1789 2083 1931 2138 Esse
1969 2092 2023 2138 et
2058 2084 2112 2138 in
2152 2083 2360 2154 reliquo
2397 2083 2549 2141 coelo
2587 2085 2954 2157 alterationes,
2991 2093 3227 2157 arguunt

519 2162 765 2220 maculae
798 2161 966 2230 Solis,
1019 2169 1262 2217 cometae
1311 2168 1367 2215 et
1409 2159 1544 2229 alia,
1593 2161 1885 2228 incertum,
1938 2178 2007 2217 an
2056 2177 2126 2216 ex
2163 2170 2320 2231 parte
2363 2163 2446 2217 vel
2495 2169 2613 2218 toto
2659 2164 2784 2218 illae.
2821 2172 3122 2234 sequantur
3155 2177 3224 2222 ex

518 2241 756 2298 metibus
787 2240 1074 2316 localibus.
1147 2241 1241 2295 Sin
1278 2240 1346 2294 de
1382 2255 1447 2294 eo
1481 2239 1766 2308 loquimur,
1806 2242 1952 2309 quod
1991 2249 2234 2295 veterum
2270 2241 2612 2309 planetarum
2648 2244 2829 2298 nullus
2854 2242 3015 2314 perit,
3054 2253 3225 2300 novus

521 2318 704 2376 nullus
739 2319 1005 2389 nascitur,
1054 2320 1195 2373 idem
1234 2328 1289 2372 et
1324 2317 1392 2371 de
1427 2317 1600 2372 Terra
1635 2334 1824 2373 verum·
1858 2327 1956 2374 est.
2028 2321 2217 2375 Posito
2254 2337 2380 2375 vero
2428 2321 2530 2374 boc
2576 2320 2886 2375 discrimine
2925 2321 3070 2376 inter
3104 2335 3222 2377 coe·

518 2401 687 2456 lestee
735 2406 1092 2465 terrenosque
1145 2403 1350 2464 motus,
1406 2412 1514 2451 non
1560 2396 1682 2451 ideo
1733 2393 2032 2466 quicquam'
2076 2406 2423 2468 promovetur
2468 2398 2763 2454 similitudo
2813 2399 3223 2468 proportionum

518 2477 834 2532 coelestium
871 2494 993 2533 cum
1027 2477 1372 2541 harmonicis,
1410 2492 1510 2530 nec
1545 2476 1778 2533 vicissim
1799 2477 2208 2546 impedirentur,
2244 2478 2346 2533 etsi
2381 2477 2437 2530 in
2463 2476 2618 2533 coelo
2645 2486 2831 2533 essent
2856 2476 3224 2551 alterationes,

520 2571 629 2610 non
663 2556 834 2625 magis
870 2572 1031 2623 quam
1082 2571 1113 2610 e
1148 2562 1309 2609 cantu
1359 2554 1596 2610 humano
1642 2554 1852 2612 tollitur
1905 2558 2208 2628 proporti0,
2261 2555 2305 2609 si
2344 2571 2446 2609 vox
2501 2556 2642 2610 inter
2677 2557 2981 2617 canendum
3032 2556 3224 2614 debilis

516 2633 789 2689 reddatur.
860 2635 986 2702 Ipse
1021 2648 1119 2702 per
1155 2647 1215 2687 se
1261 2638 1441 2688 motus
1478 2632 1668 2687 localis
1718 2635 1885 2689 trahit
1920 2651 2102 2689 secum
2141 2634 2382 2690 rationes
2418 2648 2572 2703 suas,
2621 2634 2876 2703 quicquid
2919 2636 3037 2704 jam
3074 2651 3225 2706 prae·

515 2719 667 2767 terea
701 2711 929 2767 accidat.
1262 2756 1265 2760 .

657 2791 967 2846 Secundum
1012 2796 1417 2861 argumentum,
1474 2809 1583 2864 qua
1628 2795 1683 2847 in
1718 2799 1878 2860 parte
1915 2792 2131 2848 deficiat
2166 2793 2543 2856 Ptolemaeus,
2590 2793 2709 2863 ipse
2756 2806 2854 2861 per
2903 2792 3224 2863 objectionis

494 2871 755 2941 ,speciem
791 2869 1021 2938 detexit3
1072 2870 1281 2925 valeret
1314 2879 1499 2927 tamen
1534 2873 1604 2928 ad
1641 2869 2079 2941 probabilitatem
2115 2871 2501 2928 adstruendam
2538 2870 2935 2928 accidentariae
2980 2871 3222 2942 ejusdem

515 2949 881 3009 similitudinis
918 2950 992 3018 (in
1027 2964 1190 3017 quam
1225 2949 1476 3006 rhetoras
1513 2951 1714 3020 potius,
1752 2966 1914 3017 quam
1952 2948 2310 3021 philosophos
2344 2948 2658 3006 incumbere
2692 2964 2794 3019 par
2828 2952 2988 3019 erat),
3033 2951 3082 3005 si
3117 2966 3221 3007 non

513 3032 684 3101 magis
721 3032 788 3085 ad
827 3038 990 3099 caput
1028 3044 1263 3097 sequens
1300 3030 1610 3098 pertineret.
1683 3029 1858 3086 Nimis
1893 3029 2033 3083 enim
2073 3029 2278 3085 recedit
2314 3029 2656 3085 Ptolemaeus
2693 3030 2750 3084 in
2786 3035 3024 3100 utroque
3059 3047 3212 3104 argu-

515 3119 699 3167 mento
744 3127 777 3164 a
821 3111 1102 3180 proposito
1146 3108 1391 3176 zodiaco,
1446 3109 1704 3165 delabens
1757 3109 1826 3163 ad
1864 3117 2068 3165 motum
2123 3109 2359 3165 siderum
2404 3111 2507 3166 sub
2536 3125 2634 3179 eo,
2685 3109 2753 3165 de
2789 3125 2898 3181 quo
2943 3118 3107 3167 erunt
3141 3125 3220 3170 se·

516 3193 738 3261 quentia
774 3190 971 3259 capita.
1045 3188 1188 3243 Illud
1242 3203 1309 3241 ne
1347 3189 1693 3252 obliviscare,
1748 3186 1892 3254 quod
1933 3189 2167 3243 reversio
2207 3190 2507 3258 specierum
2552 3189 2714 3244 unius
2761 3189 3027 3261 diapason
3058 3185 3221 3264 ,nllllo

515 3271 674 3326 modo
712 3285 933 3326 causam
969 3266 1172 3323 habeat
1208 3283 1383 3335 neque
1420 3267 1774 3336 archetypum
1809 3267 2146 3323 identitatem
2194 3269 2445 3339 principii
2482 3268 2718 3337 finisque
2754 3285 2849 3325 seu
2893 3272 2943 3324 in
2981 3267 3222 3338 zodiaco,

522 3365 617 3405 seu
654 3350 709 3404 in
745 3348 1075 3405 motionibus
1113 3346 1216 3402 sub
1254 3363 1346 3410 eo,
1387 3364 1509 3402 nam
1547 3348 1651 3400 hoc
1689 3354 1899 3402 tantum
1940 3347 2110 3416 abest,
2151 3356 2212 3402 ut
2248 3348 2295 3402 si
2331 3347 2385 3400 in
2425 3346 2631 3402 chorda
2665 3347 2747 3401 sic
2768 3346 3091 3417 principium
3129 3341 3223 3406 fini

519 3443 826 3484 connexum
865 3434 1026 3493 esset,
1078 3426 1379 3494 specierum
1418 3424 1693 3480 distinctio
1744 3424 1893 3478 nulla
1942 3426 2126 3480 futura
2161 3425 2325 3482 fuerit
2375 3427 2545 3496 ipsius
2589 3427 2864 3496 diapason.
2939 3415 3220 3506 Quomosp

515 3522 642 3561 vero
677 3505 1012 3562 instituenda
1049 3506 1120 3558 sit
1156 3505 1292 3558 haec
1330 3504 1686 3572 comparatio,
1740 3510 1799 3556 ut
1837 3512 1893 3558 et
1929 3502 2235 3559 articulatio
2273 3505 2343 3559 sit
2393 3514 2449 3559 et
2483 3505 2553 3559 ad
2591 3521 2788 3559 causae
2839 3508 3219 3570 necessitatem

515 3585 741 3654 propius
790 3582 1116 3651 adducatur,
1169 3585 1341 3638 dicam
1390 3586 1442 3637 in
1491 3585 1636 3637 notis
1684 3583 1750 3636 ad
1804 3588 1971 3649 caput
2016 3597 2267 3650 sequens.
2340 3583 2498 3651 Quod
2553 3584 2681 3639 item
2733 3594 2785 3638 et
2833 3583 2899 3638 de
2946 3588 3111 3642 tertio
3167 3587 3221 3639 et

517 3670 712 3734 quarto
750 3671 1066 3731 argumento
1103 3662 1415 3731 (licendum,
1467 3678 1608 3731 quae
1652 3662 1797 3715 haud
1835 3659 2001 3730 paulo
2050 3669 2175 3715 sunt
2210 3661 2435 3715 meliora
2483 3662 2784 3731 prioribus,
2838 3680 2957 3718 cum
2999 3671 3220 3721 naturae

516 3742 815 3812 penetralia
850 3743 1118 3797 referant.
1170 3742 1239 3795 ad
1277 3758 1512 3810 sequens
1550 3742 1692 3794 enim
1733 3748 1900 3809 caput
1949 3747 2005 3793 et
2053 3741 2173 3809 ipsa
2222 3742 2516 3810 pertinent.
2590 3741 2706 3796 Nec
2740 3740 2880 3795 enim
2933 3743 3057 3798 ideo
3112 3743 3218 3799 dia·

514 3838 688 3892 pason
726 3822 1080 3877 consonantia
1116 3822 1410 3890 respondet
1446 3821 1547 3888 ipsi
1586 3818 1891 3872 diametrali
1929 3820 2365 3886 configurationi,
2407 3820 2529 3887 quia
2570 3837 2633 3871 ex
2673 3827 2968 3888 systemate
3005 3822 3217 3890 quidam

515 3901 663 3957 velut
705 3901 959 3956 zodiacus
1008 3900 1244 3954 efficitur
1293 3898 1511 3965 (accidit
1548 3897 1651 3951 hoc
1689 3897 1767 3950 illi
1806 3898 2095 3966 aptationi,
2150 3907 2209 3952 ut
2246 3898 2481 3953 chordae
2533 3900 2793 3968 diapason
2844 3898 3108 3957 facientes
3143 3901 3217 3955 in·

521 3980 701 4049 ridant
741 3985 793 4033 in
833 3980 950 4033 laea
990 3978 1174 4033 rii-ruli
1213 3978 1502 4047 opposita),
1540 3977 1641 4031 sed
1673 3977 1724 4030 in
1765 3991 1980 4044 genere,
2019 3978 2141 4044 quia
2183 3985 2234 4030 et
2274 3977 2368 4032 illa
2404 3978 2753 4031 consonantia
2797 3984 2881 4031 est
2918 3979 3132 4051 aliqua,
3167 3985 3218 4035 et

512 4061 649 4113 haee
689 4045 946 4133 aspectus
994 4057 1202 4125 aliquis.
1276 4055 1490 4110 Accidit
1534 4054 1665 4110 illud
1706 4055 1923 4123 quidem
1960 4056 2236 4122 systemati
2274 4055 2518 4123 perfecto
2569 4055 2818 4124 pulchre,
2869 4065 2923 4111 at
2976 4058 3081 4112 hoc
3135 4072 3216 4112 ac·

512 4141 645 4193 cidit
681 4133 1094 4211 siuinkwim'me
1130 4134 1374 4205 pulchre,
1414 4142 1475 4189 ut
1512 4134 1652 4189 (luae
1690 4135 1927 4189 chordae
1963 4132 2205 4198 incidant
2238 4134 2293 4187 in
2331 4133 2472 4190 idem
2510 4143 2788 4204 punctum,
2827 4151 2969 4205 quae
2993 4138 3136 4192 inter
3158 4149 3215 4190 sc

512 4209 1122 4285 *lindim0hciant
1162 4230 1283 4268 eum
1308 4214 1722 4284 configurationi
1747 4211 2032 4282 corporali,
2070 4211 2125 4265 id
2151 4220 2238 4267 est
2260 4212 2645 4281 conjunctioni,
2684 4214 2864 4283 potius
2888 4213 3215 4283 respondeat

519 4276 1090 4369 iffihnfiss'fflfflflun
1138 4310 1257 4347 ιντο
1294 4293 1624 4362 respondeat
1661 4292 2074 4359 configurationi
2113 4288 2564 4361 quadrangulari.
2604 4299 2666 4347 ut
2706 4291 3006 4348 audiemus,

673 4358 849 4441 -Qjffl
878 4367 1190 4442 oppositum
1230 4381 1511 4441 aspectum
1548 4372 1782 4426 siderum
1823 4377 1879 4424 et
1915 4369 2324 4425 consonantiam
2371 4369 2632 4440 diapason
2672 4369 3080 4429 efficacissimos
3127 4389 3215 4444 ap·

405 4497 412 4504 .
512 4453 713 4517 ιιιΕΙῙῆτϊΤ
765 4453 817 4501 iil
853 4453 962 4505 hoe
998 4469 1158 4505 senisu
1201 4468 1382 4506 verum
1422 4466 1544 4506 esse
1571 4450 1792 4518 judico,
1836 4450 1881 4504 si
1917 4450 2035 4519 pari
2072 4461 2360 4518 utrumque
2396 4465 2562 4519 passu
2603 4451 2671 4504 sit
2711 4449 2932 4519 efficax,
2974 4451 3216 4509 efficacia

510 4529 723 4584 seilicet
757 4545 865 4582 non
902 4529 1105 4598 activa,
1161 4530 1256 4585 sed
1295 4529 1593 4598 objectiva,
1633 4530 1686 4604 id
1724 4539 1835 4599 est,
1886 4546 2028 4599 quae
2074 4546 2182 4583 uon
2218 4532 2523 4597 materiam,
2572 4530 2668 4583 sed
2717 4530 2947 4585 animam
2984 4532 3214 4602 aliquam

512 4614 751 4676 moveat,
801 4613 862 4659 ut
899 4607 1115 4674 obJecta
1148 4616 1613 4663 movent-sensus.
1690 4609 1792 4662 Est
1829 4609 1970 4662 enim
2010 4607 2554 4676 subintelligendum,
2605 4608 2812 4663 animas
2849 4610 3001 4679 ipsas
3036 4611 3217 4681 potina

507 4688 857 4756 perceptione
893 4686 1083 4741 harum
1122 4687 1563 4755 proportionum,
1602 4693 1711 4740 tam
1753 4688 2034 4754 vocalium,
2074 4704 2236 4756 quam
2275 4688 2603 4756 sideralium,
2640 4687 2786 4744 circa
2812 4689 2955 4745 lianc
2990 4689 3048 4747 in
3071 4698 3215 4747 utro·

510 4782 620 4835 que
655 4781 854 4837 genere
888 4765 1112 4835 duplam
1148 4765 1554 4835 proportionem
1592 4768 2004 4835 operosissimas
2045 4784 2189 4837 esse,
2243 4769 2321 4820 vel
2362 4768 2456 4823 illa
2491 4767 2961 4823 vehementissime
3007 4769 3214 4826 incitati

511 4844 581 4898 ad
615 4859 785 4914 opera
819 4860 935 4899 sua.
1009 4847 1128 4914 Qua
1167 4846 1234 4900 de
1272 4862 1327 4897 re
1365 4845 1504 4899 infra
1538 4845 1711 4915 plura.

684 4924 790 4980 Hic
828 4924 988 4980 etiam
1028 4924 1203 4980 obiter
1238 4926 1563 4994 notandum,
1602 4927 1972 4982 Ptolemaeum
2003 4928 2118 4995 jam
2158 4945 2266 4982 non
2307 4928 2535 4983 obscure
2572 4944 2604 4981 a
2641 4928 2907 4998 numeriS,
2946 4928 3001 4983 in
3039 4925 3212 4994 causis

508 5003 985 5060 consonantiarum
1021 5004 1445 5072 constituendis,
1481 5003 1552 5058 ad
1586 5020 1737 5059 meas
1773 5006 1960 5061 circuli
1997 5005 2286 5063 divisiones
2323 5005 2630 5061 desciscere
2674 5014 2730 5061 et
2766 5021 2981 5062 mecum
3016 5008 3212 5068 sentire

508 5083 772 5153 incipere,
817 5082 949 5137 dum
987 5098 1055 5139 ex
1089 5084 1194 5140 hac
1228 5082 1444 5139 demum
1480 5082 1847 5155 applicatione
1883 5083 2195 5154 systematis
2241 5084 2311 5152 ad
2346 5081 2627 5140 zodiacum
2674 5083 2972 5155 legitimam
3008 5083 3211 5144 invenit

507 5161 906 5232 probationem,
943 5178 1042 5218 cur
1077 5163 1340 5234 diapason
1376 5164 1450 5219 sit
1484 5164 1869 5233 operosissima
1906 5163 2408 5233 consonantiarum,
2457 5163 2668 5220 scilicet
2703 5169 2932 5234 propter
2964 5173 3208 5222 naturam
3242 5223 3250 5231 ,

508 5238 787 5300 divisionis
823 5237 1011 5299 circuli
1037 5257 1147 5311 per
1182 5242 1518 5299 diametrum.
