3684 7259
287 1205 351 1264 m
651 1198 798 1269 Appendix
814 1199 850 1255 ad
866 1198 965 1255 librum
982 1199 1014 1254 V.
1032 1198 1264 1255 Harmonicorum.
1285 1191 1292 1202 '

286 1394 355 1461 nas.
371 1383 479 1447 (xxii.)
522 1376 577 1437 llle
596 1384 691 1437 tamen
702 1381 796 1456 pergit
816 1380 855 1439 ob
866 1380 895 1439 id
909 1382 985 1439 iuter
995 1379 1115 1439 Terram
1133 1387 1163 1438 et
1176 1395 1284 1453 aquam
1300 1386 1428 1438 statuere
1441 1378 1633 1451 diatessaron,

288 1468 344 1523 trin
368 1480 438 1523 veto
461 1464 524 1538 ejus
547 1466 711 1538 intervalla,
734 1476 846 1538 tonum,
869 1476 985 1540 tonum,
1008 1469 1210 1537 semitonium,
1234 1467 1326 1524 tribus
1349 1466 1497 1541 applicare
1520 1467 1635 1542 spatiis,

286 1568 411 1623 summo,
434 1550 540 1625 medio,
564 1556 638 1627 imo,
660 1570 726 1612 cnm
743 1554 784 1611 iiii
808 1564 902 1614 certas
925 1574 960 1614 cx
984 1558 1080 1613 causis
1102 1557 1163 1613 suis
1187 1555 1375 1629 quantitates,
1402 1555 1459 1611 ista
1481 1570 1519 1611 ne
1541 1561 1635 1612 metas

286 1638 406 1716 quidem
428 1657 447 1698 a
469 1650 582 1711 natura,
605 1658 757 1699 mensuras
782 1659 850 1701 vero
873 1641 1033 1702 secundum
1055 1642 1129 1701 haec
1150 1640 1371 1715 generalissima
1384 1643 1527 1717 principia
1549 1640 1635 1717 plane

287 1725 527 1786 indeterminatas
547 1727 692 1801 habeant,
721 1738 751 1787 et
773 1731 816 1788 sic
844 1729 880 1789 de
903 1733 1016 1790 ceteris.
1061 1730 1101 1787 At
1124 1729 1194 1786 mihi
1227 1730 1354 1787 unitates
1377 1728 1542 1799 naturales,
1574 1729 1635 1786 bini

287 1830 330 1873 aa
354 1822 451 1873 motus
473 1814 657 1890 planetarum
680 1820 801 1874 extremi
825 1813 895 1897 (aon
918 1818 1012 1876 diurni
1036 1834 1090 1875 seu
1103 1816 1222 1886 horarii,
1245 1814 1317 1874 nihil
1338 1811 1484 1896 interest),
1507 1816 1636 1892 expressi

287 1920 307 1961 a
329 1912 435 1961 natura
456 1905 485 1959 in
509 1909 603 1962 comas
625 1920 695 1962 snas
718 1906 905 1979 quantitates,
930 1914 998 1964 sunt
1012 1906 1163 1982 propositi,
1187 1906 1216 1960 in
1233 1903 1339 1979 quibus
1360 1903 1525 1961 harmonias
1541 1919 1636 1977 quac·

286 2007 358 2050 tarta
379 1996 499 2057 (mit)
539 1988 594 2049 Ille
617 1992 647 2047 iu
669 1991 861 2050 tenebrarum·
885 2001 914 2051 et
938 1993 1012 2051 lucis
1034 1990 1173 2067 gradibus
1201 1991 1315 2065 quaerit
1341 1992 1544 2066 proportiones
1566 1989 1637 2048 har-

292 2081 434 2151 monicas,
465 2078 547 2136 nullo
569 2090 702 2155 respectu
730 2079 855 2155 alicujus
886 2088 998 2151 motum
1030 2096 1086 2154 ego
1116 2078 1283 2137 harmonias
1312 2080 1426 2136 nonnisi
1453 2081 1480 2135 in
1509 2078 1639 2135 motibus

286 2182 406 2241 quaero.
426 2172 546 2230 (xxiv.)
587 2164 641 2224 Ilio
663 2166 807 2241 pauculas
829 2165 944 2243 aliquas
967 2165 1191 2225 concordantias
1205 2164 1315 2224 delibat
1336 2183 1445 2240 easque
1467 2183 1502 2224 ex
1516 2182 1636 2237 suarum

286 2252 471 2331 pyramidum
495 2253 630 2324 mixtura,
653 2270 712 2328 qua
734 2252 874 2312 mnndum
898 2257 960 2330 ipse
984 2256 1119 2329 privatim
1141 2255 1171 2310 in
1187 2270 1241 2311 suo
1257 2254 1358 2311 animo
1376 2255 1487 2329 pictum
1509 2255 1635 2311 circum·

288 2350 396 2417 gestat,
420 2338 500 2399 elicit
521 2356 573 2398 seu
595 2339 634 2399 ab
657 2340 708 2397 iiia
730 2344 941 2418 repraesentari
965 2341 1088 2418 probat,
1116 2357 1175 2416 ego
1197 2347 1292 2398 totum
1314 2356 1418 2417 corpus
1447 2341 1636 2399 harmonicae

293 2428 568 2503 contemperationis
590 2430 815 2486 cumomnibus
836 2431 969 2505 partibus
993 2431 1021 2485 in
1045 2430 1181 2489 extremis
1204 2428 1387 2504 planetarum
1414 2428 1542 2486 motibus
1565 2444 1636 2502 pro-

287 2518 358 2591 priis
377 2514 540 2575 secundum
562 2522 657 2573 certas
680 2525 709 2573 et
732 2516 769 2575 ab
792 2518 971 2575 astronomia
994 2514 1206 2574 demonstratas
1229 2531 1379 2575 mensuras
1397 2517 1492 2574 inesse
1510 2512 1636 2573 demon-

286 2606 386 2661 stravi.
433 2602 492 2677 lpsi
517 2604 616 2677 itaque
637 2611 797 2680 conceptus
819 2622 890 2662 suns
912 2602 1031 2681 mundi,
1054 2603 1124 2660 mihi
1146 2602 1273 2660 muudus
1297 2605 1357 2679 ipse
1380 2619 1433 2661 seu
1456 2604 1485 2659 in
1508 2619 1544 2661 eo
1567 2620 1635 2662 rca-

287 2688 330 2750 lcr
352 2690 535 2769 planetarum
557 2697 655 2748 motus
676 2700 744 2747 sunt
766 2690 932 2766 subiectum
957 2689 1125 2750 harmoniae
1148 2688 1322 2748 mundanae.
1341 2694 1449 2760 (xxv.)

374 2779 417 2837 tu
440 2778 485 2837 itis
513 2779 615 2852 paucis
642 2775 774 2837 constare
803 2779 943 2849 arbitror,
976 2779 1030 2836 etsi
1058 2777 1096 2836 ad
1120 2776 1309 2853 intelligenda
1336 2779 1475 2851 mysteria
1504 2776 1636 2836 conserta

287 2864 491 2943 philosophias
515 2863 771 2940 profundissimae,
803 2884 892 2941 quam
914 2863 1003 2923 tradit
1026 2864 1185 2935 Rutenos,
1215 2866 1382 2940 cognitione
1410 2859 1633 2940 proportionum

287 2954 518 3013 harmonicamm
550 2954 668 3011 omniuo
697 2970 769 3028 opus
800 2961 863 3026 est,
895 2962 993 3011 tamen
1025 2952 1124 3024 iilum,
1156 2954 1207 3028 qui
1239 2950 1285 3011 vel
1315 2960 1409 3009 totum
1438 2968 1513 3027 opus
1536 2968 1634 3010 mcum

288 3040 417 3114 edidicit,
440 3039 538 3099 adhuc
559 3058 578 3098 a
599 3042 745 3115 mysteriis
768 3040 827 3099 illis
849 3040 1080 3116 perplexissimis
1101 3039 1268 3099 abfuturum
1294 3037 1373 3096 hand
1395 3038 1484 3114 paulo
1506 3038 1633 3115 longius,

290 3145 327 3188 ac
359 3131 441 3207 ipsas
463 3128 501 3186 ab
524 3128 743 3185 accuratissima
766 3127 939 3188 certitudine
956 3127 1232 3186 demonstrationum
1248 3125 1518 3185 mathematicorum
1540 3144 1637 3185 reces-

286 3226 394 3280 serunt
414 3222 525 3287 (xxvi.)
565 3231 664 3284 (contar.
678 3242 729 3281 pag.
746 3230 777 3278 19,
792 3232 829 3271 ubi
843 3231 948 3277 diximus,
963 3241 1004 3270 cur
1018 3230 1058 3269 uo·
1072 3240 1176 3270 numeros
1191 3228 1317 3280 1-xxvl,
1331 3229 1440 3270 cancelii·
1453 3229 1555 3269 inclusos
1563 3255 1570 3277 ,
1586 3237 1634 3269 vor·

286 3317 600 3370 massmannum)
627 3307 725 3382 Atque
748 3305 796 3363 hic
814 3304 877 3380 jam
899 3305 988 3364 etiam
1011 3302 1179 3381 appendicis
1203 3302 1267 3362 finis
1291 3311 1365 3362 esto.
