3684 7259
280 1165 345 1231 860
413 1229 419 1240 Ι,
455 1179 479 1242 '·.'··'
796 1152 946 1210 Ptolemaei
962 1153 1119 1212 Harmonia

347 1260 354 1280 ¹
416 1260 437 1302 si·
459 1259 501 1302 ..sir
589 1309 591 1314 Ι

280 1313 577 1406 mmm
597 1363 608 1404 ·.·
734 1335 792 1383 tum
816 1335 859 1385 est
876 1345 948 1385 nnus
972 1321 1136 1401 ethiu-
1151 1338 1258 1403 cantus,
1283 1335 1425 1391 semitonia
1444 1341 1551 1395 uatum
1569 1338 1632 1405 duo,

280 1432 332 1474 nec
349 1411 546 1483 erm.
563 1403 613 1468 aad
629 1407 659 1482 lu
676 1407 698 1463 'a
717 1410 799 1464 certis
817 1409 963 1466 distributa
979 1410 1174 1479 complectitur.
1245 1456 1247 1462 .

366 1493 440 1547 Nota
456 1487 490 1548 V.
524 1489 558 1546 ΙΙ
575 1488 665 1545 animo
683 1495 747 1543 sunt
763 1488 828 1542 ista:
849 1491 873 1551 lt
893 1487 1012 1543 essentia
1029 1490 1119 1550 animi.
1143 1492 1168 1556 2)
1187 1491 1308 1547 diversae
1327 1493 1385 1561 ejus
1404 1504 1506 1564 partes,
1524 1503 1555 1553 ut
1570 1498 1633 1552 Pto.

278 1573 399 1628 lemaeus
422 1567 553 1640 appellat,
581 1584 631 1621 nos
655 1565 800 1622 facultates
820 1568 942 1634 dicimus,
961 1575 989 1622 ct
1012 1569 1157 1636 cujuslibet
1175 1570 1312 1626 facultatis
1337 1580 1426 1629 certae
1445 1578 1564 1645 species,
1583 1595 1632 1633 nos

280 1650 444 1722 generaliter
462 1649 630 1719 appellamus
655 1646 790 1716 potentias
809 1646 962 1711 naturales,
991 1648 1017 1716 3)
1036 1647 1149 1702 virtutes
1167 1648 1336 1717 habituales,
1362 1657 1587 1724 contemplativae
1606 1667 1633 1713 et

279 1732 449 1801 operativae,
476 1732 502 1797 t)
521 1727 714 1798 dispositioncs
732 1733 924 1794 temporaneae
942 1741 991 1780 seu
1009 1726 1131 1781 affectus.
1167 1728 1254 1794 Igitur
1276 1745 1334 1799 cap.
1352 1732 1378 1786 t.
1403 1736 1521 1791 animum
1544 1740 1633 1809 ipsum

280 1812 448 1880 comparavit
464 1807 637 1863 harmonicae
654 1803 777 1859 facultati
796 1804 967 1881 generaliter,
987 1824 1046 1875 cap.
1061 1808 1249 1864 b-facultates
1268 1815 1461 1883 consonantiis,
1480 1826 1511 1873 ut
1528 1822 1634 1889 species

280 1904 330 1945 eeu
349 1888 484 1957 potentias
504 1895 531 1942 et
549 1886 658 1942 babitus
677 1885 759 1938 animi
777 1884 920 1953 speciebus
940 1886 1177 1939 consonantiarum
1196 1889 1343 1944 earundem
1361 1891 1483 1959 diversis,
1503 1905 1530 1951 et
1547 1905 1634 1951 toturn

281 1976 400 2040 systema
417 1967 576 2022 facultatum
595 1964 676 2018 animi
695 1965 753 2017 toti,
765 1964 905 2031 systemati
918 1965 1169 2033 consonantiarum,
1189 1982 1246 2034 cap.
1262 1967 1287 2022 6.
1300 1968 1427 2026 virtutum
1442 1989 1543 2040 genere
1554 1992 1634 2043 genc-

279 2047 354 2103 ribns
373 2056 482 2113 cantus,
510 2045 555 2098 hic
573 2059 638 2112 ergo
661 2057 720 2110 cap.
740 2043 765 2096 7.
784 2048 923 2109 comparat
947 2043 1036 2098 studia
1054 2043 1164 2112 publica
1190 2051 1218 2098 et
1237 2045 1351 2103 affectus
1375 2050 1543 2118 singulorum
1561 2055 1634 2108 tonis

279 2144 329 2184 eeu
347 2125 442 2181 modis.
481 2122 697 2192 Comparationis
715 2126 875 2187 argumenta
892 2137 962 2189 pene
981 2121 1088 2189 singula
1105 2124 1132 2177 in
1151 2123 1264 2194 singulis
1281 2127 1375 2181 insunt
1393 2129 1488 2184 verbis.

368 2205 487 2266 Primum
507 2203 610 2258 eratin
630 2216 696 2255 voce
714 2207 871 2266 comestae,
898 2200 1013 2255 alterum
1037 2203 1064 2255 in
1082 2218 1148 2256 voce
1166 2206 1295 2272 metatio,
1322 2206 1431 2262 tertium
1450 2226 1522 2264 nunc
1546 2214 1633 2267 estin

279 2286 432 2341 &emitote
468 2280 615 2338 Intervalla
634 2278 787 2347 systematis
806 2285 834 2332 et
852 2278 937 2333 series
955 2295 1048 2334 eorum
1067 2288 1198 2336 consueta
1206 2293 1400 2351 comparantur
1417 2290 1555 2344 consuetis
1567 2298 1634 2345 tem·

278 2380 377 2433 porum
396 2360 596 2420 conditionibus
620 2367 649 2414 et
666 2359 750 2414 veluti
767 2358 887 2413 motibus
904 2374 995 2413 rerum
1013 2360 1194 2427 publicarum:
1218 2367 1249 2416 ut
1267 2364 1340 2430 quod
1358 2366 1482 2422 Romana
1505 2366 1634 2423 bellicosa

173 2464 176 2470 ·
279 2445 339 2507 luit
356 2444 523 2498 Venetorum
544 2438 715 2495 mercatoria.
752 2438 868 2492 Mutatio
894 2450 991 2494 cantus
1010 2440 1044 2495 de
1063 2448 1127 2494 tono
1145 2441 1286 2505 intonum
1304 2453 1474 2512 comparatur
1491 2448 1635 2502 mutationi

279 2523 459 2594 reipublicae,
484 2526 515 2577 et
538 2535 601 2576 cum
624 2517 673 2573 illa
695 2517 775 2571 etiam
799 2515 950 2571 studiorum
974 2519 1144 2587 publicorum
1169 2520 1202 2574 de
1221 2528 1294 2575 statu
1313 2524 1427 2590 pacifico
1453 2524 1480 2579 in
1500 2526 1635 2585 bellicum.

280 2603 417 2671 quianon
435 2601 525 2658 minua
542 2600 638 2655 crebro
656 2599 723 2678 haec
741 2594 855 2649 invicem
874 2596 1024 2651 succedunt
1036 2596 1061 2649 in
1076 2598 1221 2667 republica,
1240 2618 1321 2669 quam
1333 2602 1380 2658 ills
1392 2605 1419 2658 in
1433 2613 1525 2662 cantu.
1555 2607 1634 2661 Iden-

278 2682 344 2737 titae
360 2693 426 2736 sero
442 2694 572 2748 generum
590 2685 686 2732 cantus
704 2677 732 2730 in
751 2675 864 2730 diversis
882 2676 954 2730 tonis
973 2678 1138 2733 assimilatur
1159 2677 1295 2732 identitati
1320 2681 1456 2737 virtutum.
1495 2686 1548 2738 Est
1569 2702 1633 2741 vcro

275 2759 383 2829 justitia
399 2759 427 2812 in
445 2773 527 2826 pace,
551 2763 639 2811 estet
658 2754 749 2823 aliqua
771 2754 798 2807 in
817 2755 904 2826 bello;
930 2758 977 2811 sed
1001 2759 1074 2815 aliud
1094 2759 1152 2826 ejus
1169 2758 1304 2825 objectum
1328 2767 1370 2814 est
1393 2759 1460 2827 illic,
1485 2763 1560 2816 alind
1581 2765 1633 2831 bic,

278 2853 330 2894 uec
344 2837 418 2892 idem
436 2838 497 2905 ejus
516 2833 675 2890 exercitium
687 2833 822 2901 numque.
839 2885 842 2890 ,
858 2834 890 2887 ln
903 2853 971 2905 pace
984 2854 1062 2892 sunm
1075 2839 1172 2906 cuique
1185 2837 1365 2904 tribuendum,
1385 2842 1465 2895 stiam
1481 2842 1634 2910 peregrino,

278 2917 307 2972 ia
325 2915 398 2971 bello
416 2933 471 2970 non
489 2915 584 2970 tribuit
607 2930 686 2968 suum
705 2913 823 2981 patriae,
849 2914 894 2981 qui
917 2916 1004 2983 parcit
1029 2916 1115 2985 hosti,
1140 2926 1188 2972 aut
1211 2922 1258 2986 qui
1277 2922 1390 2989 rigidam
1416 2923 1634 2979 distributionem

278 3014 369 3053 rerum
387 2997 459 3051 inter
476 2996 550 3053 cives
568 2997 650 3050 etiam
668 2996 707 3051 sic
725 3000 816 3068 urget,
842 3002 873 3048 ut
891 3011 924 3050 ea
941 2996 1046 3051 bellicis
1066 2997 1273 3053 necessitatibus
1298 3000 1489 3067 impedimento
1508 3003 1553 3055 sit.
1593 3003 1635 3057 lta

279 3078 359 3133 fortia
378 3091 440 3132 etse
456 3081 550 3147 potest
566 3075 664 3144 aliquis
682 3077 710 3130 in
726 3092 804 3150 paee,
822 3076 902 3131 fortis
920 3077 1001 3130 etiam
1019 3077 1048 3129 in
1066 3075 1152 3145 bello,
1171 3086 1199 3131 at
1217 3067 1304 3132 minor
1322 3081 1451 3134 memoria
1468 3081 1634 3138 fortitudinis

278 3155 335 3216 tute
353 3157 557 3227 obscuriorque,
581 3155 627 3210 hic
650 3172 714 3211 vero
737 3159 825 3226 major
848 3164 876 3211 et
894 3156 1043 3211 necessitas
1068 3162 1095 3209 et
1119 3157 1205 3223 gloria
1223 3158 1307 3220 hujus
1330 3159 1444 3214 virtutis.
1482 3160 1552 3215 Tota
1571 3180 1634 3219 vero

278 3237 560 3308 ,usucempavatimis
577 3255 641 3308 pars
659 3236 810 3292 rhetoricae
828 3236 931 3305 figurae
950 3233 1044 3289 similis
1063 3243 1117 3303 est,
1136 3235 1357 3303 probabilitatem
1376 3240 1510 3305 sequitur,
1529 3257 1634 3310 geome-

277 3317 377 3376 Μ
394 3315 463 3372 nihil
479 3317 560 3390 capit,
578 3334 630 3373 nec
647 3334 731 3373 causa
748 3317 860 3371 alterius
879 3314 1005 3373 similium
1024 3314 1178 3370 continetur
1195 3316 1224 3370 in
1237 3317 1331 3385 altero,
1351 3318 1423 3384 quod
1436 3320 1507 3373 hanc
1522 3319 1635 3387 primam

431 3395 434 3406 '
517 3398 622 3453 minet.

279 3393 505 3534 wilm
539 3476 609 3533 Erat
633 3479 766 3531 hactenus
789 3475 863 3531 nuda
887 3474 1066 3543 comparatio;
1094 3490 1166 3528 nunc
1190 3481 1218 3528 et
1236 3490 1333 3529 causas
1352 3475 1460 3545 attingit
1486 3478 1634 3549 naturales,

281 3569 353 3627 qm
369 3554 416 3612 ald
432 3560 500 3613 tono
522 3555 590 3620 alias
608 3556 736 3610 conciliat
758 3553 947 3625 proprietates.
985 3551 1120 3605 Paulatim
1146 3553 1217 3606 enim
1241 3556 1339 3608 transit
1361 3554 1395 3608 ad
1422 3555 1536 3609 alterum
1554 3574 1634 3612 mem·

250 3651 252 3659 ¹
279 3634 370 3708 brem,
385 3635 421 3689 ad
438 3633 512 3703 qnod
530 3634 585 3691 ieta
602 3636 687 3702 magis
706 3639 839 3704 spectant.
877 3632 977 3687 Modus
996 3632 1067 3685 euim
1085 3631 1205 3686 musicus
1223 3647 1273 3699 per
1291 3648 1320 3686 se
1338 3633 1397 3700 ipse
1416 3649 1470 3687 non
1488 3644 1530 3689 est
1547 3652 1635 3703 neque

158 3722 161 3729 '
207 3712 210 3718 ’
280 3717 417 3772 excitatus
435 3728 525 3783 neque
542 3721 676 3780 moestus,
696 3712 744 3767 sed
763 3718 795 3766 ut
811 3714 888 3781 ipsae
906 3729 1003 3767 vocum
1023 3711 1186 3765 Graecarum
1206 3712 1409 3766 terminationes
1427 3712 1568 3783 judicant,
1596 3716 1635 3770 sic

237 3852 241 3862 ,
281 3794 380 3851 (licitur
397 3795 432 3849 ab
451 3792 573 3847 efficacia
598 3795 648 3847 sua
665 3792 814 3847 inanimis.
851 3791 967 3845 Videtur
989 3796 1079 3844 autem
1098 3790 1271 3846 Ptolemaeus
1293 3792 1339 3846 hic
1362 3800 1442 3846 tonos
1468 3794 1527 3847 solu
1545 3793 1634 3848 altitu-

281 3873 346 3929 dine
365 3872 545 3941 distinguere,
564 3885 626 3928 cun
644 3879 758 3938 asserat,
777 3870 848 3925 idem
867 3870 953 3924 melos
972 3869 1032 3922 cani
1051 3884 1133 3937 posse
1156 3869 1183 3921 in
1203 3870 1315 3924 diversis
1333 3873 1414 3927 tonis.
1451 3873 1541 3940 Atque
1554 3873 1635 3927 etiam

281 3953 335 4009 sim
354 3951 488 4008 semitonii
507 3950 642 4016 differunt,
662 3957 690 4003 et
708 3950 777 4004 serie
795 3949 900 4018 reliqua
918 3949 1111 4003 concinnomm
1131 3954 1158 4001 et
1175 3949 1286 4016 reliquis
1305 3951 1400 4020 rebus,
1420 3967 1490 4018 quae
1508 3960 1572 4006 sunt
1590 3968 1634 4006 ex·

237 4052 239 4054 ¹
279 4029 397 4100 plicatae
416 4046 474 4099 cap.
496 4030 535 4085 14.
556 4029 617 4085 libri
636 4029 687 4082 mei
705 4029 754 4082 ΙΙΙ.
790 4030 886 4097 ltaque
904 4028 1048 4084 facultates
1073 4028 1142 4081 istae
1165 4028 1200 4081 ad
1226 4030 1373 4085 movendos
1397 4032 1500 4087 animos
1523 4049 1578 4087 non
1597 4032 1634 4085 in·

281 4115 345 4164 sunt
361 4109 428 4178 ipsis
447 4113 551 4164 mutum
570 4118 684 4177 propter
701 4109 871 4163 altitudinem
890 4123 983 4164 eorum
1001 4106 1028 4160 in
1047 4115 1193 4175 systemate
1211 4107 1342 4175 perfecto,
1362 4110 1410 4164 sed
1422 4109 1507 4164 multo
1520 4113 1636 4167 maxime

281 4194 393 4257 propter
410 4201 495 4255 genus
513 4197 542 4242 et
560 4189 680 4244 ordinem
699 4187 797 4255 cuique
815 4204 894 4242 suum
913 4188 1106 4241 concinnorum
1125 4186 1334 4243 intervallorum.

369 4269 442 4323 Nota
459 4270 518 4324 Vll.
554 4268 726 4322 Ptolemaeus
750 4268 796 4323 lib.
815 4269 863 4321 111.
890 4285 949 4337 cap.
970 4269 1010 4322 10.
1038 4266 1142 4320 dorium
1164 4267 1230 4321 facit
1253 4267 1394 4323 altitudine
1417 4270 1549 4341 medium,
1573 4274 1635 4328 inde

281 4365 376 4404 versus
402 4359 483 4404 acuta
501 4349 653 4419 phrygium,
678 4347 797 4417 lydium,
827 4348 1012 4403 acutissimum
1035 4346 1223 4416 mixolydium,
1249 4357 1276 4401 et
1300 4366 1394 4405 versas
1422 4352 1525 4418 gravier
1551 4352 1635 4421 hypo-

283 4427 393 4499 lydium,
414 4427 640 4497 hypophrygius,
660 4427 854 4496 hypodorium
883 4428 960 4494 quasi
979 4426 1071 4481 dorius
1090 4426 1224 4481 obtineret
1243 4428 1345 4484 clavem
1361 4432 1385 4486 G
1403 4431 1429 4483 in
1448 4432 1535 4499 molli,
1554 4434 1635 4501 phry-

201 4523 211 4539 ·
283 4508 344 4576 gius
368 4508 407 4573 A,
433 4505 522 4576 lydius
540 4506 583 4573 H,
610 4505 772 4575 mixolydius
798 4507 833 4568 0,
859 4506 1023 4575 hypolydius
1048 4506 1166 4561 vicissim
1190 4505 1229 4571 F,
1258 4507 1462 4578 hypophrygius
1480 4510 1523 4578 E,
1551 4512 1635 4581 hypo-

282 4586 374 4641 dorius
392 4587 429 4641 D.
464 4587 522 4640 Hac
542 4585 650 4654 qvvidem
668 4586 695 4638 in
714 4586 891 4653 dispositione
910 4585 1001 4641 differt
1019 4585 1190 4640 Ptolemaeus
1208 4587 1243 4639 ab
1262 4586 1418 4641 auctoribus
1437 4589 1541 4642 ceteris.

371 4666 555 4720 Communiter
579 4666 649 4720 enim
677 4664 711 4719 ab
730 4665 886 4720 uvrctoribus
906 4665 1077 4721 celebrantur
1101 4674 1157 4719 tres
1175 4663 1258 4717 veluti
1276 4664 1348 4719 modi
1365 4679 1422 4719 seu
1447 4667 1519 4719 toni:
1544 4666 1635 4725 dorius

283 4744 371 4813 gravis
390 4752 419 4799 et
434 4743 588 4806 modestus,
607 4744 735 4813 phrygius
755 4743 844 4798 mollis
862 4751 889 4797 et
908 4744 1054 4799 deliciosus
1080 4752 1108 4798 et
1133 4743 1317 4811 effeminatus,
1337 4744 1425 4813 lydius
1443 4744 1591 4801 bellicosus
1610 4757 1637 4801 et

282 4822 429 4878 iracundus
449 4829 476 4876 et
494 4822 642 4890 masculus,
663 4823 735 4890 quod
755 4839 805 4891 ego
824 4832 934 4879 secutus
953 4841 1012 4878 sum
1031 4840 1090 4891 cap.
1113 4824 1152 4877 15.
1173 4822 1235 4877 libri
1253 4822 1305 4877 mei
1322 4824 1371 4877 ΙΙΙ.
1408 4826 1524 4880 Nomina
1546 4834 1634 4879 traxe·

282 4910 345 4959 rant
366 4919 383 4957 a
401 4903 526 4973 gentihus
550 4918 655 4956 morum
678 4903 863 4958 consimilium.
899 4906 987 4959 Dones
1011 4904 1082 4958 enim
1105 4904 1233 4969 antiquae
1251 4902 1380 4957 Graeciae
1406 4903 1525 4971 populus
1549 4913 1634 4970 erant,

281 4981 403 5051 magistri
421 4982 514 5051 optimi
531 4982 732 5037 formandamm
751 4967 1019 5050 rerumpublicarum,
1039 4998 1152 5048 quarum
1171 4978 1245 5035 salus
1263 4980 1290 5033 in
1307 4982 1512 5036 conservatione
1530 5000 1634 5037 morum

282 5060 454 5131 antiquorum
479 5060 617 5129 consistit,
644 5060 762 5131 Phrygia
787 5061 869 5117 Asiae
890 5061 972 5117 beata
993 5059 1130 5130 provincia
1156 5058 1250 5113 molles
1273 5060 1405 5130 populos,
1433 5060 1520 5130 Lydia
1541 5071 1635 5119 contra
1727 5093 1730 5098 ·

281 5138 427 5209 bellicosos
444 5138 586 5194 educabat.

307 5274 309 5277 >
369 5239 444 5294 Nota
460 5238 534 5292 Vlll.
569 5238 693 5292 Alterum
722 5245 749 5293 et
773 5239 949 5307 praecipuum
973 5236 1070 5310 capitis
1097 5234 1245 5293 membrum
1269 5236 1321 5290 hoc
1343 5245 1398 5306 est,
1431 5239 1503 5306 quod
1526 5240 1633 5309 quidem

282 5318 436 5384 generalius
455 5326 483 5372 et
501 5317 608 5387 plenius
626 5325 685 5372 erat
698 5319 869 5372 tractandum
875 5338 881 5386 ;
902 5315 976 5384 quod
986 5321 1060 5388 patu
1068 5316 1252 5371 Ptolemaeum
1261 5318 1345 5372 fuisse
1358 5319 1501 5387 facturum,
1520 5320 1542 5373 si
1556 5337 1632 5390 opus,

283 5394 357 5467 quod
376 5404 480 5452 certum
498 5404 540 5452 est
558 5397 745 5465 imperfectum
764 5398 876 5466 abipso
894 5397 1078 5467 relictumt
1095 5397 1269 5465 perduxisset
1291 5397 1324 5452 ad
1345 5396 1522 5465 colophonem
1547 5407 1576 5452 et
1591 5416 1632 5454 rc·

283 5472 396 5530 vidisset
414 5474 537 5542 deniqne.
575 5477 645 5530 Nam
663 5483 691 5531 et
708 5494 762 5531 non
781 5477 855 5532 solae
874 5485 939 5533 sunt
950 5477 1112 5533 mutationes
1131 5479 1280 5546 modorum,
1300 5477 1344 5545 qui
1358 5476 1471 5531 affectus
1483 5478 1632 5532 animorum

283 5553 463 5622 meierum,
491 5564 519 5609 ct
543 5556 596 5626 ipsi
616 5555 690 5611 modi
711 5556 835 5626 pluribus
859 5558 938 5612 etiam
960 5556 1172 5626 proprietatibus
1196 5572 1276 5627 quam
1301 5556 1424 5611 acumine
1449 5563 1476 5608 et
1502 5556 1633 5624 gravitate

282 5631 400 5692 interea
419 5633 554 5703 differunt,
572 5642 600 5693 et
617 5650 717 5692 causae
734 5634 851 5704 denique
869 5642 934 5692 sunt
951 5634 1102 5692 evidentius
1119 5634 1304 5705 explicandae,
1323 5651 1372 5693 cur
1387 5634 1441 5689 ista
1457 5634 1566 5703 possint
1576 5650 1632 5693 mu·
