3684 7259
760 1240 844 1296 Liber
860 1240 909 1296 111.
929 1241 1018 1310 Caput
1035 1242 1107 1319 XIV.
1535 1251 1597 1311 ast

246 1504 308 1545 sese
326 1491 439 1546 tendere
457 1492 615 1547 harmoniae
634 1491 759 1547 coelestis
778 1495 970 1563 accessionem,
989 1495 1061 1549 inter
1078 1496 1182 1551 scilicet
1199 1512 1325 1551 numeros
1347 1502 1368 1566 l,
1411 1499 1429 1540 Γ*
1492 1491 1530 1572 At
1549 1496 1600 1564 Py·

245 1566 388 1636 thagoraei
407 1573 492 1626 ceteri
509 1572 654 1640 repudiato
673 1572 719 1626 illo
739 1572 833 1627 ordine
850 1571 1022 1628 tradiderunt
1041 1575 1162 1630 ordinem
1181 1576 1271 1642 chum,
1291 1592 1325 1631 ex
1344 1565 1405 1646 priir
1498 1574 1535 1630 tls
1552 1591 1602 1644 po·

245 1647 396 1718 steriorem,
415 1658 442 1704 et
460 1652 502 1705 usi
520 1664 658 1705 sacrorum
677 1667 788 1705 snorum
805 1666 978 1706 numerorum
996 1652 1103 1707 familiis
1121 1656 1145 1722 l,
1164 1654 1189 1722 2,
1207 1655 1233 1722 4,
1252 1655 1269 1709 8
1288 1661 1315 1708 et
1335 1658 1358 1721 l,
1376 1656 1407 1725 3,
1427 1656 1453 1724 9,
1472 1656 1514 1721 27,
1533 1654 1600 1710 invi·

245 1740 360 1792 temque
378 1727 490 1782 intextis
508 1730 547 1783 sie
566 1732 590 1796 l,
609 1730 634 1798 2,
653 1730 678 1798 3,
696 1730 722 1797 l,
741 1731 766 1797 9,
784 1730 809 1797 8,
828 1729 871 1795 27,
890 1730 980 1797 spatia
998 1731 1121 1800 sphaeris
1139 1733 1326 1801 superioribus
1339 1734 1534 1803 propemodum
1552 1734 1601 1787 im·

245 1819 340 1858 mensa
363 1806 553 1861 attribuerunt.
590 1808 632 1861 Ita
656 1808 729 1877 apud
756 1825 849 1864 omnes
876 1808 938 1862 illos
963 1809 1051 1877 ipsum
1073 1832 1103 1862 ro
1130 1812 1183 1878 baa,
1210 1812 1277 1866 ordo
1301 1812 1406 1868 scilicet
1423 1812 1600 1880 sphaerarum

245 1881 386 1938 involutus
404 1894 463 1940 erat
481 1902 578 1954 magna
597 1886 718 1954 caligine.
755 1886 929 1941 Ptolemaeus
949 1887 1056 1955 quidem
1076 1887 1209 1956 ordinem,
1234 1906 1314 1957 quem
1337 1891 1397 1959 ipse
1421 1898 1530 1946 secutus
1549 1896 1600 1956 est,

245 1962 275 2016 in
294 1963 384 2032 Opere
402 1968 502 2034 Magno
522 1966 708 2036 comprobavit
726 1968 892 2035 argumentis
911 1974 967 2021 tam
985 1966 1100 2035 levibns,
1120 1976 1151 2023 ut
1168 1968 1247 2023 facile
1266 1978 1419 2039 appareret,
1438 1968 1600 2022 etsiverum

247 2042 373 2111 credidit,
400 2046 479 2099 unico
504 2054 596 2100 tamen
622 2045 808 2113 experimento
828 2044 918 2112 (quale
942 2051 983 2097 est
1012 2043 1079 2099 illud
1098 2044 1132 2100 de
1150 2047 1269 2117 Venere,
1296 2065 1367 2103 nuuc
1386 2045 1506 2103 rotunda
1528 2062 1601 2101 nunc

245 2123 422 2194 corniculata)
441 2126 564 2192 potuisse
582 2125 658 2179 illum
678 2124 712 2177 de
731 2125 782 2177 hac
801 2123 928 2192 opinione
947 2123 1035 2190 dejici.

336 2219 461 2274 Secundo
487 2219 655 2287 Pythagoras
684 2222 718 2278 de
741 2224 889 2278 intervallis
913 2233 941 2278 et
965 2225 1062 2293 topicis
1089 2224 1265 2294 sphaerarum
1291 2231 1320 2279 et
1340 2224 1451 2279 musicis
1479 2230 1599 2278 motuum

247 2300 436 2366 quaestionem
453 2316 535 2353 unam
553 2299 630 2368 lecit,
658 2301 829 2357 Ptolemaeus
849 2304 922 2357 illam
940 2304 969 2357 in
988 2304 1070 2372 duas,
1088 2311 1120 2357 ut
1138 2318 1168 2357 re
1185 2318 1250 2358 vera
1267 2310 1343 2373 sunt,
1363 2302 1453 2357 divisit
1472 2309 1499 2356 et
1517 2296 1600 2371 priori

247 2378 282 2433 de
301 2379 424 2447 sphaeris
443 2387 525 2447 caput
544 2381 585 2434 14.
605 2381 688 2448 dedit,
715 2382 859 2449 posteriori
881 2381 915 2435 de
929 2382 1047 2436 motibus
1066 2390 1149 2452 eaput
1161 2384 1205 2438 15.
1241 2381 1363 2436 Nechoc
1375 2381 1479 2448 mirum,
1499 2382 1600 2450 quippe

201 2451 203 2459 '
245 2475 316 2524 cum,
336 2459 409 2527 quod
433 2458 514 2511 tertio
532 2457 593 2511 loco
612 2457 775 2526 notandam,
799 2460 982 2530 Pythagorici
1001 2461 1117 2529 primum
1136 2468 1239 2514 motum
1265 2460 1485 2527 considerarent,
1511 2459 1600 2513 Ptole·

245 2552 340 2592 maeus
359 2537 493 2591 secundos
517 2536 685 2604 singulorum
707 2539 840 2606 proprios.
876 2540 945 2594 Nam
970 2540 1028 2608 ipsc
1052 2539 1085 2592 de
1104 2540 1191 2607 primo
1209 2547 1286 2594 motu
1304 2547 1397 2608 egerat
1422 2540 1511 2609 capite
1530 2542 1553 2595 9.
1573 2546 1601 2592 et

246 2617 296 2684 11,
321 2625 450 2683 tanquam
470 2616 503 2669 de
523 2630 570 2684 so,
604 2616 650 2684 qui
667 2603 847 2670 ‘communiter
866 2617 980 2673 adesset
1001 2619 1125 2672 omnibns
1143 2618 1276 2687 planetis;
1302 2619 1392 2687 capite
1419 2633 1482 2672 vero
1503 2621 1546 2685 tt,
1570 2628 1601 2674 ut

244 2693 461 2762 supradictum,
488 2710 567 2748 orsus
586 2701 646 2749 erat
667 2696 911 2749 considerationem
936 2696 1103 2763 singulorum
1122 2694 1347 2766 planetarum'et
1375 2696 1414 2766 sic
1433 2697 1514 2750 etiam
1537 2714 1599 2766 pro·

245 2771 367 2839 priorum
391 2781 523 2827 motuum.
563 2773 632 2828 Nam
656 2776 707 2827 etsi
735 2775 815 2829 etiam
840 2774 1011 2845 Pythagoras
1036 2774 1157 2843 singulos
1182 2776 1338 2831 considerat
1361 2777 1499 2845 planetas,
1527 2784 1601 2831 recte

246 2858 337 2923 tamen
356 2852 462 2904 censuit
479 2850 659 2912 Ptolemaeus,
678 2853 793 2921 primurn
812 2861 914 2907 motum
925 2853 988 2907 illis
1006 2853 1120 2922 siugulis
1139 2855 1199 2909 loco
1218 2855 1316 2922 quietis
1334 2869 1409 2922 esse,
1429 2872 1489 2909 cum
1508 2870 1601 2909 omnes

247 2930 276 2983 in
293 2928 388 2983 eadem
406 2929 490 2984 veluti
509 2929 588 2984 domo
608 2930 720 2984 volubili
739 2933 886 3000 compacti,
905 2932 1029 2987 attritum
1048 2933 1118 2987 a‘eris
1137 2933 1253 3001 nullum,
1277 2932 1461 2987 diversitatem
1478 2934 1601 2986 motuum

248 3008 351 3063 nullam
371 3009 502 3076 sentiant,
529 3009 602 3077 qued
621 3009 692 3062 idem
717 3020 744 3064 et
763 3010 931 3066 defixarum
950 3012 1059 3066 circulis
1083 3012 1195 3080 diumis,
1221 3012 1328 3067 infinita
1344 3012 1535 3081 magnitudinis
1554 3028 1598 3066 va·

244 3090 342 3143 rietate
356 3105 385 3143 se
403 3089 516 3143 invicem
530 3105 546 3141 a
558 3089 622 3157 polo
643 3090 678 3143 ad
689 3099 865 3158 aequatorem
883 3090 1121 3159 consequentibns,
1141 3090 1285 3145 dicendum
1298 3096 1348 3145 est.
1383 3091 1495 3147 Rectius
1509 3091 1599 3147 adhuc

248 3176 320 3222 esset
339 3186 398 3222 cum
419 3169 569 3236 Copemico
586 3168 809 3238 philosophatus,
837 3172 859 3225 si
880 3171 1035 3238 statuisset,
1061 3177 1164 3224 motum
1182 3172 1298 3240 primum
1317 3170 1393 3224 coelo
1417 3184 1446 3224 re
1465 3184 1528 3224 vera
1546 3187 1601 3226 non

247 3247 345 3308 inesse,
363 3247 411 3300 sed
430 3247 524 3300 saltem
544 3247 629 3301 videri
647 3248 750 3315 inesse,
769 3249 853 3303 Terra
871 3250 898 3304 in
917 3252 1083 3305 contrarium
1103 3249 1194 3303 voluta
1218 3248 1290 3303 circa
1308 3263 1394 3303 axem
1431 3248 1501 3304 Hinc
1519 3249 1602 3316 igitur

248 3328 361 3395 emergit
384 3333 412 3380 et
438 3327 489 3380 hoc
508 3335 634 3393 quartum
657 3326 816 3396 discrimen,
844 3329 922 3397 quod>
937 3328 1107 3397 Pythagoras
1126 3328 1274 3396 superiora,
1294 3326 1467 3396 amplissimis
1489 3327 1601 3382 orbibus

246 3408 341 3476 citata,
370 3406 435 3460 lacit
453 3407 621 3473 acutissima,
648 3405 739 3460 infima
758 3406 929 3474 gravissima,
954 3415 981 3460 et
1000 3407 1111 3461 Terram
1130 3406 1208 3460 basin
1227 3405 1378 3473 gravissimi
1396 3405 1514 3460 omnium
1533 3406 1601 3475 soni,

211 3530 214 3533 ⁴
248 3486 292 3539 cui
310 3494 400 3540 tamen
427 3487 528 3540 rectius
547 3486 684 3539 silentium
710 3500 814 3539 merum
840 3485 866 3538 in
887 3478 938 3539 hac
957 3485 1083 3552 analogia
1102 3490 1281 3553 competeret:
1307 3483 1480 3537 Ptolemaeus
1505 3498 1601 3538 econ·

246 3565 330 3618 trario
354 3565 511 3620 acutissimo
535 3566 635 3619 sonitui
658 3571 798 3632 comparat
821 3564 926 3618 Lunam
948 3564 1083 3628 intimam,
1110 3565 1269 3632 gravissimo
1288 3563 1434 3617 Saturnum
1456 3563 1586 3619 extimum
1593 3586 1615 3639 ;v

248 3643 349 3699 Terrae
368 3643 400 3698 et'
413 3645 475 3700 fixis
496 3662 577 3701 sonos
596 3646 641 3700 hic
659 3644 749 3697 nullos
773 3645 908 3711 assignat,
936 3650 1013 3707 tanto,
1035 3659 1114 3710 quam
1133 3643 1302 3713 Pythagoras
1319 3642 1503 3712 verisimilior,
1529 3644 1602 3712 quod

247 3722 275 3776 iu
293 3729 352 3775 tota
371 3739 460 3777 rerum
477 3732 574 3777 natura
592 3723 656 3777 moli
675 3740 818 3791 corporum
839 3731 867 3776 et
884 3722 1035 3790 prolixitati
1053 3723 1295 3778 instrumentorum
1313 3722 1465 3777 associatur
1482 3723 1601 3790 gravitas

247 3816 384 3855 sonorum.
421 3801 489 3854 Vide
514 3801 575 3855 libri
598 3803 650 3855 mci
669 3801 716 3854 llI.
737 3818 797 3871 cop.
818 3805 842 3857 l.
879 3803 924 3855 Ex
942 3801 995 3857 hoc
1019 3802 1112 3870 itaque
1130 3811 1258 3872 apparet,
1283 3811 1414 3870 quantum
1438 3803 1603 3857 aberraverit

246 3880 322 3934 isab
341 3881 446 3933 intento
466 3879 628 3948 Ptolemaei,
655 3882 701 3948 qui
727 3882 847 3936 lemmati
871 3882 969 3949 capitis
987 3883 1029 3937 ts.
1055 3882 1246 3936 macedonem
1265 3880 1382 3949 subjecit
1400 3880 1599 3946 alienissimam,
1660 3949 1664 3954 Ι

248 3973 409 4028 comparans
428 3960 590 4026 Saturnum,
609 3968 640 4013 nt
658 3960 855 4030 Pythagoraei,
874 3977 937 4016 cum
956 3977 1022 4015 sono
1041 3960 1213 4027 acutissimo,
1230 3960 1337 4015 Lunam
1355 3975 1415 4012 eum
1434 3960 1601 4030 gravissimo,

219 4054 224 4061 ·
248 4048 276 4093 et
293 4038 403 4107 quidem
422 4039 448 4091 in
468 4038 522 4093 alia
540 4039 695 4107 systematis
715 4039 816 4109 forma,
834 4041 862 4094 in
881 4055 936 4109 qua
954 4040 1147 4095 tetrachordon
1167 4054 1359 4110 synemmenon
1382 4044 1424 4092 est
1439 4037 1500 4092 loco
1519 4046 1601 4093 tetra·

248 4118 342 4173 chordi
362 4119 583 4185 diezeugmenon.
619 4120 759 4187 Mirorqne
780 4120 904 4174 Barlaam
924 4119 1099 4181 monachum,
1119 4121 1165 4187 qui
1184 4121 1257 4174 hunc
1275 4135 1393 4173 errorem
1411 4118 1526 4185 notavit,
1545 4133 1601 4172 non

248 4207 360 4251 notasse
380 4205 407 4250 et
425 4196 508 4263 illum,
528 4196 566 4249 uti
586 4211 636 4249 nec
655 4196 716 4264 hoc,
733 4198 805 4265 qnod
823 4198 901 4253 fucus
920 4199 973 4253 iste
992 4199 1123 4252 Venerem
1142 4215 1226 4267 supra
1244 4198 1335 4252 Solem
1353 4195 1460 4250 locavit.
1491 4195 1600 4270 Quinto,

244 4278 301 4346 jam
321 4292 385 4330 vero
404 4275 576 4328 Ptolemaeus
594 4274 622 4327 in
641 4273 693 4328 hoe
712 4275 855 4330 absurdior
873 4282 916 4331 est
933 4276 1097 4346 Pythagora,
1118 4277 1191 4346 quod
1204 4276 1335 4345 sphaeras
1345 4274 1446 4343 primas
1464 4273 1600 4328 ueletiam

247 4371 361 4426 corpora
380 4355 519 4408 stellarum
545 4355 576 4409 iis
596 4362 673 4407 vecta
691 4354 730 4408 sic
749 4362 891 4424 comparat
908 4356 983 4410 sonis
1000 4356 1029 4414 in
1048 4362 1209 4423 systemate,
1235 4362 1265 4408 nt
1282 4354 1330 4406 illa
1353 4350 1521 4419 respectibus
1545 4370 1600 4407 mo·

248 4444 326 4492 tuum
346 4444 436 4490 exuat.
473 4434 672 4505 Longitudines
692 4434 763 4488 enim
783 4432 988 4500 diametrorum,
1011 4448 1060 4486 sen
1085 4432 1159 4500 qnod
1182 4432 1253 4486 idem
1271 4439 1314 4486 est
1335 4429 1528 4499 amplitudines
1551 4432 1601 4490 cir·
1635 4458 1637 4466 ι

247 4515 377 4582 culorum,
396 4531 445 4582 per
464 4521 617 4582 quieseunt
636 4512 743 4580 singuli,
763 4520 903 4581 comparat
920 4511 1137 4581 longitudinibus
1155 4512 1316 4566 chordarum
1330 4508 1484 4578 systematis
1502 4509 1530 4563 in
1548 4510 1601 4565 hoc

249 4594 288 4647 ll.
308 4593 407 4663 capite,
426 4601 528 4661 quanta
547 4609 609 4646 vcro
628 4591 768 4645 celeritate
787 4592 924 4645 vehantur
943 4590 1043 4658 singuli
1062 4606 1112 4658 per
1129 4606 1194 4645 suos
1212 4590 1301 4655 orbes,
1319 4588 1347 4642 id
1366 4587 1458 4642 differt
1476 4587 1503 4641 iu
1516 4596 1600 4658 caput

246 4688 372 4741 sequeus.
410 4672 438 4727 Si
457 4673 527 4726 enim
546 4671 659 4726 eandem
678 4671 845 4738 celeritatem
863 4670 996 4726 tribueret
1014 4669 1148 4738 omnibus,
1167 4684 1250 4724 causa
1267 4667 1343 4723 nulla
1360 4674 1442 4735 esset,
1460 4666 1525 4736 quin
1539 4684 1600 4723 cum

247 4751 387 4805 Macrohio
411 4752 589 4821 aperiodicis
609 4752 777 4819 temporibus
803 4750 1091 4819 argumentaretur‘ad
1111 4749 1205 4817 orbes,
1230 4755 1262 4801 nt
1279 4746 1342 4814 quia
1360 4745 1493 4800 Saturnus
1517 4747 1601 4814 trige-

248 4829 329 4898 euplo
348 4829 452 4884 tardior
469 4837 512 4884 cst
530 4831 602 4897 Sole,
622 4831 738 4885 eundem
757 4831 839 4885 etiam
858 4830 1010 4900 trigecuplo
1029 4829 1153 4884 altiorem
1172 4827 1235 4883 Sole
1254 4826 1369 4894 laceret,
1388 4839 1422 4879 uc
1441 4839 1510 4893 opus
1528 4832 1602 4878 esset

246 4907 273 4961 in
291 4907 419 4963 lemmate
437 4910 533 4978 capitis
551 4912 753 4978 praescribere,
777 4927 807 4965 se
824 4908 892 4965 vello
911 4910 1019 4966 demum
1038 4911 1140 4980 primes
1158 4922 1285 4963 numeros
1303 4905 1480 4974 investigare,
1501 4902 1600 4973 quibus

248 4988 450 5056 explicarentur
469 4990 647 5059 sphaerarum
665 4992 866 5059 proportiones.
901 4992 998 5059 ltaque
1017 4989 1101 5058 vides,
1120 5006 1175 5043 uon
1193 4987 1312 5062 alienum
1330 4985 1381 5039 hoc
1400 5000 1416 5039 a
1434 4991 1525 5039 mente
1536 4981 1601 5034 Pto·

246 5065 344 5122 lemaei
361 5068 454 5134 fuisse,
473 5087 489 5124 a
507 5086 550 5124 me
569 5071 750 5139 perscriptum
769 5072 797 5126 in
815 5071 977 5126 mactatione
991 5070 1088 5139 capitis
1102 5076 1130 5125 et
1144 5065 1310 5135 explicatum
1322 5061 1404 5132 paulo
1418 5062 1508 5131 prins:
1527 5058 1600 5130 quod

246 5145 389 5203 inferiores
407 5150 462 5203 sint
481 5166 510 5203 re
529 5165 593 5203 vera
611 5150 757 5204 celeriores
776 5149 971 5221 superioribus,
990 5164 1046 5204 non
1063 5156 1170 5203 tantum
1183 5145 1315 5201 brevitate
1326 5142 1439 5209 reditus,
1458 5139 1601 5196 sedetiam

248 5227 340 5294 vigore
358 5228 518 5296 celeritatis,
544 5237 574 5282 ut
593 5230 648 5283 siut
671 5229 710 5283 ita
728 5229 834 5297 periodi
851 5227 1008 5282 inferiorum
1026 5225 1178 5294 breviores,
1207 5238 1289 5292 quam
1306 5237 1355 5291 pro
1380 5222 1487 5277 orbium
1505 5217 1602 5286 ampli·

248 5305 352 5362 tudine.
388 5306 501 5360 Sextum
527 5313 555 5360 ct
573 5307 693 5376 speciale
717 5306 861 5364 discrimen
885 5307 956 5361 iuter
980 5311 1128 5374 systemata
1145 5301 1320 5372 Pythagorae
1344 5308 1372 5355 et
1389 5297 1537 5366 Ptolemaei
1559 5305 1602 5366 est

247 5384 274 5438 iu
299 5384 485 5453 amplitudine.
522 5387 693 5455 Pythagoras
718 5387 789 5440 enim
814 5400 907 5439 omnes
932 5381 1056 5453 planetas
1080 5390 1108 5437 et
1129 5382 1200 5436 fixas
1226 5377 1305 5434 unico
1331 5377 1463 5450 diapason
1486 5373 1602 5432 includit

247 5466 399 5520 secundnm
416 5465 548 5529 Plinium,
573 5466 619 5519 alii
636 5466 817 5536 Pythagoraei
835 5464 907 5533 apud
926 5461 1094 5516 Macrobium
1116 5461 1144 5516 id
1167 5457 1334 5528 ampliarunt
1357 5456 1392 5511 ad
1410 5456 1528 5511 tetrakis
1544 5453 1601 5509 ‹tia-

247 5558 336 5611 pason
359 5546 539 5615 epidiapeute.
576 5546 732 5601 Ptolemaeo
756 5544 872 5616 dispersi
894 5550 958 5598 sunt
981 5540 1107 5610 planetae
1131 5555 1180 5610 per
1199 5544 1318 5606 systema
1340 5534 1504 5605 perlectum,
1528 5531 1601 5603 quod

248 5620 453 5688 amplitudinem
476 5623 560 5678 habet
582 5624 764 5693 disdiapason.
801 5624 932 5694 Septimo,
957 5620 1142 5692 septenarium
1159 5617 1331 5688 planetarum
1356 5623 1470 5684 uterque
1494 5612 1602 5690 quaerit

247 5698 330 5755 etiam
346 5701 375 5756 in
393 5717 444 5758 suo
462 5703 619 5774 archetypo,
636 5704 769 5775 religione
786 5703 933 5777 praecipua
950 5700 1115 5772 septenarii,
1134 5698 1195 5769 qui,
1212 5703 1244 5753 ut
1260 5693 1418 5754 Macrobius
1436 5692 1600 5758 ex-Somnlo

246 1412 320 1482 quod
345 1428 431 1482 usque
452 1414 610 1469 Macrobius
634 1400 752 1469 affirmat
775 1415 858 1484 (apud
884 1416 1051 1476 Macrobium
1076 1417 1146 1471 libro
1165 1416 1201 1473 ll.
1224 1418 1252 1471 iu
1279 1418 1416 1472 Somnium
1424 1417 1598 1656 &plomb
