3684 7259
326 1219 389 1278 418
792 1209 958 1281 Appendiais
975 1212 1200 1269 Harmonicorum

327 1410 414 1469 quam
436 1396 551 1468 tempus
573 1389 722 1447 nominare
744 1387 887 1463 solemus,
911 1394 997 1452 miror
1020 1409 1074 1468 ego
1099 1392 1242 1464 vicissim,
1264 1391 1362 1470 mirari
1385 1396 1428 1462 te,
1452 1389 1595 1463 Robusto,
1620 1406 1669 1449 cur

326 1479 399 1538 nibil
421 1476 579 1537 admodum
609 1476 644 1535 de
667 1477 846 1552 temporibus
873 1482 1087 1555 perscripserim
1117 1483 1143 1535 in
1175 1495 1260 1555 opere
1290 1477 1478 1537 Harmonico.
1526 1476 1610 1553 Quae
1639 1488 1669 1535 tu

327 1568 417 1626 verba
439 1581 474 1624 eo
499 1566 704 1639 interpretaris,
729 1573 891 1639 temporum
913 1567 1129 1643 inquisitionem
1152 1584 1171 1624 a
1193 1584 1239 1623 mo
1262 1565 1397 1624 frivolam
1419 1567 1576 1625 aestimari.

413 1654 459 1711 Aa
483 1653 656 1723 nonenim,
681 1668 790 1726 quaeso
814 1661 858 1723 te,
882 1649 1067 1729 cum'caplte
1095 1657 1141 1712 13.
1167 1662 1283 1712 cantum
1307 1652 1468 1725 delinirem,
1499 1651 1670 1730 particulam

326 1740 486 1802 definitioni
509 1741 625 1809 inserui,
649 1738 730 1813 quae
748 1744 911 1816 temporum
934 1740 1172 1817 complecteretur
1187 1739 1361 1799 mensuras?
1408 1741 1452 1798 An
1468 1748 1568 1816 potest
1582 1737 1669 1815 quid·

327 1846 415 1906 quam
438 1826 584 1885 aestimari
606 1826 769 1927 friuolam,
793 1826 886 1902 quod,
911 1831 961 1904 qui
983 1828 1040 1887 hoc
1081 1853 1122 1901 p„
1161 1845 1215 1910 aro
1239 1828 1359 1899 dicitur,
1388 1829 1417 1885 ln
1440 1826 1609 1886 definitione
1632 1828 1671 1884 rei

327 1913 432 1994 pouit?
477 1915 523 1971 An
546 1930 603 1971 nou
629 1914 756 1971 vicissim
780 1916 808 1970 in
832 1913 1057 1989 explicatione'
1050 1910 1311 1984 'oulao
1335 1914 1385 1973 iol.
1404 1916 1474 1974 178
1499 1912 1672 2014 paragraphi
1747 1906 1749 1909 ’

328 2004 365 2062 de
388 2002 529 2061 mensuris
552 2009 657 2076 aperto
674 2002 757 2059 satis
768 2018 883 2058 causam
912 1995 1076 2062 brevitatis·
1122 2027 1155 2050 a·
1185 2008 1204 2053 tl
1216 2015 1243 2060 «ι
1275 2000 1415 2073 indicaui,
1445 2020 1509 2062 non
1535 2018 1597 2061 ease
1617 2002 1673 2059 ια’-

317 2069 393 2150 bor
415 2091 544 2147 instituti
566 2088 635 2145 mei
647 2090 681 2146 ιἰι
702 2087 756 2147 boc
777 2103 865 2161 opere
898 2090 934 2148 da
956 2077 1107 2148 marculfi
1133 2083 1305 2176 ς’·ἰὀςιῖ
1350 2087 1426 2163 Quid
1457 2090 1586 2160 miraris,
1616 2104 1671 2146 non

327 2178 412 2255 plura
437 2194 456 2234 a
479 2192 524 2234 me
548 2172 719 2263 disputata?
764 2174 891 2233 Causam
919 2179 1034 2253 accipe:
1064 2175 1109 2231 ιιιι
1171 2157 1198 2224 [²⁴
1236 2177 1359 2235 instituti
1390 2178 1464 2249 mei;
1496 2192 1672 2251 quamquam

331 2267 419 2325 etiam
441 2263 515 2321 libro
540 2261 591 2319 IV
615 2259 666 2320 iol.
691 2261 762 2318 228.
787 2261 886 2320 addidi
909 2265 1051 2339 paucula,
1078 2280 1155 2337 quae
1176 2264 1252 2322 circa
1274 2280 1424 2323 mansuras
1448 2263 1538 2322 habet
1560 2264 1673 2338 po'e‘tice

327 2370 394 2412 curn
415 2349 556 2409 artificiali
580 2349 691 2407 musica
714 2352 887 2421 communia,
911 2354 982 2426 quia
1003 2352 1043 2410 ibi
1068 2350 1124 2409 loci
1147 2350 1200 2407 luit
1223 2352 1347 2409 instituti
1372 2354 1426 2409 mei
1445 2349 1597 2425 explicare
1621 2367 1673 2408 ra·

218 2456 220 2458 ·
328 2440 461 2498 rietatem
484 2436 728 2516 subJectorum,
722 2437 880 2511 inquibus
904 2446 1001 2497 essent
1023 2438 1201 2497 harmoniae.

415 2522 498 2598 Quae
521 2524 606 2582 affers
628 2523 811 2600 argumenta,
835 2532 865 2582 ut
887 2525 1003 2599 probes,
1027 2525 1234 2600 disputandum
1251 2527 1315 2584 es'ss
1338 2522 1373 2583 de
1389 2530 1518 2601 tempore
1538 2524 1673 2583 scribenti

328 2611 365 2672 de
387 2611 545 2671 harmoniis
567 2610 766 2686 planetarum,
790 2625 825 2668 ea
850 2611 993 2670 ducuntur
1016 2631 1034 2670 a
1056 2619 1188 2689 respectu
1213 2612 1350 2687 temporis
1373 2614 1476 2686 priori,
1500 2609 1619 2686 dequo
1643 2613 1670 2667 in

328 2701 474 2776 praesenti
497 2697 721 2774 comparationis
743 2698 887 2773 particula
908 2699 1006 2758 nullus
1029 2699 1113 2757 nobis
1136 2708 1179 2757 est
1202 2715 1306 2757 sermo.
1354 2696 1467 2758 Graves
1485 2714 1575 2757 sonos
1592 2714 1672 2757 com·

329 2804 400 2863 paro
424 2802 494 2852 sane
517 2785 645 2843 motibus
668 2783 794 2856 Saturni,
818 2794 850 2843 ut
873 2783 1009 2862 planetae
1033 2786 1200 2862 tardissimi,
1224 2786 1279 2844 hoc
1295 2795 1339 2844 est
1361 2789 1410 2861 qui
1434 2785 1522 2862 longo
1543 2795 1672 2862 tompore

329 2892 432 2951 parum
455 2874 565 2931 itineris
588 2870 711 2930 conficit.
758 2873 798 2928 nt
820 2873 958 2948 quamdiu
982 2873 1125 2931 Saturnus
1149 2873 1280 2931 obtineat
1303 2873 1423 2932 eandem
1446 2875 1511 2931 soni
1542 2874 1672 2948 gravita-

329 2969 396 3031 tem,
420 2958 541 3020 eandem
565 2960 682 3034 inquam
705 2966 735 3017 et
758 2960 928 3018 uniformem
950 2967 1047 3022 motus
1068 2963 1113 3017 sui
1137 2960 1311 3034 tarditatem,
1334 2960 1391 3019 hoc
1413 2960 1484 3021 nihil
1507 2961 1613 3018 attinet
1634 2957 1671 3018 ad

327 3048 507 3109 harmoniam
531 3044 695 3117 coelestem,
713 3055 752 3110 ,ut
774 3046 802 3101 in
826 3050 1001 3121 quaomnia
1023 3046 1131 3123 gradus
1155 3046 1310 3120 tarditatis,
1333 3050 1357 3106 si
1373 3048 1591 3108 accuratissime
1607 3048 1672 3121 agi-

329 3154 403 3207 mus,
428 3143 472 3193 est
494 3136 724 3202 momentaneus,
747 3131 881 3209 adeoque
904 3152 957 3193 nec
980 3134 1118 3211 possibile
1142 3143 1187 3213 est
1207 3134 1326 3206 homini,
1349 3152 1502 3211 procurare
1521 3132 1672 3194 durantem

329 3223 366 3282 ad
396 3221 515 3298 aliquod
545 3228 659 3296 tempus
690 3227 822 3279 motuum
850 3221 967 3284 Saturni
998 3220 1255 3297 aequabilitatem,
1292 3239 1344 3281 uec
1373 3218 1574 3300 ἐιδεχομειοι,
1608 3232 1674 3297 post

329 3312 516 3371 constitutam
538 3308 627 3366 semel
649 3310 892 3383 permutationem
915 3311 1082 3367 continuam
1105 3309 1250 3368 intervalli
1280 3310 1354 3367 inter
1376 3308 1523 3384 planetam
1555 3317 1585 3367 et
1606 3308 1673 3367 lon·

329 3404 388 3456 tem
411 3397 474 3472 ejus
497 3402 601 3466 motus,
626 3410 714 3469 quam
737 3394 882 3453 interualli
906 3396 1097 3454 mutationem
1121 3399 1285 3455 rrecossario
1308 3399 1446 3471 sequitur·
1467 3398 1607 3455 continua
1628 3397 1674 3451 in-

187 3469 190 3478 ’
244 3536 248 3545 .
329 3486 422 3544 tensio
445 3490 475 3542 et
496 3483 627 3541 remissio
650 3488 790 3553 motuum,
813 3489 1016 3559 praeterquam
1039 3486 1067 3541 in
1084 3482 1245 3559 apsidibus.
1289 3482 1354 3541 Non
1370 3483 1460 3542 habet
1474 3485 1563 3559 igitur
1579 3481 1672 3541 locum

329 3587 464 3631 mensura
486 3571 623 3645 temporis
646 3569 674 3625 in
698 3570 826 3627 motibus
849 3569 1026 3629 coelestibus
1048 3569 1215 3629 harmonice
1231 3572 1462 3647 contemperatis,
1486 3571 1671 3645 inquantum

260 3674 265 3687 ·
329 3658 495 3717 harmonice
518 3664 586 3715 sunt
608 3658 834 3731 contemperati3
858 3655 948 3715 habat
970 3676 1040 3716 vero
1064 3657 1160 3716 locum
1184 3658 1233 3715 ubi
1256 3660 1403 3732 procurari
1418 3663 1523 3733 potest,
1549 3659 1577 3713 in
1601 3655 1672 3714 har·

329 3748 427 3805 monia
450 3743 560 3803 scilicet
582 3743 727 3806 humanae
752 3745 841 3813 vocis,
865 3752 898 3801 ut
919 3762 996 3819 quae
1021 3745 1113 3803 omnis
1137 3746 1165 3800 in
1179 3744 1387 3820 aequabilitate
1411 3761 1549 3802 sonorum
1572 3761 1674 3802 versa-

330 3839 391 3904 tur,
416 3839 447 3890 ut
470 3831 613 3908 explicavi
637 3829 710 3887 libro
733 3828 785 3886 IV.
810 3829 859 3887 iol.
884 3833 957 3891 228.
1002 3831 1063 3890 Nec
1086 3833 1161 3890 enim
1185 3834 1294 3903 omnis,
1327 3831 1378 3891 sed
1401 3832 1547 3890 humanas
1569 3830 1673 3890 saltem

330 3922 412 3980 vocis
434 3921 545 3978 musica
568 3933 671 3975 manca
693 3924 723 3975 et
745 3915 882 3975 deficiens
905 3927 966 3988 est,
990 3920 1052 3977 sine
1075 3936 1209 3977 mensura
1231 3922 1377 3995 temporis.
1424 3919 1459 3977 ut
1482 3917 1554 3990 hoc,
1578 3935 1674 3993 quan·

330 4017 392 4067 tum
414 4008 518 4065 attinet
540 4004 576 4062 ad
600 4004 745 4071 humanae
769 4005 851 4062 vocis
873 4007 1023 4076 musicam,
1048 4006 1161 4065 suiiecit
1184 4006 1255 4064 mihi
1278 4006 1415 4084 brevibus
1431 3996 1582 4064 monuisse
1598 4003 1673 4063 dicto

331 4093 381 4153 iol.
409 4095 478 4163 178,
502 4090 674 4169 properandi
697 4092 805 4167 quippe
828 4090 866 4148 ad
889 4092 1031 4151 coelestes
1055 4102 1084 4152 et
1100 4094 1308 4151 astronomicas
1323 4093 1498 4165 harmonias,
1523 4093 1675 4167 inquibus

330 4180 427 4241 locum
449 4197 507 4238 uon
530 4179 621 4237 habet
643 4177 757 4237 duratio
781 4181 957 4253 temporaria
979 4180 1129 4238 uniformis
1152 4179 1317 4251 celeritatis,
1340 4178 1452 4239 scilicet
1474 4181 1545 4255 quis
1567 4195 1673 4255 scopus

330 4269 420 4328 totius
442 4267 499 4326 mei
523 4267 618 4342 operis
640 4282 698 4324 non
721 4266 750 4322 in
775 4264 825 4324 illa
847 4265 992 4339 humana,
1025 4266 1133 4327 sedin
1157 4268 1212 4326 hac
1235 4266 1353 4327 coelesti
1383 4266 1535 4327 harmonia
1565 4265 1675 4326 defixas

330 4355 398 4428 fuit,
422 4360 454 4412 ut
477 4352 553 4413 clare
576 4352 723 4430 professus
745 4369 810 4411 sum
833 4352 881 4411 iol
910 4354 970 4412 195
995 4352 1060 4411 libri
1084 4352 1138 4411 111.
1149 4350 1188 4433 θ’)

417 4441 536 4500 Interim
561 4438 641 4498 velut
662 4449 743 4499 extra
766 4441 844 4499 riam
862 4439 1042 4500 monendum
1064 4446 1093 4500 te
1116 4440 1194 4515 duxi,
1218 4439 1294 4500 male
1317 4458 1363 4500 me
1386 4416 1461 4500 ate
1472 4442 1550 4501 circa
1570 4439 1675 4499 cubum

332 4545 395 4587 esse
424 4535 607 4605 perceptum,
639 4533 671 4584 ut
699 4542 787 4601 quam
816 4544 871 4602 ego
900 4527 1043 4604 figuram
1055 4544 1150 4603 neque
1180 4525 1307 4605 pondere
1338 4544 1431 4604 uequa
1455 4545 1528 4586 sono
1556 4544 1674 4603 gravem

331 4617 435 4689 statui,
458 4632 513 4674 nec
535 4615 676 4691 supremis
699 4612 825 4689 planetis
848 4614 886 4673 ob
909 4632 1010 4676 eorum
1033 4622 1129 4674 motus
1151 4614 1332 4684 tarditatem
1358 4614 1409 4674 sed
1433 4614 1470 4674 ad
1494 4615 1674 4675 constituen-

332 4702 401 4763 dum
424 4718 523 4762 eorum
546 4699 730 4759 interuallum
753 4699 874 4776 figurale
897 4703 1065 4806 interposui
1075 4698 1119 4782 ³⁶)

321 4858 324 4867 Ι
418 4788 528 4850 Fadem
551 4789 648 4848 cautio
671 4787 740 4845 milri
764 4790 870 4865 pagina
893 4796 944 4849 tua
970 4793 998 4849 l.
1023 4792 1098 4849 circa
1122 4791 1217 4848 varios
1240 4788 1377 4866 planetae
1402 4791 1488 4847 unius
1511 4798 1610 4848 motus
1633 4795 1674 4847 est

330 4875 507 4938 adhibenda.
551 4875 631 4934 Nihil
654 4876 730 4934 enim
752 4874 860 4935 facient
881 4874 994 4951 periodi
1017 4876 1054 4936 ad
1079 4875 1350 4955 demonstrandum,
1381 4878 1585 4953 proportiones
1607 4875 1674 4934 har-

330 4966 461 5039 monicas
484 4966 513 5021 in
536 4962 663 5021 motibus
687 4964 810 5020 inveniri
833 4963 1034 5040 planetarum3
1065 4955 1218 5038 diligenter
1240 4963 1294 5023 hoc
1318 4965 1383 5023 cavi
1406 4962 1471 5023 Lib.
1494 4963 1532 5022 V.
1556 4980 1621 5042 cap.
1645 4964 1671 5019 4.

326 5051 381 5121 iol.
399 5052 471 5109 283.
496 5052 525 5107 in
548 5047 658 5123 medio.v
698 5047 756 5108 Sed
779 5067 833 5108 nec
855 5050 942 5108 medii
966 5049 1060 5107 diurni
1083 5056 1179 5109 motus
1197 5050 1380 5126 planetarum
1402 5050 1585 5109 idoneisunt
1607 5049 1674 5108 har-

330 5141 491 5197 moniarum
516 5138 644 5209 termini,
668 5138 772 5211 utqui
796 5139 857 5196 veri
880 5154 938 5195 non
962 5144 1045 5209 sunt,
1069 5136 1121 5196 sed
1144 5137 1238 5196 solnm
1261 5139 1440 5213 imaginarii3
1469 5139 1526 5212 ego
1551 5154 1622 5214 sero
1645 5138 1672 5193 in

330 5227 458 5301 ipsorum
486 5223 666 5300 planetarum
696 5222 824 5283 realibus
853 5226 996 5295 motibus,
1028 5231 1060 5281 ut
1090 5223 1207 5300 quidem
1237 5242 1270 5283 ex
1295 5231 1393 5285 centro
1417 5224 1494 5286 Solis
1522 5230 1671 5301 apparent,

329 5312 495 5371 harmonias
523 5328 641 5387 quaero.
688 5311 732 5369 lta
761 5319 856 5370 motus
885 5313 1011 5385 augium
1029 5320 1218 5387 ‚motus.non
1242 5320 1286 5371 ost
1316 5309 1470 5390 physicus,
1501 5311 1553 5371 sed
1575 5313 1672 5389 potius

331 5396 491 5460 differentia
513 5398 633 5481 realium
657 5405 787 5457 motuum
815 5407 844 5457 et
866 5397 974 5458 mobile
998 5398 1204 5472 intentionale;
1233 5398 1299 5459 sola
1320 5399 1407 5459 stella
1434 5415 1537 5458 verum
1565 5396 1672 5460 mobile

331 5493 383 5559 est,
407 5494 437 5545 et
458 5492 540 5543 motu
562 5486 679 5562 quidem
703 5502 760 5543 nou
784 5502 851 5559 uno,
875 5484 926 5544 sed
950 5485 1090 5562 pluribus,
1112 5502 1165 5562 pro
1188 5484 1356 5547 diversitate
1380 5488 1486 5558 centri,
1508 5486 1583 5560 axis,
1606 5502 1672 5546 cor·
1717 5524 1723 5536 ·

332 5574 409 5649 poris
442 5571 554 5633 stellae.
599 5570 724 5632 Omnino
755 5573 914 5631 consultius
943 5571 1030 5634 iaciat
1057 5574 1165 5641 lactor,
1195 5575 1219 5631 si
1243 5576 1351 5633 missis
1369 5575 1426 5655 eis,
1456 5590 1532 5649 quae
1556 5572 1606 5633 hic
1636 5570 1670 5631 da

332 5658 418 5718 rebus
441 5660 642 5719 astronomicis
665 5658 759 5733 deque
782 5659 909 5736 periodis
931 5661 1113 5736 planetarum
1137 5667 1197 5720 tute
1219 5662 1337 5737 scribis,
1365 5664 1443 5737 ipsos
1466 5658 1555 5726 adeat
1577 5667 1672 5721 astro·
