3684 7259
767 1216 849 1276 hibet
865 1217 914 1274 ill.
934 1217 1024 1288 caput
1042 1218 1089 1273 IX.
1258 1175 1260 1178 Ι
1407 1300 1408 1303 ¹
1480 1239 1492 1252 ·
1541 1221 1603 1286 m

249 1391 353 1447 merum
370 1392 457 1462 ipsius
474 1393 605 1462 diapason
630 1394 787 1464 descripsit3
814 1394 843 1462 i]
862 1392 936 1464 quod
955 1392 1100 1449 divisiones
1125 1392 1299 1449 harmonicae
1320 1396 1510 1468 monochordi,
1536 1417 1605 1471 quas
1619 1389 1626 1400 ’
1717 1451 1719 1456 .

249 1468 319 1525 libro
344 1486 406 1526 meo
425 1471 473 1526 ΠΙ.
497 1487 557 1540 cap.
577 1473 603 1529 2’.
628 1490 661 1526 ex
680 1475 828 1542 geometria
850 1472 1048 1540 demonstravi,
1077 1473 1111 1526 nd
1137 1471 1319 1541 septenariam
1344 1489 1432 1545 usqne
1455 1480 1603 1537 sectionem

248 1548 467 1619 progrediantur,
487 1549 533 1604 ubi
547 1552 668 1606 nascitur
686 1550 1048 1622 disdiapason-epidinpeute
1067 1561 1094 1605 et
1112 1559 1191 1605 sexta
1208 1548 1306 1615 mollis,
1325 1569 1405 1620 quam
1424 1543 1529 1615 husma
1540 1559 1603 1615 Pes

249 1625 371 1681 lennem
389 1628 418 1682 iu
437 1642 608 1684 numerorum
627 1630 738 1698 politiae
756 1631 870 1700 gratim
890 1627 1012 1684 excludit
1030 1630 1064 1683 ab
1082 1629 1238 1696 harmoniis,
1257 1645 1423 1700 eumentes,
1441 1635 1529 1705 ipsius
1540 1638 1603 1695 Pto·

244 1702 342 1760 lemsei
367 1705 504 1775 senagis
528 1724 578 1776 pro
605 1708 745 1774 ¹iudicibus
764 1708 928 1764 constitutae
951 1717 979 1762 et
1004 1725 1065 1764 curn
1085 1708 1117 1763 iis
1146 1708 1232 1762 omnis
1251 1707 1383 1764 hodierna
1406 1713 1475 1768 ratio
1501 1717 1604 1772 musica

249 1784 365 1855 ipseque
384 1802 472 1841 rernm
493 1798 589 1844 natura
615 1791 665 1844 bac
683 1790 841 1845 exclusione
860 1787 1029 1855 induamur,-
1057 1790 1083 1852 5)
1102 1790 1166 1857 quin
1190 1789 1243 1842 imo
1266 1788 1347 1842 datrrr
1371 1789 1491 1846 inlicitas
1509 1808 1602 1851 conso

246 1864 412 1928 ntnfflrnm,
440 1864 571 1933 diapason
586 1867 836 1938 multiplicantium,
865 1867 887 1921 si
906 1882 986 1923 aures
1005 1869 1082 1936 sequi
1102 1866 1276 1936 percipiendo
1302 1878 1426 1935 possent,
1453 1873 1525 1940 quod
1543 1871 1603 1943 ipse

246 1940 423 2000 Ptolemaeus
445 1945 554 1999 latetur.
591 1946 644 2000 Sed
671 1961 720 2001 uec
744 1948 771 1999 iu
797 1947 908 2001 rodiaeo
931 1944 1069 2001 sufficiunt
1088 1955 1181 2001 ternae
1200 1946 1348 2012 rechonem
1374 1945 1460 2015 probo
1487 1949 1602 2019 primum

247 2037 280 2077 sn
300 2024 386 2092 ipsium
404 2021 553 2079 Ptolemaei
573 2024 721 2094 principiis.
758 2024 825 2079 Nam
845 2023 952 2079 sextilis
971 2033 1099 2093 aspectam
1118 2023 1275 2078 Ptolomaeo
1294 2024 1345 2078 bic·
1357 2038 1390 2078 en
1404 2026 1490 2083 tribus
1508 2029 1602 2100 primis

246 2104 340 2159 circuli
360 2103 525 2159 sectionibus
545 2120 598 2159 uon
618 2104 671 2157 alio
686 2105 749 2172 jure
762 2104 886 2173 resultat,
905 2119 986 2172 qnam
1000 2102 1159 2168 duodecilis
1180 2112 1292 2172 uterquc
1306 2102 1410 2160 scilicet
1421 2122 1476 2161 uon
1488 2123 1505 2161 a
1515 2109 1603 2177 primo

246 2182 387 2238 dudonis
409 2182 501 2251 initio,
526 2183 575 2237 sed
601 2186 627 2238 in
653 2183 713 2238 aliis
736 2182 829 2238 circuli
853 2180 976 2264 partibus
1001 2182 1149 2238 ordinatur.
1186 2181 1223 2237 Et
1247 2189 1336 2237 tamen
1362 2184 1486 2240 sextilem
1503 2187 1602 2258 probat

249 2261 436 2328 Ptolemaeus,
456 2263 625 2319 duodeuilern
642 2265 738 2332 rejicit.
775 2265 871 2331 ltaque
896 2277 947 2332 pro
966 2260 1058 2315 sextili
1075 2276 1105 2313 ro
1122 2261 1184 2332 ipsa
1201 2260 1349 2317 introducit
1374 2265 1454 2319 etiam
1478 2272 1603 2334 quartam

248 2339 410 2396 divisionem
428 2341 456 2394 iu
474 2357 523 2397 sex
541 2339 577 2397 ab
590 2343 685 2397 eodem
696 2342 838 2411 principio,
878 2338 965 2396 Probo
979 2340 1099 2396 secundo
1118 2338 1152 2392 ab
1165 2338 1335 2408 experientia
1349 2352 1521 2412 aspectuum:
1541 2361 1602 2401 nam

246 2427 275 2475 et
293 2418 442 2474 duodecr'lis
461 2429 504 2475 est
521 2419 632 2474 evidens
651 2435 701 2473 seu
718 2419 893 2487 semisextus,
913 2419 943 2472 ct'
959 2417 1081 2490 quintilis
1100 2427 1128 2472 et
1145 2417 1305 2487 tunicellis
1324 2422 1351 2474 in
1366 2422 1522 2491 suspicione
1539 2441 1603 2481 aero
1722 2439 1727 2448 ·

246 2503 311 2551 sunt
329 2497 438 2566 deuilis,
456 2499 599 2566 tridecilis,
619 2501 769 2567 quincunx,
793 2508 820 2552 et
838 2500 977 2553 remotiori
995 2499 1023 2553 in
1042 2499 1128 2568 prada
1147 2496 1252 2565 octilis,
1278 2498 1403 2555 trioctilis
1423 2515 1472 2556 seu
1491 2516 1602 2574 sesqua·

245 2576 319 2632 drus
355 2578 425 2633 Vide
442 2580 494 2635 mei
513 2580 573 2633 libri
592 2578 638 2632 IV.
657 2595 717 2647 cap.
737 2582 762 2633 i.
801 2578 840 2632 De
858 2586 959 2647 cetero,
974 2577 1053 2654 =quoti
1071 2575 1175 2631 circulo
1193 2590 1242 2645 per
1254 2579 1438 2636 triscctioncm
1451 2589 1480 2635 et
1494 2581 1602 2650 quadri-

248 2655 394 2711 sectionem
412 2658 440 2710 in
460 2656 602 2713 duodecim
620 2656 706 2711 diuiso
725 2657 797 2711 rane
816 2656 922 2725 quaerit
939 2656 1131 2726 proportiones
1148 2656 1220 2709 iuter
1237 2664 1343 2724 partes,
1361 2657 1389 2712 id
1408 2658 1474 2713 iacit
1492 2661 1601 2728 quidem

211 2787 214 2795 ,
247 2736 280 2791 ad
299 2738 430 2805 majorem
450 2734 670 2804 probabilitatem
688 2734 899 2803 comparationis
916 2735 1002 2803 ipsius
1020 2750 1070 2803 per
1083 2750 1113 2789 ae
1130 2733 1232 2803 nudae,
1251 2735 1285 2788 ad
1298 2737 1435 2791 causalem
1448 2753 1512 2794 vcro
1531 2755 1602 2796 com-

247 2816 424 2883 parationem,
443 2812 551 2882 qualem
570 2829 622 2882 epo
640 2813 731 2878 uado,
750 2812 826 2868 nulla
843 2812 883 2868 ais
901 2814 945 2870 cst
963 2815 990 2869 in
1008 2812 1151 2881 multiplici
1169 2814 1303 2869 renonum
1321 2816 1505 2884 expressione.
1540 2819 1603 2876 Non

247 2894 319 2948 euim
337 2893 457 2948 chordae
473 2892 658 2961 proportionis
676 2890 774 2959 triplae
791 2900 945 2958 consonent
964 2891 1000 2946 ob
1018 2891 1090 2945 bunc
1107 2891 1261 2959 generalem
1280 2907 1404 2961 causam,
1429 2894 1492 2964 qnia
1512 2897 1540 2953 in
1558 2913 1602 2954 ao-

249 2970 327 3047 diaco
345 2970 522 3026 inueniuntur
539 2978 631 3039 partes
650 2971 705 3025 bac·
718 2986 786 3026 neas
802 2969 980 3039 proportione
998 2971 1136 3038 signorum
1150 2971 1166 3024 9
1184 2970 1219 3023 ad
1231 2970 1310 3039 signa
1321 2971 1337 3023 3
1350 2971 1400 3037 (sic
1412 2989 1508 3045 nempe
1521 2975 1601 3031 etiam

247 3050 366 3108 murdac
390 3050 573 3121 proportionis
597 3049 742 3119 septuplus
763 3057 959 3114 consonarent,
985 3048 1049 3115 quia
1067 3048 1175 3102 suntin
1194 3048 1296 3102 circulo
1314 3056 1422 3119 partes,
1449 3068 1503 3109 uua
1520 3055 1602 3111 unius

248 3129 325 3198 sigui,
345 3128 429 3184 ultera
454 3130 465 3184 i
485 3130 644 3198 signoruni,
670 3129 718 3183 sed
737 3135 842 3183 tantum
862 3126 938 3195 ideo,
965 3125 1028 3193 qnia
1047 3126 1073 3177 iu
1094 3125 1195 3181 circulo
1214 3135 1272 3181 toto
1291 3127 1430 3196 signorum
1451 3131 1484 3185 12
1502 3131 1602 3191 iuveni·

247 3218 292 3264 tur
310 3210 474 3278 geometrice
493 3209 641 3262 constituta
661 3223 722 3275 pars
741 3207 835 3271 tertia,
857 3207 995 3271 signorum
1015 3206 1038 3258 i.
1075 3205 1247 3271 Quinetiam
1271 3203 1419 3277 pleraeque
1438 3210 1602 3276 humaniue,

248 3304 316 3356 qnae
335 3289 437 3357 primas
455 3289 648 3344 consonantias
666 3285 797 3356 appellat.
816 3294 882 3353 pute
901 3283 1071 3338 diatessaron
1084 3291 1112 3336 et
1124 3280 1260 3350 diapente,
1277 3282 1360 3351 plane
1372 3301 1427 3342 nou
1439 3297 1503 3343 sunt
1515 3290 1601 3359 primo

247 3367 280 3422 ab
300 3367 352 3422 hac
370 3367 451 3422 unica
474 3374 502 3420 ct
520 3365 642 3421 colitans
661 3364 741 3420 unius
760 3362 853 3419 circuli
872 3361 1016 3431 divisione,
1041 3361 1097 3416 sire
1111 3362 1170 3415 'dno
1196 3363 1255 3429 ejus
1274 3364 1342 3419 secti
1366 3375 1519 3437 amenta,
1544 3369 1602 3425 aire

246 3446 327 3500 enam
351 3452 427 3501 totns
451 3463 510 3501 cum
536 3457 612 3515 parte
636 3440 767 3500 rationem
794 3441 977 3497 harmonicam
996 3441 1173 3495 constituunt.
1211 3441 1273 3497 Non
1296 3442 1367 3497 enim
1390 3444 1452 3500 ideo
1475 3446 1601 3522 chordae,
1694 3480 1698 3491 ·

248 3539 319 3594 quae
337 3533 403 3579 suut
421 3526 448 3578 iu
467 3525 642 3594 proportione
661 3525 848 3594 sesquitertia,
875 3531 1039 3582 consonant,
1064 3521 1128 3589 qnia
1146 3522 1171 3574 iu
1191 3522 1294 3577 circulo
1311 3523 1350 3578 sic
1369 3522 1454 3578 diuiso
1477 3530 1601 3597 estpars
1714 3515 1718 3528 '

246 3618 342 3660 uorem
361 3604 513 3673 signorum,
538 3619 687 3672 quaecum
706 3611 764 3659 toto
785 3602 817 3657 12
835 3604 973 3670 signorum
993 3598 1183 3670 complectitur
1200 3601 1400 3670 sesquitertiam
1419 3604 1469 3668 (sic
1486 3605 1557 3661 enim
1574 3616 1603 3664 et
1678 3616 1687 3635 ‘

246 3685 356 3753 parsit
386 3683 523 3749 signorum
548 3698 609 3736 cum
634 3692 692 3738 toto
715 3681 750 3735 12
768 3681 908 3751 siqraorum
932 3680 1074 3737 coustituit
1097 3677 1215 3747 aliquam
1240 3682 1441 3751 proportionem
1465 3691 1601 3742 ettamen

244 3761 372 3832 ehordae,
391 3776 462 3831 quse
480 3762 592 3816 eandem
612 3762 791 3825 constituunt,
810 3759 882 3814 iuter
901 3774 932 3813 se
951 3774 1006 3814 non
1026 3761 1195 3828 consonant),
1214 3758 1263 3814 sed
1282 3757 1317 3812 ob
1335 3758 1362 3812 id
1382 3759 1499 3816 chordae
1518 3763 1599 3821 ratio·

243 3841 293 3897 sie.
304 3840 496 3909 sesquitertiae
509 3847 668 3896 consonant.
688 3839 752 3909 qnia
764 3838 882 3894 chordae
896 3838 1079 3909 proportionis
1093 3836 1262 3907 quadruplae
1275 3837 1469 3906 identisonant,
1487 3857 1602 3910 quarum

244 3934 307 3974 esur
325 3918 413 3972 minor
431 3922 445 3972 1
465 3935 526 3974 cum
545 3920 587 3974 sui
606 3918 689 3989 triplo
707 3922 723 3973 3
741 3928 880 3985 consonat,
898 3926 930 3974 ut
948 3918 1023 3988 prius
1041 3932 1075 3972 ex
1089 3915 1184 3971 eircmi
1195 3917 1359 3985 geometrice
1370 3918 1492 3974 secuone
1504 3934 1600 3994 seque·

245 4000 335 4069 batur,
354 3998 415 4053 ideo
434 4008 461 4053 et
479 3999 691 4054 identisousrum
711 3997 795 4054 altera
814 3998 900 4067 major
917 4000 934 4053 t
954 4014 1015 4054 cum
1033 3997 1108 4052 illins
1132 3996 1213 4065 triplo
1232 3999 1248 4052 3
1267 4004 1399 4053 consonet
1420 4013 1532 4055 neceam
1550 4010 1600 4056 est.

246 4079 322 4135 ilaec
340 4095 359 4133 a
376 4092 419 4131 me
437 4076 580 4146 diligenter
599 4085 662 4132 suant
681 4082 797 4132 tractate
815 4077 885 4132 libro
904 4076 950 4130 ill.
970 4091 1029 4146 cap.
1049 4079 1072 4132 b.
1093 4082 1121 4129 et
1138 4077 1162 4130 ii.

335 4155 378 4210 Ex
396 4154 447 4209 hac
466 4163 559 4211 contre
577 4155 758 4211 Ptolemaicas
775 4156 910 4210 rationum
929 4154 1139 4211 constitutiones
1157 4155 1317 4223 exceptione
1336 4153 1415 4211 facile
1434 4165 1517 4226 patet
1536 4156 1601 4226 qnid

242 4236 300 4305 jam
321 4234 349 4289 in
372 4234 553 4304 applicatione
578 4234 815 4289 consonantiarum
841 4231 875 4287 ad
902 4239 1030 4302 aspectus
1059 4231 1217 4288 desiderem.
1253 4234 1322 4288 Nam
1350 4232 1479 4306 diapente
1506 4251 1600 4293 conso·

244 4314 339 4370 sanda
356 4330 410 4369 uon
429 4321 471 4368 est
489 4313 643 4367 immediate
660 4310 824 4383 applicanda
841 4310 973 4379 trigonico
992 4310 1129 4381 aspectui,
1148 4311 1278 4381 competit
1298 4311 1368 4368 euim
1387 4312 1451 4369 hnic
1467 4314 1556 4384 primo
1573 4323 1602 4370 et
1671 4358 1676 4368 ,Α

245 4393 399 4450 immediate
418 4392 748 4463 diapason-cpidiapeute;
767 4397 798 4445 ut
815 4404 879 4444 uero
897 4389 984 4446 eidem
1002 4396 1031 4445 et
1049 4389 1178 4459 diapente
1196 4398 1344 4459 competat:
1369 4397 1481 4448 nemeae
1499 4400 1542 4448 est
1561 4392 1600 4452 in·

244 4470 389 4528 teroedere
406 4480 434 4526 et
451 4472 559 4526 axioma
576 4472 637 4537 hoc,
657 4472 729 4539 quod
748 4469 878 4537 diapason
898 4467 934 4522 sit
951 4467 1071 4523 identica
1088 4475 1116 4522 et
1133 4468 1205 4537 qnod
1224 4466 1402 4525 identiccrum
1418 4470 1523 4526 minore
1537 4487 1600 4528 con·

245 4557 361 4607 comte
378 4566 437 4607 cnm
457 4550 499 4605 sui
516 4549 606 4620 triplo,
626 4550 706 4605 etiam
725 4548 838 4604 alterum
857 4547 953 4616 majus,
973 4546 1085 4617 duplum
1102 4545 1183 4614 illius,
1203 4561 1265 4600 curu
1283 4545 1343 4613 ejus
1355 4546 1439 4617 triplo
1456 4556 1596 4605 mmonet.

247 4628 321 4685 idem
342 4628 376 4684 dc
393 4629 562 4684 diatessaron
578 4629 636 4694 jam
654 4643 738 4697 supra
755 4627 807 4683 dici
831 4634 958 4695 coeptum
981 4626 1026 4683 bic
1045 4632 1207 4684 rmumatnr.
1244 4626 1305 4681 Etsi
1327 4626 1399 4682 eninr
1423 4634 1450 4682 et
1468 4626 1599 4683 diamasa

244 4723 293 4764 rou
313 4706 399 4763 oritur
417 4727 433 4765 a
451 4708 539 4779 ligura
556 4707 690 4776 quadrata
707 4706 808 4762 circulo
827 4705 966 4775 inscripta,
984 4707 1155 4775 quaestinem
1173 4709 1314 4775 aspectum
1325 4703 1412 4774 giguit
1428 4704 1599 4774 quadratum,

244 4795 336 4845 huten
359 4788 414 4858 ipsi
437 4788 558 4858 aspectum
582 4786 715 4855 quadrato
738 4786 824 4857 primo
851 4784 993 4854 respoudit
1018 4787 1193 4856 disdiapason
1218 4783 1402 4855 proportionis
1421 4784 1599 4855 quadruplae,
1694 4828 1696 4832 ,

245 4883 315 4938 quac
334 4874 377 4921 est
394 4868 479 4922 tonus
497 4864 589 4919 circuli
607 4865 642 4920 ad
660 4873 784 4933 quartam
803 4872 924 4935 partem,
945 4872 1042 4933 postea
1065 4873 1157 4920 manea
1180 4871 1209 4918 et
1227 4861 1388 4918 secundario
1411 4862 1555 4917 comitatur
1571 4871 1601 4918 et

244 4944 377 5002 adhaeret
393 4944 432 4999 illi
451 4946 634 5012 diaoesserou,
658 4944 842 5013 proportionis
861 4943 999 5014 epitritae,
1026 4961 1076 5016 per
1092 4942 1314 5001 intercessionem
1333 4940 1437 4997 sulicet
1454 4942 1598 4998 ammana

244 5025 327 5081 etiam
344 5038 430 5093 supra
447 5023 579 5092 usurpati,
596 5030 627 5077 et
644 5038 699 5076 non
716 5029 829 5092 propter
846 5022 983 5080 miluum
1002 5024 1111 5094 cuculi,
1121 5014 1186 5078 'tres
1204 5028 1331 5092 quartas3
1350 5020 1418 5075 alias
1438 5035 1597 5092 cognantur

245 5103 370 5159 omuibus
388 5102 504 5158 residuis
527 5100 620 5156 circuli
645 5116 709 5157 snm
733 5102 760 5156 in
779 5103 942 5159 harmonicis
965 5100 1114 5164 conmdere
1137 5098 1329 5157 consonantias
1352 5106 1448 5154 eontra
1465 5097 1599 5166 judicium

245 5197 360 5239 amum.

247 5358 382 5430 applicari
400 5358 473 5414 dicta
491 5359 628 5414 ariomta
646 5356 756 5414 circmo
787 5357 848 5412 Non
867 5355 989 5428 pendent
1004 5347 1164 5423 arconate,
1183 5352 1255 5423 quia,
1274 5351 1378 5424 cironip
1393 5351 1421 5408 in
1439 5349 1476 5412 20
1491 5359 1598 5428 refle-

245 5438 312 5494 tricc
337 5436 424 5492 diviso
451 5446 479 5491 et
498 5435 594 5492 sumtis
619 5452 653 5490 er
676 5452 732 5492 una
754 5441 833 5505 parte
850 5436 867 5490 9
884 5411 1066 5505 possedeas,
1089 5438 1122 5486 ut
1144 5447 1177 5487 cx
1201 5430 1292 5500 alterp
1325 5489 1330 5500 ‚
1424 5476 1426 5480 .
1525 5469 1538 5478 .-

245 5518 334 5574 tiouet
353 5518 400 5585 tl,
427 5516 472 5572 hic
491 5516 629 5572 residuam
647 5516 699 5569 hoc
717 5512 880 5586 geometrice
898 5512 1076 5568 cousdmtum
1095 5510 1189 5580 nequit
1207 5511 1324 5583 mnus
1365 5563 1369 5569 ,
1393 5549 1398 5558 ·
1417 5562 1420 5570 Α
1490 5515 1508 5588 3]

245 5596 319 5654 cnim
337 5596 451 5653 cnaeus
469 5595 603 5663 sequitnr3
625 5612 662 5650 so.
682 5594 746 5663 qnia
764 5593 799 5649 ad
817 5607 908 5647 mcum
928 5588 1111 5663 hporticnum
1129 5589 1289 5646 maciacum·
1309 5609 1310 5612 ¹
1330 5630 1331 5635 η
1358 5618 1370 5636 1
1390 5607 1400 5630 ··
1432 5588 1436 5597 '⁴
1468 5603 1481 5637 e

336 5279 360 5334 n
378 5280 515 5335 comneno
534 5295 604 5340 vero¹
617 5286 746 5348 aspectus
763 5278 816 5349 ipsi
835 5276 869 5333 ab
888 5276 931 5332 his
948 5277 1062 5336 residn'a
1082 5274 1176 5331 circuli
1194 5290 1248 5330 nou
1266 5274 1399 5343 pendam,
1417 5288 1469 5329 uec
1486 5282 1601 5344 possum
