3684 7259
299 1217 340 1275 48
676 1207 818 1279 Epistolee
836 1207 946 1279 Hepleri
962 1208 1128 1277 dierumque
1144 1167 1255 1263 mutuae

299 1386 417 1436 solatium
433 1389 544 1432 nostrum
561 1396 659 1444 prorsus
684 1386 810 1436 exstinxit.
845 1386 984 1435 Praeterita
1001 1388 1066 1434 euim
1084 1384 1124 1433 die
1144 1385 1254 1434 bisthaai
1272 1387 1378 1447 primum
1396 1385 1476 1433 liliola
1493 1387 1546 1445 ejus
1566 1383 1634 1431 biar-

302 1454 408 1516 garetba
425 1455 496 1511 obiit,
514 1466 563 1500 non
581 1454 647 1500 ultra
658 1454 761 1503 biduum
773 1460 881 1518 aegrota,
899 1470 957 1504 mox
975 1460 1032 1518 post
1049 1454 1158 1503 triduum
1176 1456 1232 1516 ipsa
1248 1460 1327 1503 mater
1344 1460 1429 1504 secuta
1446 1460 1483 1503 eat
1501 1449 1531 1502 a‘c
1542 1456 1634 1515 postri-

299 1524 340 1573 die
358 1525 462 1572 humata
479 1524 503 1571 in
521 1523 610 1582 majori
628 1523 694 1572 fossa
711 1539 767 1573 enm
784 1526 897 1587 pluribus
915 1525 1025 1585 ejusdam
1043 1524 1107 1581 diei,
1129 1526 1194 1573 inter
1215 1537 1277 1589 quos
1295 1524 1400 1573 iirischii
1418 1525 1493 1573 ambo
1511 1524 1570 1586 nlll3
1589 1536 1635 1570 nec

301 1595 368 1643 anim
385 1594 481 1654 patitur
498 1591 631 1640 multitudo
648 1595 820 1659 morientium,
838 1601 868 1643 ut
885 1594 988 1643 cuilibet
1004 1594 1101 1643 loculus
1117 1598 1218 1656 paretur
1234 1595 1409 1659 aaorsim,*eed
1426 1607 1507 1657 nequa
1525 1592 1634 1641 conduc-

300 1670 340 1711 tus
358 1663 496 1726 etreliqua
513 1662 626 1709 solennia
643 1664 779 1712 tolerantur
796 1679 812 1711 a
829 1666 900 1713 noris
913 1664 1026 1713 dominis
1056 1664 1108 1725 Ego
1127 1677 1181 1713 cum
1200 1676 1275 1726 puero
1292 1678 1347 1713 meo
1370 1662 1475 1712 aedibus
1491 1663 1554 1711 meis
1572 1662 1634 1711 ami·

298 1747 371 1793 erare
389 1745 443 1780 sum
469 1737 568 1781 coactus
585 1737 609 1779 et
626 1733 770 1783 secessimus
788 1734 837 1782 huc
852 1734 1027 1797 Dnsellugsm,
1050 1746 1141 1795 pagum
1164 1738 1217 1782 toto
1241 1733 1333 1782 ducatu
1350 1734 1430 1782 solum
1448 1734 1497 1781 iare
1515 1733 1635 1780 hactenus
1726 1757 1729 1763 .

416 1885 436 1921 c,
456 1870 621 1934 stipendiarii.
657 1871 771 1920 Paatorea
788 1874 856 1920 ultra
872 1869 923 1925 200
940 1874 1032 1921 monui
1049 1879 1119 1937 sunt,
1137 1886 1183 1921 neo
1200 1878 1335 1935 suppetunt
1350 1873 1435 1921 idonei
1452 1872 1572 1934 heminae,
1591 1872 1635 1935 qul

446 1942 503 1990 locs
520 1942 681 1991 sufficiantur.
712 1942 749 1990 lix
767 1942 947 2004 professoribus
966 1944 1081 1992 obierunt
1097 1948 1195 1991 nutum
1212 1948 1271 2005 tres,
1287 1941 1405 2007 dissime,
1424 1940 1527 1990 Golbius
1545 1946 1570 1989 et
1582 1940 1634 1989 Un-

299 2009 363 2073 lrid,
381 2012 454 2059 ceteri
472 2009 581 2058 diversos
599 2011 632 2060 ad
649 2024 726 2072 pagos
743 2012 915 2064 discesserunt.
951 2013 1047 2073 ligula
1064 2013 1189 2061 montenis
1201 2012 1282 2061 Albae
1300 2014 1385 2061 oberro
1404 2026 1459 2060 cum
1477 2024 1553 2072 puero
1571 2023 1635 2074 meo,

274 2080 279 2089 ''
298 2080 387 2130 deinde
404 2080 452 2129 huc
469 2086 576 2128 revertor
594 2086 640 2129 etc.

383 2150 458 2198 lireri
475 2155 533 2217 poet
549 2149 714 2199 Schichardus
732 2151 806 2199 rediit
823 2150 975 2214 lublngam,
1003 2151 1043 2200 dle
1060 2148 1101 2204 la
1119 2151 1174 2203 Oct.
1199 2152 1311 2200 interluit
1327 2151 1433 2200 concilio
1451 2150 1558 2201 Sanetus
1575 2162 1635 2198 aea·

301 2220 399 2281 demisi,
417 2219 457 2267 dia
474 2215 517 2271 24.
536 2220 590 2269 Oct.
608 2225 719 2269 mortuus
737 2225 781 2284 est,
800 2235 904 2286 eumque
921 2226 979 2283 poet
994 2235 1088 2284 paucos
1106 2221 1159 2270 dias
1178 2227 1277 2270 secutus
1294 2221 1394 2269 filiolus.

385 2289 511 2338 Mortuum
523 2289 702 2338 Schiciardum
719 2294 862 2351 prosecutus
880 2297 918 2340 eet
935 2292 1052 2341 maximis
1069 2290 1187 2341 laudibus
1204 2292 1315 2340 orations
1333 2291 1435 2352 publice
1452 2292 1478 2338 in
1496 2287 1556 2338 aula
1574 2301 1635 2336 aca-

300 2359 396 2408 demica
412 2359 486 2409 Zsch.
504 2358 670 2425 Schssiterus,
696 2359 764 2409 Orat.
783 2366 808 2408 et
825 2360 889 2409 Hist
905 2361 973 2410 Prot.
992 2361 1135 2423 Tubingae,
1162 2375 1239 2425 quam
1266 2359 1393 2421 adjunctis
1412 2360 1565 2408 carmirdbus
1590 2356 1632 2421 (H.

299 2428 390 2493 Grotli,
410 2428 545 2496 (lassandi,
568 2429 665 2494 Laneii,
689 2428 721 2477 bi.
740 2430 867 2479 Hortensii
884 2429 1049 2495 aliorumque)
1067 2431 1163 2493 publici
1178 2432 1241 2493 juris
1260 2429 1320 2478 iecit
1338 2444 1360 2477 a.
1381 2425 1456 2483 1636.
1474 2430 1633 2491 inscriptam:

298 2499 338 2551 W.
349 2498 502 2563 Schichardi,
519 2498 660 2559 linguarum
672 2500 759 2549 orient
775 2505 799 2548 et
810 2500 950 2549 math0aeos
967 2503 995 2549 in
1011 2501 1141 2549 academia
1152 2500 1304 2560 Tublngansi
1315 2500 1460 2562 professoris
1473 2499 1635 2561 celeberrimi,

297 2570 419 2630 superiori
435 2582 518 2617 manse
535 2568 667 2618 Novembri
685 2569 770 2618 deusti
788 2569 907 2619 hiamoria
925 2575 949 2618 at
967 2570 1108 2631 Eulogium.

384 2655 506 2717 lieplarus
524 2656 640 2704 convenit
650 2655 844 2705 Schiciherdum
862 2657 1007 2721 Nnrtingse,
1027 2656 1085 2705 dum
1103 2658 1135 2706 ob
1148 2658 1234 2707 matris
1253 2672 1355 2708 musam
1371 2658 1493 2707 terensem
1511 2658 1537 2704 in
1550 2657 1635 2704 Wint-

298 2726 459 2785 temberplam
476 2723 600 2787 proiectus
618 2738 684 2773 anno
703 2722 770 2778 16¹7
782 2726 911 2787 Tublngaa
930 2727 997 2789 apud
1009 2727 1168 2776 iiaastlinum
1186 2730 1331 2777 vorsabatur
1342 2727 1454 2793 („invenl
1473 2728 1557 2792 etiam,
1575 2727 1635 2774 seri·

298 2795 337 2844 bit
354 2795 506 2861 Wackharo,
524 2795 707 2843 nobilissimum
723 2796 850 2856 ingenium
867 2798 894 2845 in
912 2796 1005 2859 oppido
1023 2797 1172 2861 Nlirtingan,
1191 2799 1329 2847 matheseos
1347 2798 1546 2846 amantissimum
1562 2799 1634 2858 jura·

298 2878 355 2915 narn
376 2865 413 2913 W.
425 2864 610 2929 Schlckardum
628 2866 798 2914 mechanicum
810 2867 1000 2928 perinduetrium
1014 2869 1138 2933 juxtaque
1151 2869 1307 2917 orientalium
1325 2869 1466 2928 linguarum
1478 2862 1634 2922 cultorem“).

298 2935 362 2984 inm
379 2936 444 2983 inter
455 2933 632 2983 Schiciardum
650 2935 814 2997 etliaplerum
831 2937 869 2984 ita
879 2938 1003 3001 convenit,
1021 2942 1050 2986 ut
1066 2937 1111 2986 illa
1128 2938 1255 2986 schemata
1272 2938 1305 2986 ed
1318 2937 1479 2993 Harmoniam
1496 2934 1636 2997 sculpanda

299 3006 446 3067 promiserit.
481 3003 602 3068 liaplerue
619 3003 720 3053 domum
737 3019 848 3054 reversus
864 3019 908 3068 par
925 3008 1012 3054 literas
1029 3012 1113 3055 monet
1130 3007 1306 3057 Schichardum
1323 3008 1515 3072 promissorum,
1542 3007 1635 3069 quibus

298 3075 426 3137 respondit
443 3075 486 3122 ille
503 3074 570 3122 hunc
586 3075 614 3122 in
630 3074 741 3122 modum:
766 3075 872 3125 Felicem
890 3090 983 3125 novum
999 3090 1092 3125 annum
1115 3082 1140 3125 et
1158 3079 1325 3139 promtissima
1342 3090 1398 3125 mes
1415 3076 1506 3125 oldaia.
1542 3073 1634 3123 Olaris·
1652 3109 1658 3120 ,

299 3144 360 3193 sime
378 3149 403 3192 et
419 3144 633 3192 Praestantissima
650 3145 703 3209 Vir,
723 3145 830 3194 Domina
848 3146 1081 3209 lautoreplurlmum
1099 3147 1209 3197 colende.
1236 3148 1311 3195 Binss
1327 3150 1380 3207 jam
1392 3152 1449 3209 post
1460 3144 1634 3194 Praestantiae

299 3213 369 3263 'inae
387 3214 522 3263 discessum
539 3214 624 3262 literas
641 3227 733 3279 sasque
751 3214 854 3264 dirersis
871 3217 934 3265 locis
952 3222 977 3265 et
994 3218 1118 3265 contrario
1145 3231 1218 3265 sensu
1242 3218 1345 3280 scriptas
1364 3220 1520 3279 praepostera
1537 3215 1635 3276 accepi.

299 3283 367 3348 [lpas
385 3286 499 3345 Augusta
515 3283 564 3331 hue
581 3285 747 3348 transmissas,
765 3285 855 3333 alteras
873 3286 1000 3352 i‘ubiuga3
1026 3286 1087 3334 illae
1104 3288 1226 3349 posterius
1248 3293 1275 3336 at
1292 3287 1417 3335 remotiori
1435 3286 1491 3335 loco
1508 3288 1633 3343 austae,

302 3355 370 3416 prius
387 3353 499 3401 redditae
517 3359 587 3419 eunt,
605 3354 652 3402 haa
670 3358 756 3403 contra
778 3356 861 3404 nascio
879 3356 971 3420 quibua
988 3357 1063 3404 moria
1081 3357 1148 3405 ultra
1164 3369 1272 3405 mensam
1288 3356 1316 3404 in
1334 3362 1386 3404 tem
1408 3357 1492 3405 ricius
1507 3355 1570 3403 urba
1589 3352 1633 3401 da-

299 3428 397 3490 tentse,
425 3423 506 3472 medio
524 3423 654 3472 Decembri
678 3424 777 3472 demum
797 3425 859 3473 mihi
883 3427 953 3474 visae
975 3432 1041 3476 suut.
1077 3426 1139 3475 illae
1162 3426 1300 3475 delineatae
1323 3428 1414 3486 egum
1438 3425 1471 3473 ad
1495 3424 1633 3485 lirllgarum

299 3494 396 3543 mittere
412 3495 550 3559 jubebant,
568 3499 597 3542 ut
612 3495 650 3541 ibi
667 3495 855 3560 exsculpsutnr,
873 3495 921 3544 hae
934 3509 990 3544 varo
1002 3496 1063 3544 mihi
1080 3497 1130 3557 ipsi
1143 3497 1207 3546 banc
1225 3509 1325 3559 operam
1342 3496 1514 3557 injungebant.
1551 3492 1634 3553 Quor-

301 3576 356 3612 sum
373 3578 404 3612 ex
421 3565 469 3613 hoc
485 3564 553 3612 bivio
571 3563 678 3612 eundum
696 3569 768 3623 assat,
786 3566 942 3625 ambigebam
961 3564 1062 3630 quidam
1086 3567 1118 3615 ab
1136 3568 1210 3615 initio
1227 3566 1356 3631 nonnihil,
1374 3564 1418 3615 sed
1440 3570 1523 3613 umen
1546 3566 1635 3625 postea

301 3632 430 3682 remelius
449 3633 587 3682 deliberata
604 3635 755 3700 arbitrabar,
774 3637 911 3696 posteriora
928 3635 1099 3698 praejudicare
1115 3637 1238 3697 prioribus
1257 3642 1281 3684 et
1298 3635 1419 3700 davsapac
1436 3633 1586 3699 aeoncdcc,
1606 3637 1635 3680 ut

299 3705 384 3768 ajunt,
410 3703 488 3751 inissa
509 3717 667 3768 σοφοτορας,
691 3704 803 3769 adeoque
830 3706 895 3753 borio
918 3705 1027 3770 quodam
1050 3707 1102 3755 lato
1124 3706 1183 3754 ilias
1205 3707 1279 3755 hasce
1302 3706 1458 3766 praevenisse
1485 3703 1634 3764 augurabar.

300 3771 459 3838 Quamquam
475 3774 551 3834 igitur
567 3775 595 3821 ln
607 3774 663 3839 Tul,
680 3779 733 3822 tam
750 3775 854 3824 celebris
872 3779 897 3823 at
914 3775 945 3824 da
962 3776 1078 3824 universa
1094 3776 1199 3824 mathaei
1212 3775 1407 3838 praeclarissime
1419 3774 1509 3835 meriti,
1526 3773 1634 3835 gratiam

299 3843 365 3892 hunc
383 3843 505 3911 caelandi,
523 3850 649 3908 utcunque
667 3844 731 3892 allae
743 3845 883 3905 molestum,
900 3847 1022 3907 imprimis
1039 3846 1100 3893 mihi
1120 3846 1266 3894 caecutienti
1283 3846 1413 3894 inimicum
1424 3844 1534 3894 laborem
1547 3843 1633 3890 luban·

299 3914 394 3963 tissime
411 3916 464 3976 ipse
483 3915 656 3976 suscepissem:
673 3916 735 3979 qnia
751 3920 834 3963 tamen
852 3913 884 3963 sd
903 3917 985 3977 operis
998 3915 1132 3963 editionem
1145 3914 1318 3963 maturandam
1336 3915 1409 3964 aliter
1420 3914 1492 3963 robis
1504 3914 1633 3973 Augustae

299 3985 453 4045 wngregatis
471 3986 551 4032 visum
567 3986 644 4034 inissa
661 3985 786 4048 intellexi,
811 3998 862 4033 non
879 3985 975 4033 inritus
1000 3989 1024 4033 et
1045 3986 1099 4046 lpse
1117 3985 1248 4034 consilium
1265 3986 1361 4033 mutari
1380 3991 1405 4033 at
1422 3998 1498 4049 qnam
1515 3982 1633 4031 citissima

297 4050 371 4102 licuit
388 4055 514 4102 schemata
538 4055 622 4103 omnia
645 4068 704 4116 pyro
729 4056 844 4117 inscripsi
860 4054 1021 4118 liudgeroque
1043 4067 1087 4116 par
1108 4055 1220 4115 turham
1238 4053 1360 4120 (lapidum
1383 4054 1515 4102 molarium
1537 4056 1633 4100 nostra·

297 4123 362 4172 tium
379 4128 509 4183 rectorem)
526 4124 587 4173 illuc
603 4126 738 4176 transmisi.
776 4124 859 4185 Quam
876 4138 933 4174 vero
950 4125 1013 4173 bena
1031 4126 1128 4185 omnia,
1145 4126 1290 4186 praesertim
1309 4121 1340 4177 13
1353 4123 1516 4173 Archimedes
1533 4135 1633 4170 sssacu

301 4197 342 4243 tus
361 4194 456 4261 luerim,
475 4194 591 4258 equidem
605 4196 705 4261 ignor03
731 4196 785 4257 ipsa
800 4194 941 4260 judicabis,
968 4207 1024 4243 cum
1040 4193 1192 4256 inspiciendi
1214 4194 1314 4243 dabitur
1331 4194 1411 4256 copia
1446 4192 1522 4255 Spero
1539 4196 1633 4255 tamen,

301 4276 353 4313 non
370 4263 443 4324 longa
460 4277 548 4313 manus
566 4278 674 4327 aesopo
692 4266 826 4314 aberrasse.
855 4262 926 4325 Quae
944 4261 975 4312 da
992 4264 1102 4329 quinqua
1120 4266 1263 4327 corporibus
1276 4265 1367 4313 ehculo
1385 4263 1512 4325 inscriptis
1524 4258 1589 4326 (Lib.
1603 4260 1628 4308 II

299 4347 369 4397 prop.
387 4330 439 4399 25.)
457 4334 484 4382 in
501 4334 700 4397 'i'ublnpansibne
718 4335 797 4383 literis
814 4334 911 4382 monuit
929 4334 1086 4383 Praestantla
1102 4334 1165 4399 Tua,
1183 4334 1229 4383 illa
1246 4339 1342 4383 mutere
1363 4334 1390 4381 in
1408 4345 1505 4382 summa
1530 4332 1633 4391 aurigae

298 4403 459 4453 testinatione
476 4405 538 4455 mihi
555 4418 606 4454 non
623 4404 671 4453 luit
687 4406 820 4465 integrum.
857 4404 907 4451 Vix
925 4404 991 4452 anim
1009 4409 1048 4453 sat
1064 4406 1182 4466 temporis
1200 4405 1386 4470 relinquebatur
1403 4400 1590 4465 compingendie
1608 4403 1633 4448 at

299 4473 375 4522 linteo
393 4474 522 4524 mouendis
539 4475 592 4524 illia
608 4475 702 4523 truncis
718 4475 816 4542 ligneis,
834 4473 925 4522 nedum
943 4487 1009 4524 uera
1025 4474 1153 4524 schemata
1164 4473 1315 4541 delineandi,
1333 4486 1399 4539 quae
1417 4483 1557 4538 „secenum
1574 4471 1632 4532 pin·

298 4545 380 4605 gantis
397 4549 423 4595 et
440 4546 493 4593 otis
509 4541 662 4611 raqulrunt“,
680 4544 789 4594 utillud
805 4543 958 4594 Ovidianum
978 4544 1019 4594 hio
1042 4546 1104 4594 mihi
1127 4557 1251 4607 usurpem.
1286 4544 1354 4594 Satis
1371 4547 1455 4592 tamen
1474 4542 1507 4590 ad
1524 4545 1632 4590 manum

299 4616 409 4665 auctoris
426 4614 525 4678 depicta
541 4629 595 4665 essa
611 4619 681 4679 puto.

386 4702 433 4752 His
449 4701 522 4750 addit
538 4700 703 4752 Schlckardus
719 4702 812 4763 madae
830 4702 953 4751 maximae
970 4715 1015 4764 pro
1032 4700 1105 4752 libris
1127 4703 1176 4763 ipsi
1201 4702 1265 4750 dono
1284 4700 1349 4749 datis
1367 4713 1384 4748 a
1397 4698 1508 4762 diaplaro
1527 4692 1634 4759 (Stasan-

300 4772 404 4838 matria,
428 4771 633 4835 thamaridibus
650 4777 676 4821 at
692 4768 850 4835 Galandario)
869 4777 894 4821 at
910 4774 947 4821 sic
964 4774 1055 4834 pergit:
1080 4771 1195 4833 hiemini,
1220 4772 1298 4821 Tuam
1315 4769 1498 4819 Praestantiam
1519 4766 1583 4815 mihi
1606 4768 1633 4814 ln

300 4844 456 4892 restitutione
471 4842 601 4905 globorum
618 4842 716 4908 aliquid
732 4843 846 4892 molienti
862 4842 997 4904 adjutrices
1014 4846 1059 4891 aut
1076 4842 1160 4903 potius
1178 4840 1317 4890 directricea
1343 4853 1432 4888 manus
1449 4836 1591 4902 promisisse
1609 4841 1634 4884 at

301 4914 444 4975 catalogum
460 4910 612 4978 reliquarum
629 4914 747 4974 harum,
774 4926 839 4977 quaa
860 4913 887 4960 in
905 4912 1028 4973 Tpcbonis
1050 4911 1311 4973 Progymnaemstibus
1328 4923 1379 4960 non
1396 4913 1508 4969 exstant,
1525 4918 1632 4968 spopon-

301 4981 374 5032 disse.
410 4982 508 5045 Quodsi
524 4983 610 5049 itaqua
627 4982 695 5032 hisce
712 4984 842 5045 promissis
864 4986 942 5031 stares
960 4986 1014 5046 etc,
1038 4987 1103 5031 assat
1119 4982 1293 5043 gratissimum.
1313 5008 1344 5017 —
1363 4979 1474 5029 Tandem
1492 4981 1516 5026 at
1539 4976 1586 5024 boc
1603 4975 1632 5026 P.

300 5052 356 5102 'lua
372 5054 447 5119 aciat,
466 5066 504 5103 me
522 5054 652 5103 occasione
667 5058 768 5102 noemae
785 5050 979 5102 conversationis
998 5050 1029 5099 da
1045 5064 1108 5101 noro
1126 5052 1160 5101 sd
1177 5051 1301 5101 mathesin
1319 5052 1430 5101 animum
1447 5044 1590 5112 applicasse
1608 5049 1633 5093 at

289 5123 396 5177 isthaec
413 5123 504 5188 studia,
521 5135 566 5186 per
582 5123 774 5189 quadriennium
790 5122 840 5172 iera
852 5135 952 5186 prorsus
968 5121 1117 5181 intermissa,
1137 5122 1281 5171 raaumaiesa
1297 5129 1373 5187 atqua
1390 5120 1511 5168 hactenus
1523 5116 1632 5175 meno·

300 5194 390 5242 matria
405 5195 538 5257 praecipua
556 5198 704 5258 occupatum
720 5194 804 5244 inissa.
838 5194 867 5241 ln
884 5192 977 5257 quibus
994 5192 1176 5252 aenigmatibus
1193 5192 1291 5243 utinam
1308 5198 1332 5242 te
1350 5192 1523 5252 coniectorem,
1540 5187 1631 5249 quovis

300 5262 396 5326 Oedipo
415 5263 600 5326 expeditiorem,
616 5264 741 5313 interdum
759 5259 906 5325 compellare
922 5264 1033 5323 possam!
1063 5260 1113 5311 Sed
1130 5263 1204 5311 nimis
1220 5259 1294 5324 longe
1309 5262 1417 5311 invicem
1434 5259 1561 5307 absumus.
1588 5255 1631 5303 ln·

301 5334 373 5382 terim
390 5334 437 5382 hoc
454 5347 530 5382 unum
542 5347 651 5399 quaeror
669 5348 752 5383 annon
770 5334 846 5382 etiam
863 5332 959 5396 absque
976 5332 1075 5380 dunum
1092 5345 1193 5381 canona.
1206 5330 1330 5395 triangula
1347 5328 1410 5379 solvi
1422 5328 1536 5391 possinti
1554 5324 1632 5373 Vide·

300 5408 342 5451 tur
359 5404 425 5452 enim
441 5405 532 5452 misera
549 5418 589 5454 ars
606 5418 672 5471 assa,
695 5418 760 5470 quse
777 5403 845 5452 hisce
862 5397 956 5450 tabulis
972 5414 1068 5463 semper
1084 5400 1187 5464 ludiget,
1203 5406 1279 5467 atqua
1296 5398 1383 5450 infelix
1401 5401 1567 5461 computator,
1587 5394 1632 5458 qni

300 5485 352 5521 non
376 5474 470 5538 ubique
492 5473 525 5522 ad
549 5488 638 5524 manns
660 5475 751 5530 habara
773 5476 855 5536 potest
877 5468 949 5519 illum
974 5484 1100 5521 anonam.
1128 5471 1223 5534 i'scec,
1247 5471 1316 5537 qnod
1337 5468 1472 5518 admodum
1488 5462 1578 5516 servile
1597 5465 1631 5513 sit
1699 5498 1702 5502 -

301 5540 401 5591 (lenone
419 5545 469 5609 uti,
494 5546 565 5605 eujus
582 5550 663 5594 errata
680 5540 712 5609 (si
729 5557 795 5609 quse
806 5544 889 5592 loraan
901 5536 1004 5605 habeat)
1022 5540 1201 5605 deprehendere
1225 5554 1360 5607 nequeam,
1387 5537 1477 5588 nedum
1503 5536 1631 5600 corrigere,

301 5614 400 5662 interim
417 5618 500 5662 tamen
512 5616 666 5664 seeudseime
682 5616 733 5675 ipsi
746 5613 828 5664 edera.
863 5612 891 5662 sl
907 5608 985 5673 plana
1001 5607 1127 5672 magula
1144 5609 1208 5661 solvi
1224 5617 1332 5676 poseant,
1351 5612 1426 5660 etiam
1443 5604 1631 5673 sphaericam-

302 5680 353 5733 bllo
371 5682 499 5734 difficillus
523 5685 662 5748 computari
682 5696 755 5746 possa
778 5682 888 5750 contio,
913 5694 968 5732 cum
989 5680 1023 5731 ad
1044 5678 1092 5733 ills
1111 5681 1292 5733 ndnwmtur.
1328 5680 1377 5733 Sed
1400 5678 1532 5746 planorum
1547 5678 1630 5735 laissa

299 1806 474 1998 ἤτω
493 1839 500 1852 .
520 1838 526 1850 .
546 1838 577 1851 ..
612 1801 749 1851 Academia
773 1803 895 1865 dissipata
917 1809 954 1851 eet
978 1817 1024 1852 nac
1049 1808 1181 1864 supersunt
1202 1817 1233 1851 ex
1256 1805 1321 1851 omni
1344 1816 1444 1851 numero
1468 1801 1635 1851 studiosorum
