3684 7259
312 1226 376 1286 tto
575 1248 579 1255 ¹
780 1216 946 1288 appendicis
964 1217 1188 1275 Harmonieornm

253 1396 257 1408 '
312 1405 342 1458 iu
364 1408 450 1459 cantu
475 1413 543 1456 vero
566 1395 725 1455 secundum
750 1397 838 1471 dnos,
869 1397 948 1474 quod
973 1398 1124 1457 discrimen
1155 1397 1309 1473 diligenter
1332 1396 1476 1456 inculcavi
1507 1397 1583 1455 libro
1604 1394 1659 1457 1v‚·

312 1487 361 1545 iol.
386 1487 456 1544 228.
503 1485 540 1542 Et
569 1482 638 1557 quid
670 1484 792 1542 multis?
837 1485 896 1543 lies
919 1489 984 1561 ipsa
1007 1486 1148 1560 loquitur:
1179 1485 1306 1544 humana
1338 1502 1394 1542 vox
1422 1484 1657 1543 saltibusintcr·

311 1573 392 1633 valla
413 1580 556 1651 permeat,
589 1587 645 1628 non
676 1574 806 1630 tensione
836 1574 992 1645 continua,
1016 1572 1199 1648 planetarum
1221 1582 1317 1631 motus
1351 1590 1386 1630 ex
1414 1572 1555 1631 celeribus
1583 1571 1658 1629 tardi

310 1660 383 1720 fiunt
405 1662 536 1719 tensione
560 1661 706 1730 continua,
731 1677 788 1717 non
811 1659 905 1735 saltu;
937 1678 996 1735 qua
1020 1664 1175 1734 negatione
1200 1660 1316 1719 sublata
1339 1668 1384 1718 est
1406 1662 1500 1717 omnis
1523 1668 1658 1717 mensura

315 1740 490 1825 temporaria
506 1747 666 1804 durationis
682 1746 813 1828 ejusdem
829 1748 996 1806 celeritatis.
1041 1746 1119 1819 Hoc,
1146 1748 1200 1807 hoc
1226 1765 1314 1805 unum
1337 1755 1396 1820 est,
1420 1746 1557 1819 Roberte,
1582 1746 1659 1821 quod

315 1836 401 1895 velim
430 1838 459 1892 in
489 1835 618 1902 divinam
643 1834 749 1908 ingenii
782 1836 822 1891 tui
854 1839 912 1892 rim
942 1836 1068 1909 penitius
1092 1853 1155 1894 esse
1181 1837 1372 1907 transfusum
1403 1834 1519 1892 videres
1551 1836 1657 1904 statim

312 1941 399 1999 qnam
421 1924 637 2000 impertinenter
660 1928 862 1995 comparentur
884 1925 958 1981 inter
980 1940 1011 1980 se
1036 1933 1180 2000 tempora,
1210 1921 1337 1997 periodis
1360 1919 1544 1997 planetarum
1576 1923 1659 1979 attri-

312 2011 392 2070 buta.
437 2009 583 2084 Tempora
605 2009 681 2065 euim
705 2008 777 2065 nihil
799 2016 866 2066 sunt
889 2012 944 2068 nisi
967 2025 1118 2083 numerus,
1149 2028 1202 2068 nce
1226 2018 1392 2068 mensurant
1420 2026 1454 2067 ea
1478 2008 1658 2066 durationem

312 2099 462 2157 uniformis
484 2114 535 2175 per
558 2101 654 2170 partes
677 2103 790 2166 motns;
813 2096 922 2155 satieris
939 2097 995 2167 hic,
1018 2097 1154 2169 Roherte,
1177 2100 1375 2172 tenaciusque,
1400 2113 1487 2171 quam
1506 2094 1575 2154 huic
1591 2113 1659 2170 spe-

312 2185 453 2245 culationi
483 2183 641 2251 conducat,
674 2182 816 2241 adhaeres
839 2184 1044 2259 aequabilitati
1076 2196 1222 2255 motuum,
1256 2202 1344 2260 quam
1367 2183 1454 2241 tradit
1483 2185 1659 2242 astronomia

312 2281 415 2346 vetus3
438 2272 585 2342 hinc'est,
610 2270 688 2343 quod
711 2270 887 2328 celeritatem
911 2272 1053 2346 cujusque
1076 2274 1215 2330 aestimas
1237 2290 1271 2330 ex
1295 2281 1423 2347 tempore
1448 2269 1570 2343 reditus,
1602 2287 1657 2329 non

312 2362 400 2435 igitur
423 2376 536 2417 mecum
559 2360 588 2413 in
611 2356 707 2431 globis
733 2360 802 2432 ipsis
826 2357 1023 2432 planetarum,
1053 2359 1105 2417 sed
1129 2377 1198 2420 curn,
1215 2361 1403 2433 scriptoribus
1433 2357 1610 2425 theoriarnm
1633 2366 1659 2415 et

312 2442 378 2506 eum
401 2444 559 2504 Aristotele
583 2446 610 2500 in
636 2448 817 2502 comentrico
843 2449 975 2518 versaris,
1000 2450 1051 2521 qni
1073 2446 1215 2522 cujusque
1238 2445 1373 2521 planetae
1395 2453 1526 2521 systema
1549 2445 1657 2503 claudit

312 2535 439 2593 exterius
467 2533 614 2607 vehitque.
661 2532 751 2606 Atqui
784 2541 845 2589 toto
875 2534 918 2591 sic
948 2543 1058 2591 erratur
1086 2534 1184 2605 coelo;
1216 2533 1365 2607 rejiciendi
1391 2540 1465 2590 sunt
1491 2550 1527 2591 ex
1561 2535 1656 2590 animo

302 2622 404 2680 ¹tictitii
433 2621 533 2692 orbes,
567 2618 800 2695 amplectendum
829 2636 863 2676 ex
891 2619 959 2678 libri
987 2624 1042 2679 mei
1069 2619 1103 2677 V.
1134 2624 1229 2695 capite
1254 2623 1281 2677 3.
1306 2623 1423 2679 axioma
1447 2620 1476 2678 6.
1508 2618 1558 2677 tol.
1585 2621 1656 2690 278,

311 2726 369 2767 non
393 2710 462 2782 quia
486 2707 514 2764 id
537 2708 653 2764 axioma
676 2723 772 2763 rneum
795 2712 848 2777 est,
871 2707 923 2764 sed
947 2710 1017 2783 qnia
1038 2709 1114 2766 ratio
1138 2710 1297 2767 certissima
1320 2707 1490 2766 coelestium
1514 2706 1656 2765 observa-

312 2798 424 2861 tionum
447 2794 483 2852 ad
508 2792 635 2852 calculos
659 2800 797 2851 revocata
820 2793 855 2850 de
878 2796 1031 2869 ipsissimis
1055 2794 1236 2870 planetarum
1259 2796 1428 2871 corporibus
1446 2802 1580 2865 testatur,
1607 2811 1657 2851 ve-

310 2900 374 2941 rum
405 2900 470 2941 esse
499 2883 625 2939 axioma.
672 2880 768 2955 Quare
801 2882 855 2952 etsi
883 2882 956 2939 nihil
987 2882 1071 2959 plane
1105 2882 1242 2942 dixissem
1276 2885 1304 2939 in
1328 2882 1521 2957 explicatione
1553 2889 1655 2938 cantus

297 2969 430 3028 -humani
452 2969 488 3027 de
510 2971 652 3026 mensuris
674 2978 844 3044 temporum,
868 2967 964 3026 nullus
988 2970 1055 3028 hinc
1078 2987 1155 3028 error
1178 2973 1207 3028 in
1229 2971 1335 3028 librum
1351 2970 1386 3028 V.
1412 2972 1499 3043 inque
1523 2977 1655 3027 coutem-

311 3055 491 3134 perationem
513 3063 644 3114 motuum
667 3055 836 3114 coelestium
859 3055 1056 3115 harmonicam
1079 3057 1262 3119 redundaret.

399 3143 450 3200 Ad
473 3142 656 3219 Analysin
681 3142 732 3200 VI.
778 3142 842 3200 Non
866 3142 947 3201 solus
970 3161 1040 3219 ego,
1073 3144 1216 3216 lieberto,
1248 3145 1369 3202 minima
1401 3141 1557 3200 interualla
1588 3158 1658 3217 pro·

311 3232 449 3290 nunciavi
472 3230 607 3302 dissona,
638 3230 710 3288 dixit
732 3228 809 3287 idem
837 3240 905 3288 ante
928 3250 974 3288 me
996 3231 1190 3298 Ptolemaeus
1215 3248 1263 3292 om
1320 3301 1323 3308 Ι
1357 3228 1477 3302 ο,αάεο
1501 3232 1656 3306 scriptores

312 3318 481 3377 harmonici.
528 3317 602 3376 Vide
631 3315 795 3375 ne‘irustra
822 3324 850 3375 te
874 3317 1035 3393 profitearis
1066 3330 1239 3378 assertorem
1261 3245 1464 3398 macrum,
1497 3324 1529 3374 ut
1561 3327 1659 3375 eontra

314 3421 388 3482 quos
411 3406 459 3463 hic
481 3405 556 3463 ultro
580 3422 704 3481 pugnas.
1297 3417 1327 3432 ¹*

393 3491 457 3551 'Sed
487 3492 600 3568 explica
630 3499 680 3550 tua
709 3492 853 3548 contraria
879 3500 1059 3565 argumenta.
1119 3490 1147 3570 l)
1175 3493 1289 3564 Torius,
1313 3492 1377 3563 ais,
1415 3497 1485 3548 tono
1517 3497 1659 3549 maroam

313 3597 407 3654 oeque
429 3587 593 3653 temperato
616 3580 658 3636 od
679 3569 852 3637 annonam.
897 3577 989 3636 Ludis
1020 3581 1278 3654 aequivocatione,
1310 3591 1396 3637 tonus
1419 3576 1467 3635 hic
1498 3578 1551 3635 tihi
1586 3576 1658 3639 idem

315 3676 360 3724 est
387 3666 466 3742 quod
496 3684 600 3738 sonus,
634 3667 772 3724 terminus
801 3682 853 3739 pro
886 3665 1049 3724 intervallo.
1096 3667 1169 3725 Cum
1198 3667 1272 3725 duae
1304 3663 1429 3725 chordae
1459 3664 1572 3722 lacittnt
1591 3666 1660 3721 ‘uni-

317 3767 439 3825 sonum,
463 3752 648 3812 intervallum
672 3753 720 3810 hic
743 3752 855 3810 nultum
878 3761 922 3810 est
946 3769 1040 3829 eoque
1063 3770 1120 3812 non
1145 3763 1242 3831 potest
1265 3753 1321 3812 dici
1344 3762 1445 3823 tonus;
1474 3759 1562 3809 tonus
1585 3754 1660 3811 enim

316 3850 362 3898 est
384 3858 473 3899 unum
505 3858 539 3900 ex
568 3839 738 3898 intervallis.
785 3840 824 3896 At
853 3839 1012 3899 harmonici
1042 3847 1142 3900 tonurn
1166 3843 1315 3900 dissonum
1341 3840 1444 3898 dieunt
1466 3838 1659 3910 intervallum,

316 3928 400 4003 cujus
431 3928 506 3986 dnae
535 3945 639 4000 voces,
673 3938 742 3986 tono
772 3927 929 3998 distantes,
961 3930 1034 3986 inter
1061 3947 1092 3988 se
1117 3929 1276 3988 dissonant.
1322 3931 1356 4003 2)
1380 3926 1581 3986 Semitonium
1605 3926 1662 3983 ad·

313 4014 411 4073 ditum
440 4016 607 4073 harmoniis
635 4015 793 4073 amentiis
818 4015 894 4089 facit
924 4015 1020 4072 oliam
1048 4016 1244 4077 harmoniam
1251 4038 1262 4090 ,·
1300 4005 1464 4074 consortum
1496 4016 1593 4087 igitur
1623 4021 1662 4070 ert

313 4104 519 4161 intewollum.
564 4102 715 4174 Effectum,
739 4100 875 4173 Roherte,
899 4118 957 4159 non
979 4111 1056 4160 recte
1080 4104 1247 4162 consideras
1270 4120 1321 4178 pro
1339 4118 1435 4161 causa.
1483 4098 1558 4158 Sunt
1573 4104 1662 4158 inter·

312 4189 393 4248 valla
416 4193 622 4248 consonantias
645 4188 870 4262 distinguentia,
902 4206 1002 4264 aquo
1026 4190 1121 4249 officio
1140 4192 1304 4261 concinna,
1328 4187 1450 4263 ἐμμελη,
1475 4186 1531 4245 dici
1555 4187 1660 4260 solent,

315 4284 345 4334 at
368 4293 425 4335 non
449 4294 587 4350 consona,
611 4298 761 4353 συμφωνα.
810 4275 917 4334 Moneo
941 4277 1079 4336 lectorem
1095 4289 1200 4350 metim,
1225 4296 1261 4338 ne
1283 4277 1330 4335 hic
1345 4284 1373 4336 te
1389 4275 1498 4347 audiat,
1522 4277 1573 4349 qni
1590 4292 1661 4333 eon·

213 4396 220 4431 2
315 4364 459 4423 lusionem
484 4364 548 4421 vult
571 4367 674 4437 vitare,
699 4363 768 4421 dnm
792 4379 868 4438 qnae
891 4373 959 4421 sunt
981 4365 1092 4438 eadem,
1116 4373 1146 4424 tu
1172 4369 1333 4442 promiscue
1356 4372 1385 4423 et
1403 4379 1532 4421 consona
1556 4362 1661 4438 appel·

315 4449 360 4509 las
384 4460 412 4509 et
435 4447 610 4527 dissona.⁸³)
1400 4514 1403 4527 ,

405 4537 454 4596 Ad
478 4538 671 4615 Analysin
696 4537 763 4595 VII.
810 4536 971 4596 Causarum
993 4554 1053 4596 una
1068 4547 1120 4596 *est
1141 4538 1242 4615 procul
1257 4538 1370 4615 dubio,
1398 4554 1447 4595 eur
1469 4538 1571 4612 praxin
1596 4554 1661 4598 tnu-

316 4626 395 4682 sicae
425 4629 643 4702 compositionis
671 4643 728 4683 non
758 4626 918 4700 attigerim,
952 4624 1029 4699 quod
1058 4628 1113 4684 sim
1137 4626 1199 4701 ejus
1221 4628 1339 4701 ignarus
1370 4633 1398 4683 et
1427 4626 1456 4679 in
1486 4624 1543 4681 hoc
1574 4641 1661 4700 opere

317 4712 533 4772 inexercitatus.
578 4713 621 4769 Ex
653 4714 759 4788 quibus
790 4720 884 4771 tamen
916 4721 947 4770 tu
977 4714 1166 4786 stipmotihus
1198 4731 1326 4787 opernm
1355 4729 1491 4770 meorum
1521 4710 1577 4769 hoc
1599 4714 1661 4770 sine

314 4816 380 4857 mea
403 4801 584 4858 confessione
606 4799 776 4875 probassisi
819 4799 900 4858 Cedo
931 4800 1091 4858 cantilenas
1114 4799 1336 4876 aPythagora‚
1370 4798 1560 4870 Ptolemaeo,
1586 4798 1661 4857 Por·

154 4938 158 4949 .
212 4900 219 4910 “
316 4886 422 4964 phyrio
446 4890 634 4964 compositas.
679 4888 724 4945 An
750 4888 837 4960 igitur
867 4894 896 4945 et
918 4885 973 4944 hos
1002 4886 1156 4946 atheoria
1179 4885 1317 4963 repellis?
1363 4884 1540 4944 Omisellos
1563 4885 1661 4960 philo·

316 4973 434 5049 sophos,
459 4977 507 5050 qni
532 4975 568 5034 de
591 4978 746 5033 creationis
770 4992 856 5048 opere
879 4974 1095 5050 speculationes
1117 4992 1185 5033 suas
1209 4974 1383 5045 obtrudunt,
1408 4990 1473 5031 cum
1497 4975 1660 5032 creaverint

317 5063 373 5137 ipsi
397 5058 530 5135 nihilii')
575 5062 693 5122 Scilicet
715 5064 802 5121 etiarn
827 5064 854 5118 in
879 5061 980 5132 oeulis,
1004 5063 1092 5118 etiam
1115 5064 1144 5119 in
1160 5053 1338 5138 experientia
1359 5063 1454 5136 operis
1468 5058 1557 5119 alieni
1572 5060 1661 5119 hahet

317 5165 403 5206 suum
432 5148 544 5208 theoria
574 5150 746 5208 subsidium.
792 5150 837 5206 De
867 5157 962 5206 cetero
994 5150 1114 5222 ignosco
1148 5151 1300 5207 acerbitati
1325 5156 1392 5206 tuae
1424 5150 1452 5203 in
1477 5146 1661 5206 assumendis

317 5237 390 5294 meis
414 5237 668 5295 extenuationibns
696 5236 912 5310 augendisque3
947 5237 1055 5310 quippe
1082 5237 1223 5311 scripsisti
1253 5240 1352 5295 iratus.
1397 5234 1442 5293 Tu
1466 5234 1598 5309 quidem,
1631 5242 1660 5293 ut

317 5322 364 5381 hic
395 5330 423 5381 et
452 5326 481 5380 in
513 5326 710 5401 superioribus
741 5332 874 5398 apparet,
908 5326 1005 5397 magni
1035 5324 1107 5381 tacis
1130 5326 1330 5400 proportiones
1360 5324 1447 5381 etiam
1470 5321 1554 5394 illas,
1587 5338 1659 5397 quas

318 5408 450 5469 homines
473 5414 502 5468 in
525 5413 602 5470 notis
624 5412 743 5470 musicis
766 5413 993 5483 constituerunt,
1022 5410 1122 5486 qualia
1145 5410 1228 5488 plura
1247 5410 1324 5469 libro
1347 5426 1412 5469 meo
1436 5408 1488 5466 1v.
1511 5410 1561 5467 sol.
1588 5410 1659 5482 228,

269 5561 277 5577 .
318 5513 395 5571 quae
419 5506 575 5557 certenon
598 5498 664 5559 ideo
687 5499 887 5574 probaesnnt
910 5501 1125 5575 proportiones,
1155 5500 1304 5574 quianon
1328 5500 1369 5556 ita
1398 5495 1588 5568 multisante
1612 5513 1659 5555 se·
1711 5514 1716 5524 ·

319 5578 391 5642 culis
421 5605 439 5644 a
463 5585 597 5645 Gnidoue
621 5589 721 5645 Aretio
753 5588 897 5661 sociisque
927 5594 994 5644 sunt
1022 5585 1132 5645 electae
1162 5586 1199 5644 ad
1228 5593 1344 5645 cantum
1372 5582 1574 5660 scribendum,
1608 5582 1660 5643 sed

319 5672 388 5749 quia
410 5674 559 5732 imitantur
580 5671 640 5733 alis
662 5669 807 5748 quaedam
828 5681 951 5733 naturae
973 5689 1026 5732 seu
1049 5673 1106 5733 Dei
1128 5675 1264 5734 creatoris
1287 5689 1384 5750 opera.
