3684 7259
225 1161 286 1236 124
653 1152 696 1207 De
714 1153 936 1222 Propertionibus
953 1153 1131 1211 Harmoniae.

222 1330 301 1435 gulis
324 1330 436 1408 aliquot
466 1346 523 1392 non
547 1329 701 1390 admittant
724 1330 883 1407 deinceps?
927 1330 1117 1409 Respondes,
1141 1348 1264 1407 causam
1285 1330 1362 1390 banc
1384 1346 1463 1403 esso,
1487 1326 1568 1407 qnod

223 1419 325 1480 tertiae
347 1417 393 1477 vel
417 1425 532 1498 sextae,
564 1435 595 1476 se
618 1426 718 1477 mutuo
743 1426 953 1494 consequentes
976 1418 1145 1494 altitudine,
1168 1422 1226 1479 sint
1254 1418 1426 1495 plerumque
1448 1434 1572 1476 revera

154 1517 156 1522 '
224 1506 366 1581 diversae,
389 1522 448 1563 nna
469 1504 571 1579 major,
594 1502 687 1563 altera
709 1508 818 1578 minor;
841 1513 870 1565 et
892 1508 1028 1582 quamvis
1050 1507 1195 1566 interdum
1219 1506 1294 1565 duae
1317 1507 1421 1565 tertias
1443 1507 1572 1565 minores

144 1660 147 1666 ¹
224 1589 353 1673 'proxime
376 1600 592 1668 consequantur
614 1594 755 1666 invicem,
785 1602 853 1656 sunt
882 1600 980 1652 tamen
1003 1596 1138 1653 minimae
1169 1596 1377 1654 consonantiae
1407 1599 1438 1651 et
1459 1594 1570 1668 imper·

224 1682 327 1741 lectae.
371 1678 466 1738 (lanat
489 1681 564 1737 enim
587 1679 697 1754 primns
725 1678 770 1755 Ut,
794 1679 847 1754 ne,
871 1678 927 1755 dii,
950 1680 1014 1755 Fa,
1044 1680 1189 1741 secundus
1211 1680 1314 1740 iisdem
1337 1680 1483 1760 temporis
1497 1681 1572 1737 arti·

222 1766 297 1833 culis
319 1764 373 1840 lta,
398 1762 457 1840 aa,
482 1763 543 1838 Sol,
569 1765 624 1839 la,
648 1774 773 1842 quatuor
794 1784 826 1825 se
849 1778 950 1827 mutuo
973 1776 1188 1845 consequuntur
1203 1770 1313 1840 tertiae,
1336 1783 1458 1842 quarum
1474 1768 1570 1842 prima

229 1851 275 1929 Ut,
299 1843 344 1913 Mi
366 1861 410 1913 est
432 1852 540 1929 maJor,
571 1852 700 1912 secunda
721 1853 780 1927 ne,
809 1850 859 1914 Fa
882 1863 911 1912 et
934 1857 1018 1914 tertia
1041 1855 1101 1929 Mi,
1128 1857 1179 1916 Sol
1201 1864 1269 1914 sant
1290 1856 1433 1926 minores,
1462 1861 1569 1928 quarta

185 2006 191 2016 ,
223 1935 282 2016 Fa,
306 1938 353 2000 Lo
374 1957 487 2000 rursum
509 1948 554 1998 est
575 1940 676 2016 major.
719 1940 911 2000 Econtrario
941 1951 1061 2017 quartae
1090 1960 1190 2003 omnes
1220 1941 1363 2001 habentur
1392 1939 1485 2015 vulgo
1514 1956 1570 2016 pro

222 2026 384 2087 intervallis
414 2024 622 2105 magnitudinis
651 2024 796 2103 ejusdem,
831 2035 864 2086 ut
891 2036 919 2086 et
948 2030 1066 2105 quintae
1095 2037 1124 2089 et
1151 2030 1244 2089 multo
1279 2032 1405 2087 maxime
1432 2037 1571 2087 octavae.

221 2114 327 2194 ltaque
363 2116 388 2173 si
417 2114 473 2173 bae
503 2115 647 2192 perlectae
676 2113 900 2175 concordantias
933 2115 1031 2192 plures
1065 2116 1197 2193 ejusdcm
1225 2117 1333 2191 speciei
1368 2114 1571 2174 ordinarentur

210 2199 370 2276 deinceps,
393 2199 545 2260 altitudine
569 2200 742 2275 differentes,
765 2211 868 2260 cantus
890 2206 1088 2261 consonantiis
1113 2206 1210 2263 varius
1234 2219 1290 2260 non
1314 2210 1402 2261 esset.
1464 2256 1469 2262 .

309 2287 366 2348 Sed
390 2289 450 2347 alia
471 2288 628 2364 praecipua
651 2305 741 2347 causa
764 2289 898 2366 impedit,
921 2292 1038 2364 quintas
1062 2290 1175 2366 aliquot
1198 2290 1298 2350 ordina
1324 2292 1354 2348 in
1376 2288 1471 2347 altum
1493 2289 1569 2359 cani,

139 2452 141 2455 v
225 2392 300 2453 qnae
322 2392 379 2435 uon
404 2375 525 2450 impedit
554 2378 618 2434 cani
641 2383 777 2450 octavam
809 2374 844 2435 ds
867 2391 926 2452 quo
955 2377 1152 2452 quaerendum
1175 2379 1229 2436 sibi
1259 2382 1374 2453 putavit
1395 2374 1571 2436 Aristoteles

224 2465 255 2521 in
276 2462 520 2540 problematibus:
553 2480 603 2521 cur
625 2462 811 2522 modulentur
833 2471 954 2523 octavas
977 2460 1075 2544 (verbi
1099 2482 1202 2538 causa,
1231 2481 1325 2523 mares
1355 2479 1421 2521 cum
1445 2462 1569 2533 leminis,

223 2550 278 2609 viri
302 2566 366 2608 curn
388 2545 516 2630 pueris),
541 2552 656 2626 quintas
680 2558 709 2610 et
732 2561 850 2626 quartas
872 2567 930 2609 non
953 2551 1160 2611 modulentur?
1205 2550 1302 2610 Causa
1324 2552 1411 2625 igitur
1425 2549 1501 2610 haec
1516 2559 1570 2623 est,

129 2708 136 2723 θ
223 2636 303 2714 quod
326 2654 391 2698 cnm
414 2636 489 2695 duae
512 2639 615 2697 tertiae
644 2637 753 2695 iaciant
781 2639 1002 2696 consonantiam
1025 2638 1177 2715 diapente,
1209 2638 1284 2697 duas
1314 2645 1439 2696 octavae
1461 2653 1571 2696 conso-

168 2758 170 2761 ·
224 2726 354 2783 nantiam
376 2722 578 2799 disdiapason,
609 2734 709 2782 contra
731 2722 806 2783 duae
830 2726 949 2799 quintas
972 2726 1081 2785 iaciunt
1103 2742 1224 2800 nonam,
1255 2725 1475 2800 duae-quartae
1497 2741 1570 2799 ssp-

223 2813 332 2884 timam,
355 2803 510 2871 intervalla
534 2810 661 2869 dissona.
706 2811 772 2869 Vox
795 2828 863 2887 ergo
886 2811 945 2870 illic
967 2830 1019 2887 per
1041 2816 1247 2873 consonantias
1270 2818 1443 2872 convasat
1467 2813 1571 2870 tertias

224 2897 377 2959 decurrens
411 2896 572 2972 aequaliter
601 2906 699 2957 manet
731 2900 759 2955 in
790 2907 860 2957 tono
887 2916 941 2958 sen
969 2898 1074 2969 modo,
1104 2900 1265 2965 observans
1294 2898 1416 2958 eandem
1439 2899 1570 2973 speciem

248 2977 250 2988 '
291 3002 361 3058 vae;
388 2984 437 3043 hic
463 2986 488 3042 si
510 3001 561 3060 per
583 2986 718 3060 aequalia
747 2985 896 3059 decurrat,
929 2986 1047 3046 modum
1075 2987 1123 3046 vel
1153 2996 1255 3047 tonum
1283 2994 1376 3046 mutat
1407 2986 1570 3061 insigniter,

185 2988 316 3180 σι
326 3080 371 3131 est
392 3078 493 3131 contra
515 3069 719 3131 definitionem.

311 3157 362 3218 VL
387 3158 470 3217 Circa
494 3156 636 3218 deiectum
664 3160 934 3218 concordantiarum
965 3159 1065 3236 aliqua
1094 3162 1182 3219 etiam
1208 3169 1275 3219 sunt
1299 3158 1444 3232 notandaJ
1475 3161 1571 3254 primo

224 3245 332 3324 qnod'
325 3263 355 3302 ιιι
376 3263 481 3321 genera
503 3263 612 3321 magna
634 3246 788 3305 intervalla
809 3263 931 3322 magnos
961 3249 1106 3305 animim
1079 3256 1174 3306 motus
1201 3249 1363 3324 exprimant
1385 3242 1464 3326 (ut
1457 3262 1486 3302 m
1511 3232 1570 3303 illis

225 3331 405 3392 Οιιιιιιάἰιίιι
441 3331 497 3392 Ubi
518 3340 560 3391 ccc
581 3334 651 3393 Abel
674 3344 717 3393 et.
750 3333 854 3392 lintis
875 3342 916 3392 cet
939 3338 1046 3393 aalma
1069 3330 1168 3415 mco),
1196 3352 1288 3410 parva
1315 3343 1344 3393 et
1372 3334 1446 3405 atta,
1477 3333 1569 3406 laeta,

226 3419 348 3478 humilia
369 3428 399 3479 ct
419 3437 526 3497 parva,
550 3421 651 3479 tristia.

311 3506 424 3566 Deinde
448 3524 513 3565 curn
536 3514 637 3567 cantus
659 3508 845 3567 harmonicus
867 3507 1037 3583 plerumque
1061 3506 1203 3566 desinat·⁸
1196 3525 1224 3564 ιιι
1240 3506 1512 3580 identisonantiam,
1536 3514 1569 3563 nt

226 3585 315 3671 igliur
332 3611 474 3670 magnum
498 3590 567 3681 (pro
589 3595 744 3673 hypothesi
768 3589 879 3677 textus)
903 3594 1111 3655 intervallum
1104 3612 1132 3651 ιιι
1148 3593 1204 3654 line
1220 3594 1456 3670 complectamur,
1479 3609 1572 3670 opor-

227 3688 270 3740 tet
298 3698 356 3740 non
384 3682 502 3741 bassum
531 3689 642 3740 tantum
672 3681 861 3755 descendere,
896 3679 949 3740 sed
978 3683 1064 3741 etiarn
1095 3679 1271 3754 discentum,
1308 3690 1409 3740 contra
1436 3688 1572 3740 naturam

226 3765 343 3826 finiendi
366 3776 494 3848 cantum,
517 3769 681 3841 ascendere,
704 3771 865 3829 imitatione
886 3767 1047 3827 fistularum
1072 3775 1101 3827 et
1123 3768 1294 3827 chordarum
1315 3767 1476 3845 panduraa.
1513 3767 1572 3826 Αι-

227 3872 284 3931 quc
311 3850 380 3916 tunc
408 3856 455 3915 vel
479 3857 604 3915 manime
634 3858 767 3916 enitescit
795 3857 840 3913 ris
869 3856 1031 3929 semitonii,
1060 3858 1150 3931 priori
1179 3858 1274 3931 capito
1301 3855 1461 3931 explicata,
1491 3854 1572 3929 qnod

225 3941 366 4002 naturalis
390 3953 419 4002 et
441 3940 602 4001 ordinarius
625 3943 689 4002 finis
713 3945 856 4002 cautionis
878 3961 930 4018 per
945 3959 1098 4002 ascensum
1119 3946 1220 4002 amat
1214 3961 1242 4000 ιιι
1258 3943 1314 4002 fine
1330 3957 1465 4021 superare
1480 3944 1572 4001 semi-

227 4031 347 4101 tonium,
370 4032 398 4087 in
423 4031 458 4088 iis
481 4030 598 4106 quidem
621 4034 713 4104 tonis,
738 4032 787 4108 qui
811 4047 868 4088 ιοιι
892 4030 1002 4089 babent
1023 4030 1210 4091 semitonium
1234 4032 1363 4108 proxima
1385 4046 1504 4106 supra
1490 4027 1572 4098 radi·

227 4135 289 4177 cern
310 4134 381 4176 suae
404 4124 535 4177 octavae

316 4202 414 4265 Tertio
442 4222 614 4285 ·s.3„·,;;·n
647 4204 766 4281 dignum
789 4205 902 4263 censuit
934 4202 1102 4279 Galilaeus,
1140 4221 1191 4263 cur
1213 4204 1349 4281 diapente
1372 4201 1571 4280 epidiapason

226 4290 385 4367 jucundius
418 4308 453 4349 ι
510 4290 560 4361 ts,
577 4310 636 4366 am
665 4291 800 4368 diapente
830 4290 968 4367 simplex,
1002 4299 1031 4351 et
1060 4293 1103 4350 sic
1126 4300 1336 4367 corasequenter
1370 4306 1485 4366 semper
1512 4307 1573 4361 upa

230 4378 381 4438 harmonia
403 4380 458 4436 sit
486 4444 491 4459 Ι.
508 4381 522 4395 “
571 4398 616 4437 ..ι
639 4378 718 4438 alia?
764 4378 890 4452 Causas,
913 4396 987 4456 quas
1009 4380 1073 4455 ipsc
1095 4377 1202 4452 attulit,
1224 4395 1283 4437 non
1305 4386 1349 4437 est
1371 4369 1477 4454 operae
1500 4394 1573 4439 exa·

229 4465 348 4539 minare,
373 4484 439 4525 cum
467 4490 516 4518 ··.·
534 4459 536 4464 ’
553 4484 601 4526 rae
625 4476 654 4526 et
676 4468 802 4526 incertas
825 4468 892 4524 sint.
937 4466 980 4525 Ex
1003 4467 1076 4526 meis
1099 4482 1167 4525 vero
1188 4467 1338 4567 principiis
1354 4481 1461 4525 musae
1483 4464 1573 4540 bujus

229 4554 271 4612 rei
292 4561 433 4631 apparent
455 4552 643 4613 clarissimae
688 4553 763 4613 Nam
786 4556 856 4630 quia
877 4569 930 4630 per
952 4555 1112 4613 ariomai.
1135 4555 1239 4630 capitis
1253 4554 1337 4630 primi
1352 4551 1461 4628 gradus
1475 4554 1573 4612 scien-

190 4641 298 4736 tiae,
322 4640 427 4716 quibus
452 4640 587 4700 differunt
608 4641 682 4699 inter
704 4659 736 4700 se
759 4641 852 4699 latera
874 4640 1039 4727 figurarum,
1062 4639 1309 4715 transplantaretur
1328 4642 1417 4710 etiarn
1440 4641 1468 4697 in
1493 4642 1573 4716 ipsas

190 4696 440 4806 proportiones,
464 4728 622 4827 figurarum
644 4727 775 4802 soboles,
800 4723 1026 4788 consentaneum
1045 4725 1179 4804 equidem
1202 4729 1415 4800 natatoriam
1438 4725 1480 4784 illi
1503 4743 1573 4804 gra·

231 4814 295 4890 dus,
318 4816 424 4892 quibus
448 4794 564 4875 distant
580 4824 610 4875 ct
630 4817 722 4892 partis
744 4816 843 4875 circuli
867 4824 896 4874 et
918 4814 1025 4875 residui
1049 4814 1264 4888 demonstratio,
1288 4813 1486 4873 discriminent
1501 4818 1574 4876 sua'·

191 4903 352 4983 ritatem
380 4909 409 4962 et
436 4904 527 4979 partis
555 4910 585 4962 et
614 4904 729 4961 residui.
765 4902 852 4984 Ergo
883 4919 959 4979 quae
987 4902 1154 4962 barmoniae
1185 4903 1313 4960 existunt
1335 4900 1500 4964 immediate
1522 4918 1575 4979 per

231 4992 324 5068 ipsam
347 4991 505 5051 sectionem
528 4988 637 5067 circuli,
659 4991 798 5067 quaene.¹
821 4998 889 5049 sunt
911 4991 985 5048 inter
1008 4997 1100 5049 totum
1124 4998 1155 5049 et
1175 4996 1287 5065 partem
1309 4991 1476 5063 rescissem,
1504 5006 1574 5065 per·
1635 4985 1641 4998 '

231 5078 363 5137 lectiores
397 5085 425 5136 et
444 5075 634 5151 jucundiores
662 5086 730 5135 sunt
757 5079 807 5150 iis,
842 5085 1013 5156 quaesunt
1040 5072 1113 5136 inter
1136 5075 1282 5136 residuum
1305 5084 1333 5135 et
1354 5083 1464 5148 totum,
1495 5093 1574 5152 qnae

232 5163 347 5223 demum
370 5156 593 5223 densantnr'sx
615 5165 760 5241 prioribus
789 5182 854 5246 por
863 5162 1070 5223 admixtionem
1092 5163 1383 5223 identisonantiarum
1414 5181 1451 5223 ex
1473 5163 1573 5224 biscc·

231 5253 310 5311 tione
332 5253 381 5313 rel
403 5250 599 5327 duplicatione
621 5252 801 5311 chordarum.
847 5249 896 5311 Sic
923 5246 957 5331 ¹3!
979 5252 1088 5328 primas
1115 5258 1208 5325 tenet,
1241 5259 1285 5310 est
1307 5252 1395 5326 igitur
1414 5249 1575 5328 jucundior

232 5355 321 5460 quam
343 5335 396 5421 ἎΙ,
427 5346 457 5397 et
483 5331 519 5421 1ΙΒ
541 5356 629 5416 quam
652 5334 707 5422 U„
738 5347 768 5398 ct
794 5333 833 5419 ¹),
856 5355 944 5415 quam
967 5333 1020 5420 ⁴l„
1053 5348 1083 5397 et
1109 5332 1144 5419 Ἰ4
1167 5355 1255 5415 quarn
1278 5333 1330 5418 ³l4,
1361 5345 1391 5397 st
1418 5336 1461 5419 ΙΙΙ,
1484 5354 1573 5412 quam

233 5419 284 5508 Ἃ,
308 5432 337 5487 et
361 5382 402 5504 3Ι8
425 5442 513 5500 quam
536 5422 585 5507 Ι.
628 5425 714 5487 Prius
737 5428 813 5486 enim
835 5443 903 5502 pars
924 5424 956 5485 tit
979 5441 1107 5489 consona
1123 5442 1179 5502 per
1194 5443 1226 5484 sa
1249 5426 1353 5500 ipsam,
1374 5441 1434 5484 non
1454 5432 1574 5501 propter

233 5511 399 5596 residuum,
421 5514 566 5589 posterius
589 5521 619 5573 et
641 5515 684 5572 sic
705 5492 899 5591 imperfectius
921 5511 1068 5597 residuum
1091 5510 1303 5572 demonstratur
1321 5528 1387 5572 csse
1401 5528 1573 5583 consonum,

230 5581 341 5661 ιιίιῐιιι
361 5607 478 5680 propter
499 5607 612 5677 partem
633 5603 744 5661 eornm
767 5600 814 5662 vel
835 5599 970 5659 alienam.

86 3315 106 3356 lb
